[
    {
        "date": "2012-01-31", 
        "operating_revenue": 33305, 
        "accumulated_operating_revenue": 33305, 
        "long_term_average": 33305, 
        "short_term_average": 33305
    }, 
    {
        "date": "2012-02-29", 
        "operating_revenue": 44333, 
        "accumulated_operating_revenue": 77638, 
        "long_term_average": 38819, 
        "short_term_average": 38819
    }, 
    {
        "date": "2012-03-31", 
        "operating_revenue": 51095, 
        "accumulated_operating_revenue": 128733, 
        "long_term_average": 42911, 
        "short_term_average": 42911
    }, 
    {
        "date": "2012-04-30", 
        "operating_revenue": 40740, 
        "accumulated_operating_revenue": 169473, 
        "long_term_average": 42368, 
        "short_term_average": 45389
    }, 
    {
        "date": "2012-05-31", 
        "operating_revenue": 39968, 
        "accumulated_operating_revenue": 209441, 
        "long_term_average": 41888, 
        "short_term_average": 43934
    }, 
    {
        "date": "2012-06-30", 
        "operating_revenue": 44830, 
        "accumulated_operating_revenue": 254271, 
        "long_term_average": 42378, 
        "short_term_average": 41846
    }, 
    {
        "date": "2012-07-31", 
        "operating_revenue": 35409, 
        "accumulated_operating_revenue": 289680, 
        "long_term_average": 41382, 
        "short_term_average": 40069
    }, 
    {
        "date": "2012-08-31", 
        "operating_revenue": 36121, 
        "accumulated_operating_revenue": 325801, 
        "long_term_average": 40725, 
        "short_term_average": 38786
    }, 
    {
        "date": "2012-09-30", 
        "operating_revenue": 27293, 
        "accumulated_operating_revenue": 353094, 
        "long_term_average": 39232, 
        "short_term_average": 32941
    }, 
    {
        "date": "2012-10-31", 
        "operating_revenue": 28949, 
        "accumulated_operating_revenue": 382043, 
        "long_term_average": 38204, 
        "short_term_average": 30787
    }, 
    {
        "date": "2012-11-30", 
        "operating_revenue": 21778, 
        "accumulated_operating_revenue": 403821, 
        "long_term_average": 36711, 
        "short_term_average": 26006
    }, 
    {
        "date": "2012-12-31", 
        "operating_revenue": 27748, 
        "accumulated_operating_revenue": 431569, 
        "long_term_average": 35964, 
        "short_term_average": 26158
    }, 
    {
        "accumulated_operating_revenue_yoy": -19.006155231947155, 
        "accumulated_operating_revenue": 26975, 
        "long_term_average": 35436, 
        "date": "2013-01-31", 
        "operating_revenue": 26975, 
        "short_term_average": 25500
    }, 
    {
        "accumulated_operating_revenue_yoy": -30.707900770241377, 
        "accumulated_operating_revenue": 53797, 
        "long_term_average": 33977, 
        "date": "2013-02-28", 
        "operating_revenue": 26822, 
        "short_term_average": 27181
    }, 
    {
        "accumulated_operating_revenue_yoy": -36.19584721866188, 
        "accumulated_operating_revenue": 82137, 
        "long_term_average": 32081, 
        "date": "2013-03-31", 
        "operating_revenue": 28340, 
        "short_term_average": 27379
    }, 
    {
        "accumulated_operating_revenue_yoy": -41.30038413198562, 
        "accumulated_operating_revenue": 99480, 
        "long_term_average": 30131, 
        "date": "2013-04-30", 
        "operating_revenue": 17343, 
        "short_term_average": 24168
    }, 
    {
        "accumulated_operating_revenue_yoy": -38.38789921744071, 
        "accumulated_operating_revenue": 129041, 
        "long_term_average": 29264, 
        "date": "2013-05-31", 
        "operating_revenue": 29561, 
        "short_term_average": 25081
    }, 
    {
        "accumulated_operating_revenue_yoy": -39.26794640364021, 
        "accumulated_operating_revenue": 154424, 
        "long_term_average": 27643, 
        "date": "2013-06-30", 
        "operating_revenue": 25383, 
        "short_term_average": 24095
    }, 
    {
        "accumulated_operating_revenue_yoy": -39.0127036730185, 
        "accumulated_operating_revenue": 176668, 
        "long_term_average": 26546, 
        "date": "2013-07-31", 
        "operating_revenue": 22244, 
        "short_term_average": 25729
    }, 
    {
        "accumulated_operating_revenue_yoy": -40.892139680357026, 
        "accumulated_operating_revenue": 192574, 
        "long_term_average": 24861, 
        "date": "2013-08-31", 
        "operating_revenue": 15906, 
        "short_term_average": 21177
    }, 
    {
        "accumulated_operating_revenue_yoy": -37.9663772253281, 
        "accumulated_operating_revenue": 219037, 
        "long_term_average": 24792, 
        "date": "2013-09-30", 
        "operating_revenue": 26463, 
        "short_term_average": 21537
    }, 
    {
        "accumulated_operating_revenue_yoy": -35.74519098635494, 
        "accumulated_operating_revenue": 245481, 
        "long_term_average": 24583, 
        "date": "2013-10-31", 
        "operating_revenue": 26444, 
        "short_term_average": 22937
    }, 
    {
        "accumulated_operating_revenue_yoy": -32.31555565460935, 
        "accumulated_operating_revenue": 273324, 
        "long_term_average": 25089, 
        "date": "2013-11-30", 
        "operating_revenue": 27843, 
        "short_term_average": 26916
    }, 
    {
        "accumulated_operating_revenue_yoy": -30.399078710472715, 
        "accumulated_operating_revenue": 300376, 
        "long_term_average": 25031, 
        "date": "2013-12-31", 
        "operating_revenue": 27052, 
        "short_term_average": 27113
    }, 
    {
        "accumulated_operating_revenue_yoy": -42.38739573679332, 
        "accumulated_operating_revenue": 15541, 
        "long_term_average": 24078, 
        "date": "2014-01-31", 
        "operating_revenue": 15541, 
        "short_term_average": 23478
    }, 
    {
        "accumulated_operating_revenue_yoy": -35.972266111493205, 
        "accumulated_operating_revenue": 34445, 
        "long_term_average": 23418, 
        "date": "2014-02-28", 
        "operating_revenue": 18904, 
        "short_term_average": 20499
    }, 
    {
        "accumulated_operating_revenue_yoy": -27.774328256449593, 
        "accumulated_operating_revenue": 59324, 
        "long_term_average": 23130, 
        "date": "2014-03-31", 
        "operating_revenue": 24879, 
        "short_term_average": 19774
    }, 
    {
        "accumulated_operating_revenue_yoy": -21.783273019702452, 
        "accumulated_operating_revenue": 77810, 
        "long_term_average": 23225, 
        "date": "2014-04-30", 
        "operating_revenue": 18486, 
        "short_term_average": 20756
    }, 
    {
        "accumulated_operating_revenue_yoy": -17.704450523477032, 
        "accumulated_operating_revenue": 106195, 
        "long_term_average": 23127, 
        "date": "2014-05-31", 
        "operating_revenue": 28385, 
        "short_term_average": 23916
    }, 
    {
        "accumulated_operating_revenue_yoy": -14.629202714603947, 
        "accumulated_operating_revenue": 131833, 
        "long_term_average": 23148, 
        "date": "2014-06-30", 
        "operating_revenue": 25638, 
        "short_term_average": 24169
    }, 
    {
        "accumulated_operating_revenue_yoy": -9.445400412072361, 
        "accumulated_operating_revenue": 159981, 
        "long_term_average": 23640, 
        "date": "2014-07-31", 
        "operating_revenue": 28148, 
        "short_term_average": 27390
    }, 
    {
        "accumulated_operating_revenue_yoy": -5.38753933552816, 
        "accumulated_operating_revenue": 182199, 
        "long_term_average": 24166, 
        "date": "2014-08-31", 
        "operating_revenue": 22218, 
        "short_term_average": 25334
    }, 
    {
        "accumulated_operating_revenue_yoy": -7.163629889014185, 
        "accumulated_operating_revenue": 203346, 
        "long_term_average": 23723, 
        "date": "2014-09-30", 
        "operating_revenue": 21147, 
        "short_term_average": 23837
    }, 
    {
        "accumulated_operating_revenue_yoy": -6.092935909500125, 
        "accumulated_operating_revenue": 230524, 
        "long_term_average": 23784, 
        "date": "2014-10-31", 
        "operating_revenue": 27178, 
        "short_term_average": 23514
    }, 
    {
        "accumulated_operating_revenue_yoy": -8.371749279243682, 
        "accumulated_operating_revenue": 250442, 
        "long_term_average": 23124, 
        "date": "2014-11-30", 
        "operating_revenue": 19918, 
        "short_term_average": 22747
    }, 
    {
        "accumulated_operating_revenue_yoy": -7.621447785442245, 
        "accumulated_operating_revenue": 277483, 
        "long_term_average": 23123, 
        "date": "2014-12-31", 
        "operating_revenue": 27041, 
        "short_term_average": 24712
    }, 
    {
        "accumulated_operating_revenue_yoy": 59.423460523775816, 
        "accumulated_operating_revenue": 24776, 
        "long_term_average": 23893, 
        "date": "2015-01-31", 
        "operating_revenue": 24776, 
        "short_term_average": 23911
    }, 
    {
        "accumulated_operating_revenue_yoy": 19.77064886050225, 
        "accumulated_operating_revenue": 41255, 
        "long_term_average": 23691, 
        "date": "2015-02-28", 
        "operating_revenue": 16479, 
        "short_term_average": 22765
    }, 
    {
        "accumulated_operating_revenue_yoy": 12.313734744791315, 
        "accumulated_operating_revenue": 66629, 
        "long_term_average": 23732, 
        "date": "2015-03-31", 
        "operating_revenue": 25374, 
        "short_term_average": 22209
    }, 
    {
        "accumulated_operating_revenue_yoy": 16.47089063102429, 
        "accumulated_operating_revenue": 90626, 
        "long_term_average": 24191, 
        "date": "2015-04-30", 
        "operating_revenue": 23997, 
        "short_term_average": 21950
    }, 
    {
        "accumulated_operating_revenue_yoy": 15.121239229718913, 
        "accumulated_operating_revenue": 122253, 
        "long_term_average": 24461, 
        "date": "2015-05-31", 
        "operating_revenue": 31627, 
        "short_term_average": 26999
    }, 
    {
        "accumulated_operating_revenue_yoy": 16.001304680922075, 
        "accumulated_operating_revenue": 152928, 
        "long_term_average": 24881, 
        "date": "2015-06-30", 
        "operating_revenue": 30675, 
        "short_term_average": 28766
    }, 
    {
        "accumulated_operating_revenue_yoy": 10.387483513667247, 
        "accumulated_operating_revenue": 176599, 
        "long_term_average": 24508, 
        "date": "2015-07-31", 
        "operating_revenue": 23671, 
        "short_term_average": 28657
    }, 
    {
        "accumulated_operating_revenue_yoy": 8.085115725113749, 
        "accumulated_operating_revenue": 196930, 
        "long_term_average": 24351, 
        "date": "2015-08-31", 
        "operating_revenue": 20331, 
        "short_term_average": 24892
    }
]