[
    {
        "date": "2011-09-30", 
        "operating_revenue": 854266, 
        "accumulated_operating_revenue": 854266, 
        "long_term_average": 854266, 
        "short_term_average": 854266
    }, 
    {
        "date": "2011-10-31", 
        "operating_revenue": 605331, 
        "accumulated_operating_revenue": 1459597, 
        "long_term_average": 729798, 
        "short_term_average": 729798
    }, 
    {
        "date": "2011-11-30", 
        "operating_revenue": 607614, 
        "accumulated_operating_revenue": 2067211, 
        "long_term_average": 689070, 
        "short_term_average": 689070
    }, 
    {
        "date": "2011-12-31", 
        "operating_revenue": 424415, 
        "accumulated_operating_revenue": 2491626, 
        "long_term_average": 622906, 
        "short_term_average": 545786
    }, 
    {
        "date": "2012-01-31", 
        "operating_revenue": 270640, 
        "accumulated_operating_revenue": 270640, 
        "long_term_average": 552453, 
        "short_term_average": 434223
    }, 
    {
        "date": "2012-02-29", 
        "operating_revenue": 299664, 
        "accumulated_operating_revenue": 570304, 
        "long_term_average": 510321, 
        "short_term_average": 331573
    }, 
    {
        "date": "2012-03-31", 
        "operating_revenue": 416918, 
        "accumulated_operating_revenue": 987222, 
        "long_term_average": 496978, 
        "short_term_average": 329074
    }, 
    {
        "date": "2012-04-30", 
        "operating_revenue": 272258, 
        "accumulated_operating_revenue": 1259480, 
        "long_term_average": 468888, 
        "short_term_average": 329613
    }, 
    {
        "date": "2012-05-31", 
        "operating_revenue": 310740, 
        "accumulated_operating_revenue": 1570220, 
        "long_term_average": 451316, 
        "short_term_average": 333305
    }, 
    {
        "date": "2012-06-30", 
        "operating_revenue": 370784, 
        "accumulated_operating_revenue": 1941004, 
        "long_term_average": 443263, 
        "short_term_average": 317927
    }, 
    {
        "date": "2012-07-31", 
        "operating_revenue": 548974, 
        "accumulated_operating_revenue": 2489978, 
        "long_term_average": 452873, 
        "short_term_average": 410166
    }, 
    {
        "date": "2012-08-31", 
        "operating_revenue": 766697, 
        "accumulated_operating_revenue": 3256675, 
        "long_term_average": 479025, 
        "short_term_average": 562151
    }, 
    {
        "accumulated_operating_revenue_yoy": 371.93672696794675, 
        "accumulated_operating_revenue": 4031595, 
        "long_term_average": 472412, 
        "date": "2012-09-30", 
        "operating_revenue": 774920, 
        "short_term_average": 696863
    }, 
    {
        "accumulated_operating_revenue_yoy": 217.35718831978966, 
        "accumulated_operating_revenue": 4632136, 
        "long_term_average": 472013, 
        "date": "2012-10-31", 
        "operating_revenue": 600541, 
        "short_term_average": 714052
    }, 
    {
        "accumulated_operating_revenue_yoy": 147.51619452489368, 
        "accumulated_operating_revenue": 5116682, 
        "long_term_average": 461758, 
        "date": "2012-11-30", 
        "operating_revenue": 484546, 
        "short_term_average": 620002
    }, 
    {
        "accumulated_operating_revenue_yoy": 121.14013098273979, 
        "accumulated_operating_revenue": 5509985, 
        "long_term_average": 459165, 
        "date": "2012-12-31", 
        "operating_revenue": 393303, 
        "short_term_average": 492796
    }, 
    {
        "accumulated_operating_revenue_yoy": 42.205143363878214, 
        "accumulated_operating_revenue": 384864, 
        "long_term_average": 468684, 
        "date": "2013-01-31", 
        "operating_revenue": 384864, 
        "short_term_average": 420904
    }, 
    {
        "accumulated_operating_revenue_yoy": 5.549145718774548, 
        "accumulated_operating_revenue": 601951, 
        "long_term_average": 461802, 
        "date": "2013-02-28", 
        "operating_revenue": 217087, 
        "short_term_average": 331751
    }, 
    {
        "accumulated_operating_revenue_yoy": -6.28055290502035, 
        "accumulated_operating_revenue": 925219, 
        "long_term_average": 453998, 
        "date": "2013-03-31", 
        "operating_revenue": 323268, 
        "short_term_average": 308406
    }, 
    {
        "accumulated_operating_revenue_yoy": 3.5144662876742783, 
        "accumulated_operating_revenue": 1303744, 
        "long_term_average": 462854, 
        "date": "2013-04-30", 
        "operating_revenue": 378525, 
        "short_term_average": 306293
    }, 
    {
        "accumulated_operating_revenue_yoy": 6.110481333825833, 
        "accumulated_operating_revenue": 1666168, 
        "long_term_average": 467161, 
        "date": "2013-05-31", 
        "operating_revenue": 362424, 
        "short_term_average": 354739
    }, 
    {
        "accumulated_operating_revenue_yoy": 3.52564961226252, 
        "accumulated_operating_revenue": 2009437, 
        "long_term_average": 464868, 
        "date": "2013-06-30", 
        "operating_revenue": 343269, 
        "short_term_average": 361406
    }, 
    {
        "accumulated_operating_revenue_yoy": 2.7858880680873486, 
        "accumulated_operating_revenue": 2559346, 
        "long_term_average": 464946, 
        "date": "2013-07-31", 
        "operating_revenue": 549909, 
        "short_term_average": 418534
    }, 
    {
        "accumulated_operating_revenue_yoy": -0.16028618145808224, 
        "accumulated_operating_revenue": 3251455, 
        "long_term_average": 458730, 
        "date": "2013-08-31", 
        "operating_revenue": 692109, 
        "short_term_average": 528429
    }, 
    {
        "accumulated_operating_revenue_yoy": 0.5720564689657567, 
        "accumulated_operating_revenue": 4054658, 
        "long_term_average": 461087, 
        "date": "2013-09-30", 
        "operating_revenue": 803203, 
        "short_term_average": 681740
    }, 
    {
        "accumulated_operating_revenue_yoy": 2.840849232405957, 
        "accumulated_operating_revenue": 4763728, 
        "long_term_average": 470131, 
        "date": "2013-10-31", 
        "operating_revenue": 709070, 
        "short_term_average": 734794
    }, 
    {
        "accumulated_operating_revenue_yoy": 4.924206741790871, 
        "accumulated_operating_revenue": 5368638, 
        "long_term_average": 480161, 
        "date": "2013-11-30", 
        "operating_revenue": 604910, 
        "short_term_average": 705727
    }, 
    {
        "accumulated_operating_revenue_yoy": 6.874664813062105, 
        "accumulated_operating_revenue": 5888778, 
        "long_term_average": 490731, 
        "date": "2013-12-31", 
        "operating_revenue": 520140, 
        "short_term_average": 611373
    }, 
    {
        "accumulated_operating_revenue_yoy": 11.460671821734431, 
        "accumulated_operating_revenue": 428972, 
        "long_term_average": 494407, 
        "date": "2014-01-31", 
        "operating_revenue": 428972, 
        "short_term_average": 518007
    }, 
    {
        "accumulated_operating_revenue_yoy": 16.68308550031481, 
        "accumulated_operating_revenue": 702375, 
        "long_term_average": 499100, 
        "date": "2014-02-28", 
        "operating_revenue": 273403, 
        "short_term_average": 407505
    }, 
    {
        "accumulated_operating_revenue_yoy": 4.532008097542311, 
        "accumulated_operating_revenue": 967150, 
        "long_term_average": 494225, 
        "date": "2014-03-31", 
        "operating_revenue": 264775, 
        "short_term_average": 322383
    }, 
    {
        "accumulated_operating_revenue_yoy": 3.9941890432477543, 
        "accumulated_operating_revenue": 1355818, 
        "long_term_average": 495071, 
        "date": "2014-04-30", 
        "operating_revenue": 388668, 
        "short_term_average": 308948
    }, 
    {
        "accumulated_operating_revenue_yoy": 1.3361197670342966, 
        "accumulated_operating_revenue": 1688430, 
        "long_term_average": 492586, 
        "date": "2014-05-31", 
        "operating_revenue": 332612, 
        "short_term_average": 328685
    }, 
    {
        "accumulated_operating_revenue_yoy": -3.1897989337311894, 
        "accumulated_operating_revenue": 1945340, 
        "long_term_average": 485390, 
        "date": "2014-06-30", 
        "operating_revenue": 256910, 
        "short_term_average": 326063
    }, 
    {
        "accumulated_operating_revenue_yoy": -2.7141308756221316, 
        "accumulated_operating_revenue": 2489882, 
        "long_term_average": 484942, 
        "date": "2014-07-31", 
        "operating_revenue": 544542, 
        "short_term_average": 378021
    }, 
    {
        "accumulated_operating_revenue_yoy": -1.2685397768076139, 
        "accumulated_operating_revenue": 3210209, 
        "long_term_average": 487294, 
        "date": "2014-08-31", 
        "operating_revenue": 720327, 
        "short_term_average": 507259
    }, 
    {
        "accumulated_operating_revenue_yoy": -2.8400669057661583, 
        "accumulated_operating_revenue": 3939503, 
        "long_term_average": 481135, 
        "date": "2014-09-30", 
        "operating_revenue": 729294, 
        "short_term_average": 664721
    }, 
    {
        "accumulated_operating_revenue_yoy": -0.11717713521846755, 
        "accumulated_operating_revenue": 4758146, 
        "long_term_average": 490266, 
        "date": "2014-10-31", 
        "operating_revenue": 818643, 
        "short_term_average": 756088
    }, 
    {
        "accumulated_operating_revenue_yoy": -0.9534820563427819, 
        "accumulated_operating_revenue": 5317449, 
        "long_term_average": 486465, 
        "date": "2014-11-30", 
        "operating_revenue": 559303, 
        "short_term_average": 702413
    }, 
    {
        "accumulated_operating_revenue_yoy": -0.13685352037383647, 
        "accumulated_operating_revenue": 5880719, 
        "long_term_average": 490059, 
        "date": "2014-12-31", 
        "operating_revenue": 563270, 
        "short_term_average": 647072
    }, 
    {
        "accumulated_operating_revenue_yoy": 4.380472385144019, 
        "accumulated_operating_revenue": 447763, 
        "long_term_average": 491625, 
        "date": "2015-01-31", 
        "operating_revenue": 447763, 
        "short_term_average": 523445
    }, 
    {
        "accumulated_operating_revenue_yoy": -3.3342587649047872, 
        "accumulated_operating_revenue": 678956, 
        "long_term_average": 488108, 
        "date": "2015-02-28", 
        "operating_revenue": 231193, 
        "short_term_average": 414075
    }, 
    {
        "accumulated_operating_revenue_yoy": 2.5632011580416685, 
        "accumulated_operating_revenue": 991940, 
        "long_term_average": 492125, 
        "date": "2015-03-31", 
        "operating_revenue": 312984, 
        "short_term_average": 330646
    }, 
    {
        "accumulated_operating_revenue_yoy": -2.001006034733275, 
        "accumulated_operating_revenue": 1328688, 
        "long_term_average": 487799, 
        "date": "2015-04-30", 
        "operating_revenue": 336748, 
        "short_term_average": 293641
    }, 
    {
        "accumulated_operating_revenue_yoy": 2.4817730080607427, 
        "accumulated_operating_revenue": 1730333, 
        "long_term_average": 493551, 
        "date": "2015-05-31", 
        "operating_revenue": 401645, 
        "short_term_average": 350459
    }, 
    {
        "accumulated_operating_revenue_yoy": 6.779174848612582, 
        "accumulated_operating_revenue": 2077218, 
        "long_term_average": 501049, 
        "date": "2015-06-30", 
        "operating_revenue": 346885, 
        "short_term_average": 361759
    }, 
    {
        "accumulated_operating_revenue_yoy": 7.417540268976603, 
        "accumulated_operating_revenue": 2674570, 
        "long_term_average": 505450, 
        "date": "2015-07-31", 
        "operating_revenue": 597352, 
        "short_term_average": 448627
    }, 
    {
        "accumulated_operating_revenue_yoy": 4.744457448097616, 
        "accumulated_operating_revenue": 3362516, 
        "long_term_average": 502752, 
        "date": "2015-08-31", 
        "operating_revenue": 687946, 
        "short_term_average": 544061
    }, 
    {
        "accumulated_operating_revenue_yoy": 5.9580104393879125, 
        "accumulated_operating_revenue": 4174219, 
        "long_term_average": 509619, 
        "date": "2015-09-30", 
        "operating_revenue": 811703, 
        "short_term_average": 699000
    }
]