[
    {
        "date": "2011-09-30", 
        "operating_revenue": 478345, 
        "accumulated_operating_revenue": 478345, 
        "long_term_average": 478345, 
        "short_term_average": 478345
    }, 
    {
        "date": "2011-10-31", 
        "operating_revenue": 505806, 
        "accumulated_operating_revenue": 984151, 
        "long_term_average": 492075, 
        "short_term_average": 492075
    }, 
    {
        "date": "2011-11-30", 
        "operating_revenue": 508719, 
        "accumulated_operating_revenue": 1492870, 
        "long_term_average": 497623, 
        "short_term_average": 497623
    }, 
    {
        "date": "2011-12-31", 
        "operating_revenue": 565923, 
        "accumulated_operating_revenue": 2058793, 
        "long_term_average": 514698, 
        "short_term_average": 526816
    }, 
    {
        "date": "2012-01-31", 
        "operating_revenue": 497219, 
        "accumulated_operating_revenue": 497219, 
        "long_term_average": 511202, 
        "short_term_average": 523953
    }, 
    {
        "date": "2012-02-29", 
        "operating_revenue": 479204, 
        "accumulated_operating_revenue": 976423, 
        "long_term_average": 505869, 
        "short_term_average": 514115
    }, 
    {
        "date": "2012-03-31", 
        "operating_revenue": 515764, 
        "accumulated_operating_revenue": 1492187, 
        "long_term_average": 507282, 
        "short_term_average": 497395
    }, 
    {
        "date": "2012-04-30", 
        "operating_revenue": 592152, 
        "accumulated_operating_revenue": 2084339, 
        "long_term_average": 517891, 
        "short_term_average": 529040
    }, 
    {
        "date": "2012-05-31", 
        "operating_revenue": 552150, 
        "accumulated_operating_revenue": 2636489, 
        "long_term_average": 521698, 
        "short_term_average": 553355
    }, 
    {
        "date": "2012-06-30", 
        "operating_revenue": 501608, 
        "accumulated_operating_revenue": 3138097, 
        "long_term_average": 519689, 
        "short_term_average": 548636
    }, 
    {
        "date": "2012-07-31", 
        "operating_revenue": 464028, 
        "accumulated_operating_revenue": 3602125, 
        "long_term_average": 514628, 
        "short_term_average": 505928
    }, 
    {
        "date": "2012-08-31", 
        "operating_revenue": 516294, 
        "accumulated_operating_revenue": 4118419, 
        "long_term_average": 514767, 
        "short_term_average": 493976
    }, 
    {
        "accumulated_operating_revenue_yoy": 855.091827028609, 
        "accumulated_operating_revenue": 4568634, 
        "long_term_average": 512423, 
        "date": "2012-09-30", 
        "operating_revenue": 450215, 
        "short_term_average": 476845
    }, 
    {
        "accumulated_operating_revenue_yoy": 413.5985229908825, 
        "accumulated_operating_revenue": 5054585, 
        "long_term_average": 510768, 
        "date": "2012-10-31", 
        "operating_revenue": 485951, 
        "short_term_average": 484153
    }, 
    {
        "accumulated_operating_revenue_yoy": 269.3547328300522, 
        "accumulated_operating_revenue": 5513986, 
        "long_term_average": 506659, 
        "date": "2012-11-30", 
        "operating_revenue": 459401, 
        "short_term_average": 465189
    }, 
    {
        "accumulated_operating_revenue_yoy": 190.26604423077015, 
        "accumulated_operating_revenue": 5975977, 
        "long_term_average": 497998, 
        "date": "2012-12-31", 
        "operating_revenue": 461991, 
        "short_term_average": 469114
    }, 
    {
        "accumulated_operating_revenue_yoy": -3.5887606869407644, 
        "accumulated_operating_revenue": 479375, 
        "long_term_average": 496511, 
        "date": "2013-01-31", 
        "operating_revenue": 479375, 
        "short_term_average": 466922
    }, 
    {
        "accumulated_operating_revenue_yoy": -9.815622942106033, 
        "accumulated_operating_revenue": 880581, 
        "long_term_average": 490011, 
        "date": "2013-02-28", 
        "operating_revenue": 401206, 
        "short_term_average": 447524
    }, 
    {
        "accumulated_operating_revenue_yoy": -12.547019911043321, 
        "accumulated_operating_revenue": 1304962, 
        "long_term_average": 482396, 
        "date": "2013-03-31", 
        "operating_revenue": 424381, 
        "short_term_average": 434987
    }, 
    {
        "accumulated_operating_revenue_yoy": -13.29198369363141, 
        "accumulated_operating_revenue": 1807289, 
        "long_term_average": 474910, 
        "date": "2013-04-30", 
        "operating_revenue": 502327, 
        "short_term_average": 442638
    }, 
    {
        "accumulated_operating_revenue_yoy": -12.288691513600094, 
        "accumulated_operating_revenue": 2312499, 
        "long_term_average": 470998, 
        "date": "2013-05-31", 
        "operating_revenue": 505210, 
        "short_term_average": 477306
    }, 
    {
        "accumulated_operating_revenue_yoy": -12.319313265332461, 
        "accumulated_operating_revenue": 2751505, 
        "long_term_average": 465782, 
        "date": "2013-06-30", 
        "operating_revenue": 439006, 
        "short_term_average": 482181
    }, 
    {
        "accumulated_operating_revenue_yoy": -9.860457368914183, 
        "accumulated_operating_revenue": 3246939, 
        "long_term_average": 468399, 
        "date": "2013-07-31", 
        "operating_revenue": 495434, 
        "short_term_average": 479883
    }, 
    {
        "accumulated_operating_revenue_yoy": -10.079523234522762, 
        "accumulated_operating_revenue": 3703302, 
        "long_term_average": 463405, 
        "date": "2013-08-31", 
        "operating_revenue": 456363, 
        "short_term_average": 463601
    }, 
    {
        "accumulated_operating_revenue_yoy": -8.293704420183364, 
        "accumulated_operating_revenue": 4189725, 
        "long_term_average": 466422, 
        "date": "2013-09-30", 
        "operating_revenue": 486423, 
        "short_term_average": 479406
    }, 
    {
        "accumulated_operating_revenue_yoy": -6.9231202957315, 
        "accumulated_operating_revenue": 4704650, 
        "long_term_average": 468836, 
        "date": "2013-10-31", 
        "operating_revenue": 514925, 
        "short_term_average": 485903
    }, 
    {
        "accumulated_operating_revenue_yoy": -5.103077882315987, 
        "accumulated_operating_revenue": 5232603, 
        "long_term_average": 474549, 
        "date": "2013-11-30", 
        "operating_revenue": 527953, 
        "short_term_average": 509767
    }, 
    {
        "accumulated_operating_revenue_yoy": -3.766045284310833, 
        "accumulated_operating_revenue": 5750919, 
        "long_term_average": 479243, 
        "date": "2013-12-31", 
        "operating_revenue": 518316, 
        "short_term_average": 520398
    }, 
    {
        "accumulated_operating_revenue_yoy": -3.3097262059973924, 
        "accumulated_operating_revenue": 463509, 
        "long_term_average": 477921, 
        "date": "2014-01-31", 
        "operating_revenue": 463509, 
        "short_term_average": 503259
    }, 
    {
        "accumulated_operating_revenue_yoy": 2.127345468503181, 
        "accumulated_operating_revenue": 899314, 
        "long_term_average": 480804, 
        "date": "2014-02-28", 
        "operating_revenue": 435805, 
        "short_term_average": 472543
    }, 
    {
        "accumulated_operating_revenue_yoy": 5.754650326982701, 
        "accumulated_operating_revenue": 1380058, 
        "long_term_average": 485501, 
        "date": "2014-03-31", 
        "operating_revenue": 480744, 
        "short_term_average": 460019
    }, 
    {
        "accumulated_operating_revenue_yoy": 3.4176603741847598, 
        "accumulated_operating_revenue": 1869056, 
        "long_term_average": 484390, 
        "date": "2014-04-30", 
        "operating_revenue": 488998, 
        "short_term_average": 468515
    }, 
    {
        "accumulated_operating_revenue_yoy": 2.9248445080408683, 
        "accumulated_operating_revenue": 2380136, 
        "long_term_average": 484879, 
        "date": "2014-05-31", 
        "operating_revenue": 511080, 
        "short_term_average": 493607
    }, 
    {
        "accumulated_operating_revenue_yoy": 3.70237379179758, 
        "accumulated_operating_revenue": 2853376, 
        "long_term_average": 487732, 
        "date": "2014-06-30", 
        "operating_revenue": 473240, 
        "short_term_average": 491106
    }, 
    {
        "accumulated_operating_revenue_yoy": 3.4926741771249783, 
        "accumulated_operating_revenue": 3360344, 
        "long_term_average": 488693, 
        "date": "2014-07-31", 
        "operating_revenue": 506968, 
        "short_term_average": 497096
    }, 
    {
        "accumulated_operating_revenue_yoy": 3.6251161801008935, 
        "accumulated_operating_revenue": 3837551, 
        "long_term_average": 490430, 
        "date": "2014-08-31", 
        "operating_revenue": 477207, 
        "short_term_average": 485805
    }, 
    {
        "accumulated_operating_revenue_yoy": 2.516227198682491, 
        "accumulated_operating_revenue": 4295148, 
        "long_term_average": 488028, 
        "date": "2014-09-30", 
        "operating_revenue": 457597, 
        "short_term_average": 480590
    }, 
    {
        "accumulated_operating_revenue_yoy": 1.7324136758313582, 
        "accumulated_operating_revenue": 4786154, 
        "long_term_average": 486035, 
        "date": "2014-10-31", 
        "operating_revenue": 491006, 
        "short_term_average": 475270
    }, 
    {
        "accumulated_operating_revenue_yoy": 0.6251573069846882, 
        "accumulated_operating_revenue": 5265315, 
        "long_term_average": 481969, 
        "date": "2014-11-30", 
        "operating_revenue": 479161, 
        "short_term_average": 475921
    }, 
    {
        "accumulated_operating_revenue_yoy": 1.3937250724623316, 
        "accumulated_operating_revenue": 5831071, 
        "long_term_average": 485922, 
        "date": "2014-12-31", 
        "operating_revenue": 565756, 
        "short_term_average": 511974
    }, 
    {
        "accumulated_operating_revenue_yoy": 7.777842501440102, 
        "accumulated_operating_revenue": 499560, 
        "long_term_average": 488926, 
        "date": "2015-01-31", 
        "operating_revenue": 499560, 
        "short_term_average": 514825
    }, 
    {
        "accumulated_operating_revenue_yoy": 5.813319930524822, 
        "accumulated_operating_revenue": 951594, 
        "long_term_average": 490279, 
        "date": "2015-02-28", 
        "operating_revenue": 452034, 
        "short_term_average": 505783
    }, 
    {
        "accumulated_operating_revenue_yoy": 7.199262639686157, 
        "accumulated_operating_revenue": 1479412, 
        "long_term_average": 494202, 
        "date": "2015-03-31", 
        "operating_revenue": 527818, 
        "short_term_average": 493137
    }, 
    {
        "accumulated_operating_revenue_yoy": 6.762825725927955, 
        "accumulated_operating_revenue": 1995457, 
        "long_term_average": 496456, 
        "date": "2015-04-30", 
        "operating_revenue": 516045, 
        "short_term_average": 498632
    }, 
    {
        "accumulated_operating_revenue_yoy": 6.457656201158253, 
        "accumulated_operating_revenue": 2533837, 
        "long_term_average": 498731, 
        "date": "2015-05-31", 
        "operating_revenue": 538380, 
        "short_term_average": 527414
    }, 
    {
        "accumulated_operating_revenue_yoy": 6.981729712452898, 
        "accumulated_operating_revenue": 3052591, 
        "long_term_average": 502523, 
        "date": "2015-06-30", 
        "operating_revenue": 518754, 
        "short_term_average": 524393
    }, 
    {
        "accumulated_operating_revenue_yoy": 6.484722992645992, 
        "accumulated_operating_revenue": 3578253, 
        "long_term_average": 504081, 
        "date": "2015-07-31", 
        "operating_revenue": 525662, 
        "short_term_average": 527598
    }, 
    {
        "accumulated_operating_revenue_yoy": 7.050929095144273, 
        "accumulated_operating_revenue": 4108134, 
        "long_term_average": 508471, 
        "date": "2015-08-31", 
        "operating_revenue": 529881, 
        "short_term_average": 524765
    }
]