[
    {
        "date": "2011-09-30", 
        "operating_revenue": 353047, 
        "accumulated_operating_revenue": 353047, 
        "long_term_average": 353047, 
        "short_term_average": 353047
    }, 
    {
        "date": "2011-10-31", 
        "operating_revenue": 288148, 
        "accumulated_operating_revenue": 641195, 
        "long_term_average": 320597, 
        "short_term_average": 320597
    }, 
    {
        "date": "2011-11-30", 
        "operating_revenue": 349577, 
        "accumulated_operating_revenue": 990772, 
        "long_term_average": 330257, 
        "short_term_average": 330257
    }, 
    {
        "date": "2011-12-31", 
        "operating_revenue": 309972, 
        "accumulated_operating_revenue": 1300744, 
        "long_term_average": 325186, 
        "short_term_average": 315899
    }, 
    {
        "date": "2012-01-31", 
        "operating_revenue": 334510, 
        "accumulated_operating_revenue": 334510, 
        "long_term_average": 327050, 
        "short_term_average": 331353
    }, 
    {
        "date": "2012-02-29", 
        "operating_revenue": 351224, 
        "accumulated_operating_revenue": 685734, 
        "long_term_average": 331079, 
        "short_term_average": 331902
    }, 
    {
        "date": "2012-03-31", 
        "operating_revenue": 216739, 
        "accumulated_operating_revenue": 902473, 
        "long_term_average": 314745, 
        "short_term_average": 300824
    }, 
    {
        "date": "2012-04-30", 
        "operating_revenue": 349027, 
        "accumulated_operating_revenue": 1251500, 
        "long_term_average": 319030, 
        "short_term_average": 305663
    }, 
    {
        "date": "2012-05-31", 
        "operating_revenue": 258038, 
        "accumulated_operating_revenue": 1509538, 
        "long_term_average": 312253, 
        "short_term_average": 274601
    }, 
    {
        "date": "2012-06-30", 
        "operating_revenue": 323029, 
        "accumulated_operating_revenue": 1832567, 
        "long_term_average": 313331, 
        "short_term_average": 310031
    }, 
    {
        "date": "2012-07-31", 
        "operating_revenue": 218444, 
        "accumulated_operating_revenue": 2051011, 
        "long_term_average": 304705, 
        "short_term_average": 266503
    }, 
    {
        "date": "2012-08-31", 
        "operating_revenue": 270083, 
        "accumulated_operating_revenue": 2321094, 
        "long_term_average": 301819, 
        "short_term_average": 270518
    }, 
    {
        "accumulated_operating_revenue_yoy": 615.2517936705311, 
        "accumulated_operating_revenue": 2525175, 
        "long_term_average": 289406, 
        "date": "2012-09-30", 
        "operating_revenue": 204081, 
        "short_term_average": 230869
    }, 
    {
        "accumulated_operating_revenue_yoy": 343.09687380594045, 
        "accumulated_operating_revenue": 2841115, 
        "long_term_average": 291722, 
        "date": "2012-10-31", 
        "operating_revenue": 315940, 
        "short_term_average": 263368
    }, 
    {
        "accumulated_operating_revenue_yoy": 210.40814637474617, 
        "accumulated_operating_revenue": 3075437, 
        "long_term_average": 282117, 
        "date": "2012-11-30", 
        "operating_revenue": 234322, 
        "short_term_average": 251447
    }, 
    {
        "accumulated_operating_revenue_yoy": 156.52557305665064, 
        "accumulated_operating_revenue": 3336741, 
        "long_term_average": 278061, 
        "date": "2012-12-31", 
        "operating_revenue": 261304, 
        "short_term_average": 270522
    }, 
    {
        "accumulated_operating_revenue_yoy": -15.368449373710803, 
        "accumulated_operating_revenue": 283101, 
        "long_term_average": 273777, 
        "date": "2013-01-31", 
        "operating_revenue": 283101, 
        "short_term_average": 259575
    }, 
    {
        "accumulated_operating_revenue_yoy": -35.81140792202224, 
        "accumulated_operating_revenue": 440163, 
        "long_term_average": 257597, 
        "date": "2013-02-28", 
        "operating_revenue": 157062, 
        "short_term_average": 233822
    }, 
    {
        "accumulated_operating_revenue_yoy": -16.058208943647067, 
        "accumulated_operating_revenue": 757552, 
        "long_term_average": 265985, 
        "date": "2013-03-31", 
        "operating_revenue": 317389, 
        "short_term_average": 252517
    }, 
    {
        "accumulated_operating_revenue_yoy": -20.323052337195367, 
        "accumulated_operating_revenue": 997157, 
        "long_term_average": 256866, 
        "date": "2013-04-30", 
        "operating_revenue": 239605, 
        "short_term_average": 238018
    }, 
    {
        "accumulated_operating_revenue_yoy": -15.585232037881788, 
        "accumulated_operating_revenue": 1274273, 
        "long_term_average": 258456, 
        "date": "2013-05-31", 
        "operating_revenue": 277116, 
        "short_term_average": 278036
    }, 
    {
        "accumulated_operating_revenue_yoy": -18.398727031535543, 
        "accumulated_operating_revenue": 1495398, 
        "long_term_average": 249964, 
        "date": "2013-06-30", 
        "operating_revenue": 221125, 
        "short_term_average": 245948
    }, 
    {
        "accumulated_operating_revenue_yoy": -16.584065126905706, 
        "accumulated_operating_revenue": 1710870, 
        "long_term_average": 249716, 
        "date": "2013-07-31", 
        "operating_revenue": 215472, 
        "short_term_average": 237904
    }, 
    {
        "accumulated_operating_revenue_yoy": -15.2635352122749, 
        "accumulated_operating_revenue": 1966813, 
        "long_term_average": 248538, 
        "date": "2013-08-31", 
        "operating_revenue": 255943, 
        "short_term_average": 230846
    }, 
    {
        "accumulated_operating_revenue_yoy": -12.974427514924708, 
        "accumulated_operating_revenue": 2197548, 
        "long_term_average": 250759, 
        "date": "2013-09-30", 
        "operating_revenue": 230735, 
        "short_term_average": 234050
    }, 
    {
        "accumulated_operating_revenue_yoy": -13.95892105740176, 
        "accumulated_operating_revenue": 2444526, 
        "long_term_average": 245012, 
        "date": "2013-10-31", 
        "operating_revenue": 246978, 
        "short_term_average": 244552
    }, 
    {
        "accumulated_operating_revenue_yoy": -12.321208335595884, 
        "accumulated_operating_revenue": 2696506, 
        "long_term_average": 246484, 
        "date": "2013-11-30", 
        "operating_revenue": 251980, 
        "short_term_average": 243231
    }, 
    {
        "accumulated_operating_revenue_yoy": -10.967857559217212, 
        "accumulated_operating_revenue": 2970772, 
        "long_term_average": 247564, 
        "date": "2013-12-31", 
        "operating_revenue": 274266, 
        "short_term_average": 257741
    }, 
    {
        "accumulated_operating_revenue_yoy": 9.677818163835521, 
        "accumulated_operating_revenue": 310499, 
        "long_term_average": 249847, 
        "date": "2014-01-31", 
        "operating_revenue": 310499, 
        "short_term_average": 278915
    }, 
    {
        "accumulated_operating_revenue_yoy": 11.260601186378683, 
        "accumulated_operating_revenue": 489728, 
        "long_term_average": 251694, 
        "date": "2014-02-28", 
        "operating_revenue": 179229, 
        "short_term_average": 254664
    }, 
    {
        "accumulated_operating_revenue_yoy": -4.274426046000802, 
        "accumulated_operating_revenue": 725171, 
        "long_term_average": 244865, 
        "date": "2014-03-31", 
        "operating_revenue": 235443, 
        "short_term_average": 241723
    }, 
    {
        "accumulated_operating_revenue_yoy": -0.7871378328588176, 
        "accumulated_operating_revenue": 989308, 
        "long_term_average": 246910, 
        "date": "2014-04-30", 
        "operating_revenue": 264137, 
        "short_term_average": 226269
    }, 
    {
        "accumulated_operating_revenue_yoy": -1.01642269749104, 
        "accumulated_operating_revenue": 1261321, 
        "long_term_average": 246485, 
        "date": "2014-05-31", 
        "operating_revenue": 272013, 
        "short_term_average": 257197
    }, 
    {
        "accumulated_operating_revenue_yoy": 0.46863778071122203, 
        "accumulated_operating_revenue": 1502406, 
        "long_term_average": 248148, 
        "date": "2014-06-30", 
        "operating_revenue": 241085, 
        "short_term_average": 259078
    }, 
    {
        "accumulated_operating_revenue_yoy": 1.026787540841794, 
        "accumulated_operating_revenue": 1728437, 
        "long_term_average": 249028, 
        "date": "2014-07-31", 
        "operating_revenue": 226031, 
        "short_term_average": 246376
    }, 
    {
        "accumulated_operating_revenue_yoy": -0.5504844639525974, 
        "accumulated_operating_revenue": 1955986, 
        "long_term_average": 246662, 
        "date": "2014-08-31", 
        "operating_revenue": 227549, 
        "short_term_average": 231555
    }, 
    {
        "accumulated_operating_revenue_yoy": -0.5896571997517233, 
        "accumulated_operating_revenue": 2184590, 
        "long_term_average": 246484, 
        "date": "2014-09-30", 
        "operating_revenue": 228604, 
        "short_term_average": 227394
    }, 
    {
        "accumulated_operating_revenue_yoy": -0.4731796675510917, 
        "accumulated_operating_revenue": 2432959, 
        "long_term_average": 246600, 
        "date": "2014-10-31", 
        "operating_revenue": 248369, 
        "short_term_average": 234840
    }, 
    {
        "accumulated_operating_revenue_yoy": -1.5075063804790347, 
        "accumulated_operating_revenue": 2655856, 
        "long_term_average": 244176, 
        "date": "2014-11-30", 
        "operating_revenue": 222897, 
        "short_term_average": 233290
    }, 
    {
        "accumulated_operating_revenue_yoy": 0.015551513209361068, 
        "accumulated_operating_revenue": 2971234, 
        "long_term_average": 247602, 
        "date": "2014-12-31", 
        "operating_revenue": 315378, 
        "short_term_average": 262214
    }, 
    {
        "accumulated_operating_revenue_yoy": -17.611328860962516, 
        "accumulated_operating_revenue": 255816, 
        "long_term_average": 243045, 
        "date": "2015-01-31", 
        "operating_revenue": 255816, 
        "short_term_average": 264697
    }, 
    {
        "accumulated_operating_revenue_yoy": -6.160562598013591, 
        "accumulated_operating_revenue": 459558, 
        "long_term_average": 245088, 
        "date": "2015-02-28", 
        "operating_revenue": 203742, 
        "short_term_average": 258312
    }, 
    {
        "accumulated_operating_revenue_yoy": -0.34378098407134317, 
        "accumulated_operating_revenue": 722678, 
        "long_term_average": 247395, 
        "date": "2015-03-31", 
        "operating_revenue": 263120, 
        "short_term_average": 240892
    }, 
    {
        "accumulated_operating_revenue_yoy": -1.7653753937095424, 
        "accumulated_operating_revenue": 971843, 
        "long_term_average": 246147, 
        "date": "2015-04-30", 
        "operating_revenue": 249165, 
        "short_term_average": 238675
    }, 
    {
        "accumulated_operating_revenue_yoy": -3.0354683700659866, 
        "accumulated_operating_revenue": 1223034, 
        "long_term_average": 244412, 
        "date": "2015-05-31", 
        "operating_revenue": 251191, 
        "short_term_average": 254492
    }, 
    {
        "accumulated_operating_revenue_yoy": -2.927238043511541, 
        "accumulated_operating_revenue": 1458427, 
        "long_term_average": 243937, 
        "date": "2015-06-30", 
        "operating_revenue": 235393, 
        "short_term_average": 245249
    }, 
    {
        "accumulated_operating_revenue_yoy": -3.600709774206407, 
        "accumulated_operating_revenue": 1666201, 
        "long_term_average": 242416, 
        "date": "2015-07-31", 
        "operating_revenue": 207774, 
        "short_term_average": 231452
    }, 
    {
        "accumulated_operating_revenue_yoy": 3.666846286220862, 
        "accumulated_operating_revenue": 2027709, 
        "long_term_average": 253579, 
        "date": "2015-08-31", 
        "operating_revenue": 361508, 
        "short_term_average": 268225
    }, 
    {
        "accumulated_operating_revenue_yoy": 3.918584265239702, 
        "accumulated_operating_revenue": 2270195, 
        "long_term_average": 254736, 
        "date": "2015-09-30", 
        "operating_revenue": 242486, 
        "short_term_average": 270589
    }
]