[
    {
        "date": "2012-01-31", 
        "operating_revenue": 117319, 
        "accumulated_operating_revenue": 117319, 
        "long_term_average": 117319, 
        "short_term_average": 117319
    }, 
    {
        "date": "2012-02-29", 
        "operating_revenue": 147367, 
        "accumulated_operating_revenue": 264686, 
        "long_term_average": 132343, 
        "short_term_average": 132343
    }, 
    {
        "date": "2012-03-31", 
        "operating_revenue": 178158, 
        "accumulated_operating_revenue": 442844, 
        "long_term_average": 147614, 
        "short_term_average": 147614
    }, 
    {
        "date": "2012-04-30", 
        "operating_revenue": 159850, 
        "accumulated_operating_revenue": 602694, 
        "long_term_average": 150673, 
        "short_term_average": 161791
    }, 
    {
        "date": "2012-05-31", 
        "operating_revenue": 168666, 
        "accumulated_operating_revenue": 771360, 
        "long_term_average": 154272, 
        "short_term_average": 168891
    }, 
    {
        "date": "2012-06-30", 
        "operating_revenue": 139528, 
        "accumulated_operating_revenue": 910888, 
        "long_term_average": 151814, 
        "short_term_average": 156014
    }, 
    {
        "date": "2012-07-31", 
        "operating_revenue": 156810, 
        "accumulated_operating_revenue": 1067698, 
        "long_term_average": 152528, 
        "short_term_average": 155001
    }, 
    {
        "date": "2012-08-31", 
        "operating_revenue": 159593, 
        "accumulated_operating_revenue": 1227291, 
        "long_term_average": 153411, 
        "short_term_average": 151977
    }, 
    {
        "date": "2012-09-30", 
        "operating_revenue": 170171, 
        "accumulated_operating_revenue": 1397462, 
        "long_term_average": 155273, 
        "short_term_average": 162191
    }, 
    {
        "date": "2012-10-31", 
        "operating_revenue": 146602, 
        "accumulated_operating_revenue": 1544064, 
        "long_term_average": 154406, 
        "short_term_average": 158788
    }, 
    {
        "date": "2012-11-30", 
        "operating_revenue": 143200, 
        "accumulated_operating_revenue": 1687264, 
        "long_term_average": 153387, 
        "short_term_average": 153324
    }, 
    {
        "date": "2012-12-31", 
        "operating_revenue": 163177, 
        "accumulated_operating_revenue": 1850441, 
        "long_term_average": 154203, 
        "short_term_average": 150993
    }, 
    {
        "accumulated_operating_revenue_yoy": 36.5388385513003, 
        "accumulated_operating_revenue": 160186, 
        "long_term_average": 157775, 
        "date": "2013-01-31", 
        "operating_revenue": 160186, 
        "short_term_average": 155521
    }, 
    {
        "accumulated_operating_revenue_yoy": 12.232985499799764, 
        "accumulated_operating_revenue": 297065, 
        "long_term_average": 156901, 
        "date": "2013-02-28", 
        "operating_revenue": 136879, 
        "short_term_average": 153414
    }, 
    {
        "accumulated_operating_revenue_yoy": 10.959615575688053, 
        "accumulated_operating_revenue": 491378, 
        "long_term_average": 158247, 
        "date": "2013-03-31", 
        "operating_revenue": 194313, 
        "short_term_average": 163792
    }, 
    {
        "accumulated_operating_revenue_yoy": 8.726152906781882, 
        "accumulated_operating_revenue": 655286, 
        "long_term_average": 158586, 
        "date": "2013-04-30", 
        "operating_revenue": 163908, 
        "short_term_average": 165033
    }, 
    {
        "accumulated_operating_revenue_yoy": 9.307586600290396, 
        "accumulated_operating_revenue": 843155, 
        "long_term_average": 160186, 
        "date": "2013-05-31", 
        "operating_revenue": 187869, 
        "short_term_average": 182030
    }, 
    {
        "accumulated_operating_revenue_yoy": 8.546056156190444, 
        "accumulated_operating_revenue": 988733, 
        "long_term_average": 160690, 
        "date": "2013-06-30", 
        "operating_revenue": 145578, 
        "short_term_average": 165785
    }, 
    {
        "accumulated_operating_revenue_yoy": 8.513081414407445, 
        "accumulated_operating_revenue": 1158592, 
        "long_term_average": 161777, 
        "date": "2013-07-31", 
        "operating_revenue": 169859, 
        "short_term_average": 167768
    }, 
    {
        "accumulated_operating_revenue_yoy": 7.272928751208964, 
        "accumulated_operating_revenue": 1316551, 
        "long_term_average": 161641, 
        "date": "2013-08-31", 
        "operating_revenue": 157959, 
        "short_term_average": 157798
    }, 
    {
        "accumulated_operating_revenue_yoy": 5.031621611177979, 
        "accumulated_operating_revenue": 1467777, 
        "long_term_average": 160063, 
        "date": "2013-09-30", 
        "operating_revenue": 151226, 
        "short_term_average": 159681
    }, 
    {
        "accumulated_operating_revenue_yoy": 6.386458074276715, 
        "accumulated_operating_revenue": 1642675, 
        "long_term_average": 162421, 
        "date": "2013-10-31", 
        "operating_revenue": 174898, 
        "short_term_average": 161361
    }, 
    {
        "accumulated_operating_revenue_yoy": 5.833171335368976, 
        "accumulated_operating_revenue": 1785685, 
        "long_term_average": 162405, 
        "date": "2013-11-30", 
        "operating_revenue": 143010, 
        "short_term_average": 156378
    }, 
    {
        "accumulated_operating_revenue_yoy": 5.890703891666906, 
        "accumulated_operating_revenue": 1959445, 
        "long_term_average": 163287, 
        "date": "2013-12-31", 
        "operating_revenue": 173760, 
        "short_term_average": 163889
    }, 
    {
        "accumulated_operating_revenue_yoy": 16.023247974229957, 
        "accumulated_operating_revenue": 185853, 
        "long_term_average": 165426, 
        "date": "2014-01-31", 
        "operating_revenue": 185853, 
        "short_term_average": 167541
    }, 
    {
        "accumulated_operating_revenue_yoy": 17.182771447326342, 
        "accumulated_operating_revenue": 348109, 
        "long_term_average": 167540, 
        "date": "2014-02-28", 
        "operating_revenue": 162256, 
        "short_term_average": 173956
    }, 
    {
        "accumulated_operating_revenue_yoy": 15.580469618094419, 
        "accumulated_operating_revenue": 567937, 
        "long_term_average": 169667, 
        "date": "2014-03-31", 
        "operating_revenue": 219828, 
        "short_term_average": 189312
    }, 
    {
        "accumulated_operating_revenue_yoy": 15.91381473127764, 
        "accumulated_operating_revenue": 759567, 
        "long_term_average": 171977, 
        "date": "2014-04-30", 
        "operating_revenue": 191630, 
        "short_term_average": 191238
    }, 
    {
        "accumulated_operating_revenue_yoy": 14.352402583154936, 
        "accumulated_operating_revenue": 964168, 
        "long_term_average": 173371, 
        "date": "2014-05-31", 
        "operating_revenue": 204601, 
        "short_term_average": 205353
    }, 
    {
        "accumulated_operating_revenue_yoy": 18.17528088978521, 
        "accumulated_operating_revenue": 1168438, 
        "long_term_average": 178262, 
        "date": "2014-06-30", 
        "operating_revenue": 204270, 
        "short_term_average": 200167
    }, 
    {
        "accumulated_operating_revenue_yoy": 19.430912694028617, 
        "accumulated_operating_revenue": 1383717, 
        "long_term_average": 182047, 
        "date": "2014-07-31", 
        "operating_revenue": 215279, 
        "short_term_average": 208050
    }, 
    {
        "accumulated_operating_revenue_yoy": 17.72130361831786, 
        "accumulated_operating_revenue": 1549861, 
        "long_term_average": 182729, 
        "date": "2014-08-31", 
        "operating_revenue": 166144, 
        "short_term_average": 195231
    }, 
    {
        "accumulated_operating_revenue_yoy": 18.472833407254644, 
        "accumulated_operating_revenue": 1738917, 
        "long_term_average": 185882, 
        "date": "2014-09-30", 
        "operating_revenue": 189056, 
        "short_term_average": 190159
    }, 
    {
        "accumulated_operating_revenue_yoy": 17.25131264553244, 
        "accumulated_operating_revenue": 1926058, 
        "long_term_average": 186902, 
        "date": "2014-10-31", 
        "operating_revenue": 187141, 
        "short_term_average": 180780
    }, 
    {
        "accumulated_operating_revenue_yoy": 17.686490058436956, 
        "accumulated_operating_revenue": 2101510, 
        "long_term_average": 189605, 
        "date": "2014-11-30", 
        "operating_revenue": 175452, 
        "short_term_average": 183883
    }, 
    {
        "accumulated_operating_revenue_yoy": 17.501690529716324, 
        "accumulated_operating_revenue": 2302381, 
        "long_term_average": 191865, 
        "date": "2014-12-31", 
        "operating_revenue": 200871, 
        "short_term_average": 187821
    }, 
    {
        "accumulated_operating_revenue_yoy": -19.5875234728522, 
        "accumulated_operating_revenue": 149449, 
        "long_term_average": 188831, 
        "date": "2015-01-31", 
        "operating_revenue": 149449, 
        "short_term_average": 175257
    }, 
    {
        "accumulated_operating_revenue_yoy": -14.768075516576703, 
        "accumulated_operating_revenue": 296700, 
        "long_term_average": 187581, 
        "date": "2015-02-28", 
        "operating_revenue": 147251, 
        "short_term_average": 165857
    }, 
    {
        "accumulated_operating_revenue_yoy": -8.834078427712932, 
        "accumulated_operating_revenue": 517765, 
        "long_term_average": 187684, 
        "date": "2015-03-31", 
        "operating_revenue": 221065, 
        "short_term_average": 172588
    }, 
    {
        "accumulated_operating_revenue_yoy": -7.9409716325222135, 
        "accumulated_operating_revenue": 699250, 
        "long_term_average": 186838, 
        "date": "2015-04-30", 
        "operating_revenue": 181485, 
        "short_term_average": 183267
    }, 
    {
        "accumulated_operating_revenue_yoy": -9.697998689025148, 
        "accumulated_operating_revenue": 870663, 
        "long_term_average": 184073, 
        "date": "2015-05-31", 
        "operating_revenue": 171413, 
        "short_term_average": 191321
    }, 
    {
        "accumulated_operating_revenue_yoy": -8.657712262011334, 
        "accumulated_operating_revenue": 1067278, 
        "long_term_average": 183435, 
        "date": "2015-06-30", 
        "operating_revenue": 196615, 
        "short_term_average": 183171
    }, 
    {
        "accumulated_operating_revenue_yoy": -12.687420910489644, 
        "accumulated_operating_revenue": 1208159, 
        "long_term_average": 177235, 
        "date": "2015-07-31", 
        "operating_revenue": 140881, 
        "short_term_average": 169636
    }, 
    {
        "accumulated_operating_revenue_yoy": -13.528697089609972, 
        "accumulated_operating_revenue": 1340185, 
        "long_term_average": 174392, 
        "date": "2015-08-31", 
        "operating_revenue": 132026, 
        "short_term_average": 156507
    }, 
    {
        "accumulated_operating_revenue_yoy": -14.457964353675305, 
        "accumulated_operating_revenue": 1487505, 
        "long_term_average": 170914, 
        "date": "2015-09-30", 
        "operating_revenue": 147320, 
        "short_term_average": 140075
    }, 
    {
        "accumulated_operating_revenue_yoy": -13.927877561319546, 
        "accumulated_operating_revenue": 1657799, 
        "long_term_average": 169510, 
        "date": "2015-10-31", 
        "operating_revenue": 170294, 
        "short_term_average": 149880
    }
]