[
    {
        "date": "2012-01-31", 
        "operating_revenue": 69570, 
        "accumulated_operating_revenue": 69570, 
        "long_term_average": 69570, 
        "short_term_average": 69570
    }, 
    {
        "date": "2012-02-29", 
        "operating_revenue": 69022, 
        "accumulated_operating_revenue": 138592, 
        "long_term_average": 69296, 
        "short_term_average": 69296
    }, 
    {
        "date": "2012-03-31", 
        "operating_revenue": 64382, 
        "accumulated_operating_revenue": 202974, 
        "long_term_average": 67658, 
        "short_term_average": 67658
    }, 
    {
        "date": "2012-04-30", 
        "operating_revenue": 72484, 
        "accumulated_operating_revenue": 275458, 
        "long_term_average": 68864, 
        "short_term_average": 68629
    }, 
    {
        "date": "2012-05-31", 
        "operating_revenue": 65767, 
        "accumulated_operating_revenue": 341225, 
        "long_term_average": 68245, 
        "short_term_average": 67544
    }, 
    {
        "date": "2012-06-30", 
        "operating_revenue": 60287, 
        "accumulated_operating_revenue": 401512, 
        "long_term_average": 66918, 
        "short_term_average": 66179
    }, 
    {
        "date": "2012-07-31", 
        "operating_revenue": 77128, 
        "accumulated_operating_revenue": 478640, 
        "long_term_average": 68377, 
        "short_term_average": 67727
    }, 
    {
        "date": "2012-08-31", 
        "operating_revenue": 70288, 
        "accumulated_operating_revenue": 548928, 
        "long_term_average": 68616, 
        "short_term_average": 69234
    }, 
    {
        "date": "2012-09-30", 
        "operating_revenue": 75181, 
        "accumulated_operating_revenue": 624109, 
        "long_term_average": 69345, 
        "short_term_average": 74199
    }, 
    {
        "date": "2012-10-31", 
        "operating_revenue": 72457, 
        "accumulated_operating_revenue": 696566, 
        "long_term_average": 69656, 
        "short_term_average": 72642
    }, 
    {
        "date": "2012-11-30", 
        "operating_revenue": 75079, 
        "accumulated_operating_revenue": 771645, 
        "long_term_average": 70149, 
        "short_term_average": 74239
    }, 
    {
        "date": "2012-12-31", 
        "operating_revenue": 70212, 
        "accumulated_operating_revenue": 841857, 
        "long_term_average": 70154, 
        "short_term_average": 72582
    }, 
    {
        "accumulated_operating_revenue_yoy": 2.57294810981745, 
        "accumulated_operating_revenue": 71360, 
        "long_term_average": 70303, 
        "date": "2013-01-31", 
        "operating_revenue": 71360, 
        "short_term_average": 72217
    }, 
    {
        "accumulated_operating_revenue_yoy": 0.2749076425767721, 
        "accumulated_operating_revenue": 138973, 
        "long_term_average": 70186, 
        "date": "2013-02-28", 
        "operating_revenue": 67613, 
        "short_term_average": 69728
    }, 
    {
        "accumulated_operating_revenue_yoy": 10.336299230443307, 
        "accumulated_operating_revenue": 223954, 
        "long_term_average": 71903, 
        "date": "2013-03-31", 
        "operating_revenue": 84981, 
        "short_term_average": 74651
    }, 
    {
        "accumulated_operating_revenue_yoy": 9.490376028287434, 
        "accumulated_operating_revenue": 301600, 
        "long_term_average": 72333, 
        "date": "2013-04-30", 
        "operating_revenue": 77646, 
        "short_term_average": 76746
    }, 
    {
        "accumulated_operating_revenue_yoy": 11.914425965272182, 
        "accumulated_operating_revenue": 381880, 
        "long_term_average": 73542, 
        "date": "2013-05-31", 
        "operating_revenue": 80280, 
        "short_term_average": 80969
    }, 
    {
        "accumulated_operating_revenue_yoy": 15.618711271394131, 
        "accumulated_operating_revenue": 464223, 
        "long_term_average": 75380, 
        "date": "2013-06-30", 
        "operating_revenue": 82343, 
        "short_term_average": 80089
    }, 
    {
        "accumulated_operating_revenue_yoy": 13.947016546882834, 
        "accumulated_operating_revenue": 545396, 
        "long_term_average": 75717, 
        "date": "2013-07-31", 
        "operating_revenue": 81173, 
        "short_term_average": 81265
    }, 
    {
        "accumulated_operating_revenue_yoy": 14.06377521277836, 
        "accumulated_operating_revenue": 626128, 
        "long_term_average": 76588, 
        "date": "2013-08-31", 
        "operating_revenue": 80732, 
        "short_term_average": 81416
    }, 
    {
        "accumulated_operating_revenue_yoy": 13.26322805791937, 
        "accumulated_operating_revenue": 706886, 
        "long_term_average": 77052, 
        "date": "2013-09-30", 
        "operating_revenue": 80758, 
        "short_term_average": 80887
    }, 
    {
        "accumulated_operating_revenue_yoy": 13.132136796800303, 
        "accumulated_operating_revenue": 788040, 
        "long_term_average": 77777, 
        "date": "2013-10-31", 
        "operating_revenue": 81154, 
        "short_term_average": 80881
    }, 
    {
        "accumulated_operating_revenue_yoy": 13.09008676269528, 
        "accumulated_operating_revenue": 872654, 
        "long_term_average": 78572, 
        "date": "2013-11-30", 
        "operating_revenue": 84614, 
        "short_term_average": 82175
    }, 
    {
        "accumulated_operating_revenue_yoy": 13.75827486140758, 
        "accumulated_operating_revenue": 957682, 
        "long_term_average": 79806, 
        "date": "2013-12-31", 
        "operating_revenue": 85028, 
        "short_term_average": 83598
    }, 
    {
        "accumulated_operating_revenue_yoy": 19.76317264573991, 
        "accumulated_operating_revenue": 85463, 
        "long_term_average": 80982, 
        "date": "2014-01-31", 
        "operating_revenue": 85463, 
        "short_term_average": 85035
    }, 
    {
        "accumulated_operating_revenue_yoy": 19.11954120584574, 
        "accumulated_operating_revenue": 165544, 
        "long_term_average": 82021, 
        "date": "2014-02-28", 
        "operating_revenue": 80081, 
        "short_term_average": 83524
    }, 
    {
        "accumulated_operating_revenue_yoy": 14.181037177277478, 
        "accumulated_operating_revenue": 255713, 
        "long_term_average": 82453, 
        "date": "2014-03-31", 
        "operating_revenue": 90169, 
        "short_term_average": 85237
    }, 
    {
        "accumulated_operating_revenue_yoy": 14.880305039787798, 
        "accumulated_operating_revenue": 346479, 
        "long_term_average": 83546, 
        "date": "2014-04-30", 
        "operating_revenue": 90766, 
        "short_term_average": 87005
    }, 
    {
        "accumulated_operating_revenue_yoy": 14.621870744736567, 
        "accumulated_operating_revenue": 437718, 
        "long_term_average": 84460, 
        "date": "2014-05-31", 
        "operating_revenue": 91239, 
        "short_term_average": 90724
    }, 
    {
        "accumulated_operating_revenue_yoy": 14.364648024763959, 
        "accumulated_operating_revenue": 530907, 
        "long_term_average": 85363, 
        "date": "2014-06-30", 
        "operating_revenue": 93189, 
        "short_term_average": 91731
    }, 
    {
        "accumulated_operating_revenue_yoy": 14.65338946380245, 
        "accumulated_operating_revenue": 625315, 
        "long_term_average": 86466, 
        "date": "2014-07-31", 
        "operating_revenue": 94408, 
        "short_term_average": 92945
    }, 
    {
        "accumulated_operating_revenue_yoy": 15.251514067411136, 
        "accumulated_operating_revenue": 721622, 
        "long_term_average": 87764, 
        "date": "2014-08-31", 
        "operating_revenue": 96307, 
        "short_term_average": 94634
    }, 
    {
        "accumulated_operating_revenue_yoy": 16.238827760063153, 
        "accumulated_operating_revenue": 821676, 
        "long_term_average": 89372, 
        "date": "2014-09-30", 
        "operating_revenue": 100054, 
        "short_term_average": 96923
    }, 
    {
        "accumulated_operating_revenue_yoy": 17.12260798944216, 
        "accumulated_operating_revenue": 922973, 
        "long_term_average": 91051, 
        "date": "2014-10-31", 
        "operating_revenue": 101297, 
        "short_term_average": 99219
    }, 
    {
        "accumulated_operating_revenue_yoy": 17.2871493169114, 
        "accumulated_operating_revenue": 1023511, 
        "long_term_average": 92378, 
        "date": "2014-11-30", 
        "operating_revenue": 100538, 
        "short_term_average": 100629
    }, 
    {
        "accumulated_operating_revenue_yoy": 17.398990479094316, 
        "accumulated_operating_revenue": 1124309, 
        "long_term_average": 93692, 
        "date": "2014-12-31", 
        "operating_revenue": 100798, 
        "short_term_average": 100877
    }, 
    {
        "accumulated_operating_revenue_yoy": 17.46252764354165, 
        "accumulated_operating_revenue": 100387, 
        "long_term_average": 94936, 
        "date": "2015-01-31", 
        "operating_revenue": 100387, 
        "short_term_average": 100574
    }, 
    {
        "accumulated_operating_revenue_yoy": 21.112815928091624, 
        "accumulated_operating_revenue": 200495, 
        "long_term_average": 96605, 
        "date": "2015-02-28", 
        "operating_revenue": 100108, 
        "short_term_average": 100431
    }, 
    {
        "accumulated_operating_revenue_yoy": 18.46014868231181, 
        "accumulated_operating_revenue": 302918, 
        "long_term_average": 97626, 
        "date": "2015-03-31", 
        "operating_revenue": 102423, 
        "short_term_average": 100972
    }, 
    {
        "accumulated_operating_revenue_yoy": 16.482961449323046, 
        "accumulated_operating_revenue": 403589, 
        "long_term_average": 98451, 
        "date": "2015-04-30", 
        "operating_revenue": 100671, 
        "short_term_average": 101067
    }, 
    {
        "accumulated_operating_revenue_yoy": 15.109728181157731, 
        "accumulated_operating_revenue": 503856, 
        "long_term_average": 99203, 
        "date": "2015-05-31", 
        "operating_revenue": 100267, 
        "short_term_average": 101120
    }, 
    {
        "accumulated_operating_revenue_yoy": 15.689000145034818, 
        "accumulated_operating_revenue": 614201, 
        "long_term_average": 100633, 
        "date": "2015-06-30", 
        "operating_revenue": 110345, 
        "short_term_average": 103761
    }, 
    {
        "accumulated_operating_revenue_yoy": 14.724418892877988, 
        "accumulated_operating_revenue": 717389, 
        "long_term_average": 101365, 
        "date": "2015-07-31", 
        "operating_revenue": 103188, 
        "short_term_average": 104600
    }, 
    {
        "accumulated_operating_revenue_yoy": 13.286180299381117, 
        "accumulated_operating_revenue": 817498, 
        "long_term_average": 101682, 
        "date": "2015-08-31", 
        "operating_revenue": 100109, 
        "short_term_average": 104547
    }
]