[
    {
        "date": "2012-01-31", 
        "operating_revenue": 6151, 
        "accumulated_operating_revenue": 6151, 
        "long_term_average": 6151, 
        "short_term_average": 6151
    }, 
    {
        "date": "2012-02-29", 
        "operating_revenue": 6248, 
        "accumulated_operating_revenue": 12399, 
        "long_term_average": 6199, 
        "short_term_average": 6199
    }, 
    {
        "date": "2012-03-31", 
        "operating_revenue": 14630, 
        "accumulated_operating_revenue": 27029, 
        "long_term_average": 9009, 
        "short_term_average": 9009
    }, 
    {
        "date": "2012-04-30", 
        "operating_revenue": 19293, 
        "accumulated_operating_revenue": 46322, 
        "long_term_average": 11580, 
        "short_term_average": 13390
    }, 
    {
        "date": "2012-05-31", 
        "operating_revenue": 20308, 
        "accumulated_operating_revenue": 66630, 
        "long_term_average": 13326, 
        "short_term_average": 18077
    }, 
    {
        "date": "2012-06-30", 
        "operating_revenue": 14813, 
        "accumulated_operating_revenue": 81443, 
        "long_term_average": 13573, 
        "short_term_average": 18138
    }, 
    {
        "date": "2012-07-31", 
        "operating_revenue": 15256, 
        "accumulated_operating_revenue": 96699, 
        "long_term_average": 13814, 
        "short_term_average": 16792
    }, 
    {
        "date": "2012-08-31", 
        "operating_revenue": 15537, 
        "accumulated_operating_revenue": 112236, 
        "long_term_average": 14029, 
        "short_term_average": 15202
    }, 
    {
        "date": "2012-09-30", 
        "operating_revenue": 15852, 
        "accumulated_operating_revenue": 128088, 
        "long_term_average": 14232, 
        "short_term_average": 15548
    }, 
    {
        "date": "2012-10-31", 
        "operating_revenue": 16168, 
        "accumulated_operating_revenue": 144256, 
        "long_term_average": 14425, 
        "short_term_average": 15852
    }, 
    {
        "date": "2012-11-30", 
        "operating_revenue": 16191, 
        "accumulated_operating_revenue": 160447, 
        "long_term_average": 14586, 
        "short_term_average": 16070
    }, 
    {
        "date": "2012-12-31", 
        "operating_revenue": 16201, 
        "accumulated_operating_revenue": 176648, 
        "long_term_average": 14720, 
        "short_term_average": 16186
    }, 
    {
        "accumulated_operating_revenue_yoy": 165.48528694521215, 
        "accumulated_operating_revenue": 16330, 
        "long_term_average": 15568, 
        "date": "2013-01-31", 
        "operating_revenue": 16330, 
        "short_term_average": 16240
    }, 
    {
        "accumulated_operating_revenue_yoy": 133.13976933623678, 
        "accumulated_operating_revenue": 28907, 
        "long_term_average": 16096, 
        "date": "2013-02-28", 
        "operating_revenue": 12577, 
        "short_term_average": 15036
    }, 
    {
        "accumulated_operating_revenue_yoy": 63.27278108698064, 
        "accumulated_operating_revenue": 44131, 
        "long_term_average": 16145, 
        "date": "2013-03-31", 
        "operating_revenue": 15224, 
        "short_term_average": 14710
    }, 
    {
        "accumulated_operating_revenue_yoy": 28.338586416821382, 
        "accumulated_operating_revenue": 59449, 
        "long_term_average": 15814, 
        "date": "2013-04-30", 
        "operating_revenue": 15318, 
        "short_term_average": 14373
    }, 
    {
        "accumulated_operating_revenue_yoy": 12.758517184451449, 
        "accumulated_operating_revenue": 75131, 
        "long_term_average": 15429, 
        "date": "2013-05-31", 
        "operating_revenue": 15682, 
        "short_term_average": 15408
    }, 
    {
        "accumulated_operating_revenue_yoy": 11.599523593187874, 
        "accumulated_operating_revenue": 90890, 
        "long_term_average": 15507, 
        "date": "2013-06-30", 
        "operating_revenue": 15759, 
        "short_term_average": 15586
    }, 
    {
        "accumulated_operating_revenue_yoy": 2.883173559188823, 
        "accumulated_operating_revenue": 99487, 
        "long_term_average": 14953, 
        "date": "2013-07-31", 
        "operating_revenue": 8597, 
        "short_term_average": 13346
    }, 
    {
        "accumulated_operating_revenue_yoy": -3.610249830713853, 
        "accumulated_operating_revenue": 108184, 
        "long_term_average": 14383, 
        "date": "2013-08-31", 
        "operating_revenue": 8697, 
        "short_term_average": 11017
    }, 
    {
        "accumulated_operating_revenue_yoy": -8.619074386359378, 
        "accumulated_operating_revenue": 117048, 
        "long_term_average": 13800, 
        "date": "2013-09-30", 
        "operating_revenue": 8864, 
        "short_term_average": 8719
    }, 
    {
        "accumulated_operating_revenue_yoy": -12.657359139307896, 
        "accumulated_operating_revenue": 125997, 
        "long_term_average": 13199, 
        "date": "2013-10-31", 
        "operating_revenue": 8949, 
        "short_term_average": 8836
    }, 
    {
        "accumulated_operating_revenue_yoy": -15.846977506590962, 
        "accumulated_operating_revenue": 135021, 
        "long_term_average": 12601, 
        "date": "2013-11-30", 
        "operating_revenue": 9024, 
        "short_term_average": 8945
    }, 
    {
        "accumulated_operating_revenue_yoy": -17.922648430777592, 
        "accumulated_operating_revenue": 144988, 
        "long_term_average": 12082, 
        "date": "2013-12-31", 
        "operating_revenue": 9967, 
        "short_term_average": 9313
    }, 
    {
        "accumulated_operating_revenue_yoy": -43.8946723821188, 
        "accumulated_operating_revenue": 9162, 
        "long_term_average": 11485, 
        "date": "2014-01-31", 
        "operating_revenue": 9162, 
        "short_term_average": 9384
    }, 
    {
        "accumulated_operating_revenue_yoy": -36.50672847407203, 
        "accumulated_operating_revenue": 18354, 
        "long_term_average": 11202, 
        "date": "2014-02-28", 
        "operating_revenue": 9192, 
        "short_term_average": 9440
    }, 
    {
        "accumulated_operating_revenue_yoy": -37.48385488658766, 
        "accumulated_operating_revenue": 27589, 
        "long_term_average": 10703, 
        "date": "2014-03-31", 
        "operating_revenue": 9235, 
        "short_term_average": 9196
    }, 
    {
        "accumulated_operating_revenue_yoy": -38.04605628353715, 
        "accumulated_operating_revenue": 36831, 
        "long_term_average": 10197, 
        "date": "2014-04-30", 
        "operating_revenue": 9242, 
        "short_term_average": 9223
    }, 
    {
        "accumulated_operating_revenue_yoy": -38.66180404892787, 
        "accumulated_operating_revenue": 46084, 
        "long_term_average": 9661, 
        "date": "2014-05-31", 
        "operating_revenue": 9253, 
        "short_term_average": 9243
    }, 
    {
        "accumulated_operating_revenue_yoy": -39.064803608757835, 
        "accumulated_operating_revenue": 55384, 
        "long_term_average": 9123, 
        "date": "2014-06-30", 
        "operating_revenue": 9300, 
        "short_term_average": 9265
    }, 
    {
        "accumulated_operating_revenue_yoy": -34.95431563922924, 
        "accumulated_operating_revenue": 64712, 
        "long_term_average": 9184, 
        "date": "2014-07-31", 
        "operating_revenue": 9328, 
        "short_term_average": 9293
    }, 
    {
        "accumulated_operating_revenue_yoy": -31.51390224062708, 
        "accumulated_operating_revenue": 74091, 
        "long_term_average": 9241, 
        "date": "2014-08-31", 
        "operating_revenue": 9379, 
        "short_term_average": 9335
    }, 
    {
        "accumulated_operating_revenue_yoy": -28.597669332239768, 
        "accumulated_operating_revenue": 83575, 
        "long_term_average": 9292, 
        "date": "2014-09-30", 
        "operating_revenue": 9484, 
        "short_term_average": 9397
    }, 
    {
        "accumulated_operating_revenue_yoy": -32.56902942133543, 
        "accumulated_operating_revenue": 84961, 
        "long_term_average": 8662, 
        "date": "2014-10-31", 
        "operating_revenue": 1386, 
        "short_term_average": 6749
    }, 
    {
        "accumulated_operating_revenue_yoy": -33.87695247405959, 
        "accumulated_operating_revenue": 89280, 
        "long_term_average": 8270, 
        "date": "2014-11-30", 
        "operating_revenue": 4319, 
        "short_term_average": 5063
    }, 
    {
        "accumulated_operating_revenue_yoy": -37.4217176593925, 
        "accumulated_operating_revenue": 90731, 
        "long_term_average": 7560, 
        "date": "2014-12-31", 
        "operating_revenue": 1451, 
        "short_term_average": 2385
    }, 
    {
        "accumulated_operating_revenue_yoy": -83.22418685876445, 
        "accumulated_operating_revenue": 1537, 
        "long_term_average": 6925, 
        "date": "2015-01-31", 
        "operating_revenue": 1537, 
        "short_term_average": 2435
    }, 
    {
        "accumulated_operating_revenue_yoy": -82.95194508009153, 
        "accumulated_operating_revenue": 3129, 
        "long_term_average": 6292, 
        "date": "2015-02-28", 
        "operating_revenue": 1592, 
        "short_term_average": 1526
    }, 
    {
        "accumulated_operating_revenue_yoy": -82.68875276378267, 
        "accumulated_operating_revenue": 4776, 
        "long_term_average": 5659, 
        "date": "2015-03-31", 
        "operating_revenue": 1647, 
        "short_term_average": 1592
    }, 
    {
        "accumulated_operating_revenue_yoy": -82.42784610789823, 
        "accumulated_operating_revenue": 6472, 
        "long_term_average": 5031, 
        "date": "2015-04-30", 
        "operating_revenue": 1696, 
        "short_term_average": 1645
    }, 
    {
        "accumulated_operating_revenue_yoy": -82.16517663397275, 
        "accumulated_operating_revenue": 8219, 
        "long_term_average": 4405, 
        "date": "2015-05-31", 
        "operating_revenue": 1747, 
        "short_term_average": 1696
    }, 
    {
        "accumulated_operating_revenue_yoy": -81.95868842987144, 
        "accumulated_operating_revenue": 9992, 
        "long_term_average": 3778, 
        "date": "2015-06-30", 
        "operating_revenue": 1773, 
        "short_term_average": 1738
    }, 
    {
        "accumulated_operating_revenue_yoy": -81.79935715168747, 
        "accumulated_operating_revenue": 11778, 
        "long_term_average": 3149, 
        "date": "2015-07-31", 
        "operating_revenue": 1786, 
        "short_term_average": 1768
    }, 
    {
        "accumulated_operating_revenue_yoy": -81.68198566627525, 
        "accumulated_operating_revenue": 13572, 
        "long_term_average": 2517, 
        "date": "2015-08-31", 
        "operating_revenue": 1794, 
        "short_term_average": 1784
    }, 
    {
        "accumulated_operating_revenue_yoy": -81.5985641639246, 
        "accumulated_operating_revenue": 15379, 
        "long_term_average": 1877, 
        "date": "2015-09-30", 
        "operating_revenue": 1807, 
        "short_term_average": 1795
    }
]