[
    {
        "date": "2012-01-31", 
        "operating_revenue": 26115, 
        "accumulated_operating_revenue": 26115, 
        "long_term_average": 26115, 
        "short_term_average": 26115
    }, 
    {
        "date": "2012-02-29", 
        "operating_revenue": 62808, 
        "accumulated_operating_revenue": 88923, 
        "long_term_average": 44461, 
        "short_term_average": 44461
    }, 
    {
        "date": "2012-03-31", 
        "operating_revenue": 50896, 
        "accumulated_operating_revenue": 139819, 
        "long_term_average": 46606, 
        "short_term_average": 46606
    }, 
    {
        "date": "2012-04-30", 
        "operating_revenue": 72366, 
        "accumulated_operating_revenue": 212185, 
        "long_term_average": 53046, 
        "short_term_average": 62023
    }, 
    {
        "date": "2012-05-31", 
        "operating_revenue": 31143, 
        "accumulated_operating_revenue": 243328, 
        "long_term_average": 48665, 
        "short_term_average": 51468
    }, 
    {
        "date": "2012-06-30", 
        "operating_revenue": 36973, 
        "accumulated_operating_revenue": 280301, 
        "long_term_average": 46716, 
        "short_term_average": 46827
    }, 
    {
        "date": "2012-07-31", 
        "operating_revenue": 41391, 
        "accumulated_operating_revenue": 321692, 
        "long_term_average": 45956, 
        "short_term_average": 36502
    }, 
    {
        "date": "2012-08-31", 
        "operating_revenue": 49798, 
        "accumulated_operating_revenue": 371490, 
        "long_term_average": 46436, 
        "short_term_average": 42720
    }, 
    {
        "date": "2012-09-30", 
        "operating_revenue": 63441, 
        "accumulated_operating_revenue": 434931, 
        "long_term_average": 48325, 
        "short_term_average": 51543
    }, 
    {
        "date": "2012-10-31", 
        "operating_revenue": 123330, 
        "accumulated_operating_revenue": 558261, 
        "long_term_average": 55826, 
        "short_term_average": 78856
    }, 
    {
        "date": "2012-11-30", 
        "operating_revenue": 66515, 
        "accumulated_operating_revenue": 624776, 
        "long_term_average": 56797, 
        "short_term_average": 84428
    }, 
    {
        "date": "2012-12-31", 
        "operating_revenue": 36187, 
        "accumulated_operating_revenue": 660963, 
        "long_term_average": 55080, 
        "short_term_average": 75344
    }, 
    {
        "accumulated_operating_revenue_yoy": 104.74439977024699, 
        "accumulated_operating_revenue": 53469, 
        "long_term_average": 57359, 
        "date": "2013-01-31", 
        "operating_revenue": 53469, 
        "short_term_average": 52057
    }, 
    {
        "accumulated_operating_revenue_yoy": 32.32009716271381, 
        "accumulated_operating_revenue": 117663, 
        "long_term_average": 57475, 
        "date": "2013-02-28", 
        "operating_revenue": 64194, 
        "short_term_average": 51283
    }, 
    {
        "accumulated_operating_revenue_yoy": 7.4567834128408865, 
        "accumulated_operating_revenue": 150245, 
        "long_term_average": 55949, 
        "date": "2013-03-31", 
        "operating_revenue": 32582, 
        "short_term_average": 50081
    }, 
    {
        "accumulated_operating_revenue_yoy": -11.350001178217122, 
        "accumulated_operating_revenue": 188102, 
        "long_term_average": 53073, 
        "date": "2013-04-30", 
        "operating_revenue": 37857, 
        "short_term_average": 44877
    }, 
    {
        "accumulated_operating_revenue_yoy": -4.011868753287743, 
        "accumulated_operating_revenue": 233566, 
        "long_term_average": 54266, 
        "date": "2013-05-31", 
        "operating_revenue": 45464, 
        "short_term_average": 38634
    }, 
    {
        "accumulated_operating_revenue_yoy": -0.5800906882244444, 
        "accumulated_operating_revenue": 278675, 
        "long_term_average": 54944, 
        "date": "2013-06-30", 
        "operating_revenue": 45109, 
        "short_term_average": 42810
    }, 
    {
        "accumulated_operating_revenue_yoy": 1.309948646531465, 
        "accumulated_operating_revenue": 325906, 
        "long_term_average": 55431, 
        "date": "2013-07-31", 
        "operating_revenue": 47231, 
        "short_term_average": 45934
    }, 
    {
        "accumulated_operating_revenue_yoy": 2.822417830897198, 
        "accumulated_operating_revenue": 381975, 
        "long_term_average": 55954, 
        "date": "2013-08-31", 
        "operating_revenue": 56069, 
        "short_term_average": 49469
    }, 
    {
        "accumulated_operating_revenue_yoy": 0.24532627014399985, 
        "accumulated_operating_revenue": 435998, 
        "long_term_average": 55169, 
        "date": "2013-09-30", 
        "operating_revenue": 54023, 
        "short_term_average": 52441
    }, 
    {
        "accumulated_operating_revenue_yoy": -5.928230702126783, 
        "accumulated_operating_revenue": 525166, 
        "long_term_average": 52322, 
        "date": "2013-10-31", 
        "operating_revenue": 89168, 
        "short_term_average": 66420
    }, 
    {
        "accumulated_operating_revenue_yoy": -8.06657105906757, 
        "accumulated_operating_revenue": 574378, 
        "long_term_average": 50880, 
        "date": "2013-11-30", 
        "operating_revenue": 49212, 
        "short_term_average": 64134
    }, 
    {
        "accumulated_operating_revenue_yoy": -4.111879182344548, 
        "accumulated_operating_revenue": 633785, 
        "long_term_average": 52815, 
        "date": "2013-12-31", 
        "operating_revenue": 59407, 
        "short_term_average": 65929
    }, 
    {
        "accumulated_operating_revenue_yoy": 12.515663281527614, 
        "accumulated_operating_revenue": 60161, 
        "long_term_average": 53373, 
        "date": "2014-01-31", 
        "operating_revenue": 60161, 
        "short_term_average": 56260
    }, 
    {
        "accumulated_operating_revenue_yoy": -11.21508035661168, 
        "accumulated_operating_revenue": 104467, 
        "long_term_average": 51715, 
        "date": "2014-02-28", 
        "operating_revenue": 44306, 
        "short_term_average": 54624
    }, 
    {
        "accumulated_operating_revenue_yoy": 0.0073213750873573165, 
        "accumulated_operating_revenue": 150256, 
        "long_term_average": 52816, 
        "date": "2014-03-31", 
        "operating_revenue": 45789, 
        "short_term_average": 50085
    }, 
    {
        "accumulated_operating_revenue_yoy": 1.2992950633167113, 
        "accumulated_operating_revenue": 190546, 
        "long_term_average": 53019, 
        "date": "2014-04-30", 
        "operating_revenue": 40290, 
        "short_term_average": 43461
    }, 
    {
        "accumulated_operating_revenue_yoy": 3.100622522113664, 
        "accumulated_operating_revenue": 240808, 
        "long_term_average": 53418, 
        "date": "2014-05-31", 
        "operating_revenue": 50262, 
        "short_term_average": 45447
    }, 
    {
        "accumulated_operating_revenue_yoy": 1.5182560330133668, 
        "accumulated_operating_revenue": 282906, 
        "long_term_average": 53168, 
        "date": "2014-06-30", 
        "operating_revenue": 42098, 
        "short_term_average": 44216
    }, 
    {
        "accumulated_operating_revenue_yoy": 2.723484685768289, 
        "accumulated_operating_revenue": 334782, 
        "long_term_average": 53555, 
        "date": "2014-07-31", 
        "operating_revenue": 51876, 
        "short_term_average": 48078
    }, 
    {
        "accumulated_operating_revenue_yoy": -0.143464886445448, 
        "accumulated_operating_revenue": 381427, 
        "long_term_average": 52769, 
        "date": "2014-08-31", 
        "operating_revenue": 46645, 
        "short_term_average": 46873
    }, 
    {
        "accumulated_operating_revenue_yoy": 1.0899132564828278, 
        "accumulated_operating_revenue": 440750, 
        "long_term_average": 53211, 
        "date": "2014-09-30", 
        "operating_revenue": 59323, 
        "short_term_average": 52614
    }, 
    {
        "accumulated_operating_revenue_yoy": -3.605336217500752, 
        "accumulated_operating_revenue": 506232, 
        "long_term_average": 51237, 
        "date": "2014-10-31", 
        "operating_revenue": 65482, 
        "short_term_average": 57150
    }, 
    {
        "accumulated_operating_revenue_yoy": -3.968292657448579, 
        "accumulated_operating_revenue": 551585, 
        "long_term_average": 50916, 
        "date": "2014-11-30", 
        "operating_revenue": 45353, 
        "short_term_average": 56719
    }, 
    {
        "accumulated_operating_revenue_yoy": -4.783798922347484, 
        "accumulated_operating_revenue": 603466, 
        "long_term_average": 50288, 
        "date": "2014-12-31", 
        "operating_revenue": 51881, 
        "short_term_average": 54238
    }, 
    {
        "accumulated_operating_revenue_yoy": -14.404680773258423, 
        "accumulated_operating_revenue": 51495, 
        "long_term_average": 49566, 
        "date": "2015-01-31", 
        "operating_revenue": 51495, 
        "short_term_average": 49576
    }, 
    {
        "accumulated_operating_revenue_yoy": 14.967405975092612, 
        "accumulated_operating_revenue": 120103, 
        "long_term_average": 51591, 
        "date": "2015-02-28", 
        "operating_revenue": 68608, 
        "short_term_average": 57328
    }, 
    {
        "accumulated_operating_revenue_yoy": 31.838994782238313, 
        "accumulated_operating_revenue": 198096, 
        "long_term_average": 54275, 
        "date": "2015-03-31", 
        "operating_revenue": 77993, 
        "short_term_average": 66032
    }, 
    {
        "accumulated_operating_revenue_yoy": 28.194241810376496, 
        "accumulated_operating_revenue": 244269, 
        "long_term_average": 54765, 
        "date": "2015-04-30", 
        "operating_revenue": 46173, 
        "short_term_average": 64258
    }, 
    {
        "accumulated_operating_revenue_yoy": 23.439835885850968, 
        "accumulated_operating_revenue": 297253, 
        "long_term_average": 54992, 
        "date": "2015-05-31", 
        "operating_revenue": 52984, 
        "short_term_average": 59050
    }, 
    {
        "accumulated_operating_revenue_yoy": 28.84208889171668, 
        "accumulated_operating_revenue": 364502, 
        "long_term_average": 57088, 
        "date": "2015-06-30", 
        "operating_revenue": 67249, 
        "short_term_average": 55468
    }, 
    {
        "accumulated_operating_revenue_yoy": 23.003028836675806, 
        "accumulated_operating_revenue": 411792, 
        "long_term_average": 56706, 
        "date": "2015-07-31", 
        "operating_revenue": 47290, 
        "short_term_average": 55841
    }, 
    {
        "accumulated_operating_revenue_yoy": 25.04227545506742, 
        "accumulated_operating_revenue": 476945, 
        "long_term_average": 58248, 
        "date": "2015-08-31", 
        "operating_revenue": 65153, 
        "short_term_average": 59897
    }, 
    {
        "accumulated_operating_revenue_yoy": 24.499602949517868, 
        "accumulated_operating_revenue": 548732, 
        "long_term_average": 59287, 
        "date": "2015-09-30", 
        "operating_revenue": 71787, 
        "short_term_average": 61410
    }
]