[
    {
        "date": "2012-01-31", 
        "operating_revenue": 83759, 
        "accumulated_operating_revenue": 83759, 
        "long_term_average": 83759, 
        "short_term_average": 83759
    }, 
    {
        "date": "2012-02-29", 
        "operating_revenue": 74459, 
        "accumulated_operating_revenue": 158218, 
        "long_term_average": 79109, 
        "short_term_average": 79109
    }, 
    {
        "date": "2012-03-31", 
        "operating_revenue": 82956, 
        "accumulated_operating_revenue": 241174, 
        "long_term_average": 80391, 
        "short_term_average": 80391
    }, 
    {
        "date": "2012-04-30", 
        "operating_revenue": 87319, 
        "accumulated_operating_revenue": 328493, 
        "long_term_average": 82123, 
        "short_term_average": 81578
    }, 
    {
        "date": "2012-05-31", 
        "operating_revenue": 84387, 
        "accumulated_operating_revenue": 412880, 
        "long_term_average": 82576, 
        "short_term_average": 84887
    }, 
    {
        "date": "2012-06-30", 
        "operating_revenue": 82723, 
        "accumulated_operating_revenue": 495603, 
        "long_term_average": 82600, 
        "short_term_average": 84809
    }, 
    {
        "date": "2012-07-31", 
        "operating_revenue": 104171, 
        "accumulated_operating_revenue": 599774, 
        "long_term_average": 85682, 
        "short_term_average": 90427
    }, 
    {
        "date": "2012-08-31", 
        "operating_revenue": 73337, 
        "accumulated_operating_revenue": 673111, 
        "long_term_average": 84138, 
        "short_term_average": 86743
    }, 
    {
        "date": "2012-09-30", 
        "operating_revenue": 93627, 
        "accumulated_operating_revenue": 766738, 
        "long_term_average": 85193, 
        "short_term_average": 90378
    }, 
    {
        "date": "2012-10-31", 
        "operating_revenue": 107243, 
        "accumulated_operating_revenue": 873981, 
        "long_term_average": 87398, 
        "short_term_average": 91402
    }, 
    {
        "date": "2012-11-30", 
        "operating_revenue": 101029, 
        "accumulated_operating_revenue": 975010, 
        "long_term_average": 88637, 
        "short_term_average": 100633
    }, 
    {
        "date": "2012-12-31", 
        "operating_revenue": 100466, 
        "accumulated_operating_revenue": 1075476, 
        "long_term_average": 89623, 
        "short_term_average": 102912
    }, 
    {
        "accumulated_operating_revenue_yoy": 43.76843085519168, 
        "accumulated_operating_revenue": 120419, 
        "long_term_average": 92678, 
        "date": "2013-01-31", 
        "operating_revenue": 120419, 
        "short_term_average": 107304
    }, 
    {
        "accumulated_operating_revenue_yoy": 18.834140236888345, 
        "accumulated_operating_revenue": 188017, 
        "long_term_average": 92106, 
        "date": "2013-02-28", 
        "operating_revenue": 67598, 
        "short_term_average": 96161
    }, 
    {
        "accumulated_operating_revenue_yoy": 21.46707356514384, 
        "accumulated_operating_revenue": 292947, 
        "long_term_average": 93937, 
        "date": "2013-03-31", 
        "operating_revenue": 104930, 
        "short_term_average": 97649
    }, 
    {
        "accumulated_operating_revenue_yoy": 20.159333684431633, 
        "accumulated_operating_revenue": 394715, 
        "long_term_average": 95141, 
        "date": "2013-04-30", 
        "operating_revenue": 101768, 
        "short_term_average": 91432
    }, 
    {
        "accumulated_operating_revenue_yoy": 21.125024220112383, 
        "accumulated_operating_revenue": 500101, 
        "long_term_average": 96891, 
        "date": "2013-05-31", 
        "operating_revenue": 105386, 
        "short_term_average": 104028
    }, 
    {
        "accumulated_operating_revenue_yoy": 22.613866340599227, 
        "accumulated_operating_revenue": 607678, 
        "long_term_average": 98962, 
        "date": "2013-06-30", 
        "operating_revenue": 107577, 
        "short_term_average": 104910
    }, 
    {
        "accumulated_operating_revenue_yoy": 18.334405959578106, 
        "accumulated_operating_revenue": 709739, 
        "long_term_average": 98786, 
        "date": "2013-07-31", 
        "operating_revenue": 102061, 
        "short_term_average": 105008
    }, 
    {
        "accumulated_operating_revenue_yoy": 20.54029721695233, 
        "accumulated_operating_revenue": 811370, 
        "long_term_average": 101144, 
        "date": "2013-08-31", 
        "operating_revenue": 101631, 
        "short_term_average": 103756
    }, 
    {
        "accumulated_operating_revenue_yoy": 18.76168912979401, 
        "accumulated_operating_revenue": 910591, 
        "long_term_average": 101610, 
        "date": "2013-09-30", 
        "operating_revenue": 99221, 
        "short_term_average": 100971
    }, 
    {
        "accumulated_operating_revenue_yoy": 17.427152306514675, 
        "accumulated_operating_revenue": 1026291, 
        "long_term_average": 102315, 
        "date": "2013-10-31", 
        "operating_revenue": 115700, 
        "short_term_average": 105517
    }, 
    {
        "accumulated_operating_revenue_yoy": 16.944544158521452, 
        "accumulated_operating_revenue": 1140221, 
        "long_term_average": 103390, 
        "date": "2013-11-30", 
        "operating_revenue": 113930, 
        "short_term_average": 109617
    }, 
    {
        "accumulated_operating_revenue_yoy": 16.58075122085477, 
        "accumulated_operating_revenue": 1253798, 
        "long_term_average": 104483, 
        "date": "2013-12-31", 
        "operating_revenue": 113577, 
        "short_term_average": 114402
    }, 
    {
        "accumulated_operating_revenue_yoy": 6.930799956817446, 
        "accumulated_operating_revenue": 128765, 
        "long_term_average": 105178, 
        "date": "2014-01-31", 
        "operating_revenue": 128765, 
        "short_term_average": 118757
    }, 
    {
        "accumulated_operating_revenue_yoy": 14.37848705170277, 
        "accumulated_operating_revenue": 215051, 
        "long_term_average": 106736, 
        "date": "2014-02-28", 
        "operating_revenue": 86286, 
        "short_term_average": 109542
    }, 
    {
        "accumulated_operating_revenue_yoy": 9.97142827883542, 
        "accumulated_operating_revenue": 322158, 
        "long_term_average": 106917, 
        "date": "2014-03-31", 
        "operating_revenue": 107107, 
        "short_term_average": 107386
    }, 
    {
        "accumulated_operating_revenue_yoy": 11.78977236740433, 
        "accumulated_operating_revenue": 441251, 
        "long_term_average": 108361, 
        "date": "2014-04-30", 
        "operating_revenue": 119093, 
        "short_term_average": 104162
    }, 
    {
        "accumulated_operating_revenue_yoy": 15.434882153804933, 
        "accumulated_operating_revenue": 577291, 
        "long_term_average": 110915, 
        "date": "2014-05-31", 
        "operating_revenue": 136040, 
        "short_term_average": 120746
    }, 
    {
        "accumulated_operating_revenue_yoy": 14.986226257985313, 
        "accumulated_operating_revenue": 698746, 
        "long_term_average": 112072, 
        "date": "2014-06-30", 
        "operating_revenue": 121455, 
        "short_term_average": 125529
    }, 
    {
        "accumulated_operating_revenue_yoy": 17.285368283270326, 
        "accumulated_operating_revenue": 832420, 
        "long_term_average": 114706, 
        "date": "2014-07-31", 
        "operating_revenue": 133674, 
        "short_term_average": 130389
    }, 
    {
        "accumulated_operating_revenue_yoy": 18.33318954361142, 
        "accumulated_operating_revenue": 960120, 
        "long_term_average": 116879, 
        "date": "2014-08-31", 
        "operating_revenue": 127700, 
        "short_term_average": 127609
    }, 
    {
        "accumulated_operating_revenue_yoy": 20.066308584205203, 
        "accumulated_operating_revenue": 1093313, 
        "long_term_average": 119710, 
        "date": "2014-09-30", 
        "operating_revenue": 133193, 
        "short_term_average": 131522
    }, 
    {
        "accumulated_operating_revenue_yoy": 19.71399924582794, 
        "accumulated_operating_revenue": 1228614, 
        "long_term_average": 121343, 
        "date": "2014-10-31", 
        "operating_revenue": 135301, 
        "short_term_average": 132064
    }, 
    {
        "accumulated_operating_revenue_yoy": 18.514393262358787, 
        "accumulated_operating_revenue": 1351326, 
        "long_term_average": 122075, 
        "date": "2014-11-30", 
        "operating_revenue": 122712, 
        "short_term_average": 130402
    }, 
    {
        "accumulated_operating_revenue_yoy": 19.015104506467548, 
        "accumulated_operating_revenue": 1492209, 
        "long_term_average": 124350, 
        "date": "2014-12-31", 
        "operating_revenue": 140883, 
        "short_term_average": 132965
    }, 
    {
        "accumulated_operating_revenue_yoy": 23.233021395565565, 
        "accumulated_operating_revenue": 158681, 
        "long_term_average": 126843, 
        "date": "2015-01-31", 
        "operating_revenue": 158681, 
        "short_term_average": 140758
    }, 
    {
        "accumulated_operating_revenue_yoy": 27.104733295822854, 
        "accumulated_operating_revenue": 273340, 
        "long_term_average": 129208, 
        "date": "2015-02-28", 
        "operating_revenue": 114659, 
        "short_term_average": 138074
    }, 
    {
        "accumulated_operating_revenue_yoy": 25.75258103166769, 
        "accumulated_operating_revenue": 405122, 
        "long_term_average": 131264, 
        "date": "2015-03-31", 
        "operating_revenue": 131782, 
        "short_term_average": 135040
    }, 
    {
        "accumulated_operating_revenue_yoy": 24.13297646917514, 
        "accumulated_operating_revenue": 547738, 
        "long_term_average": 133224, 
        "date": "2015-04-30", 
        "operating_revenue": 142616, 
        "short_term_average": 129685
    }, 
    {
        "accumulated_operating_revenue_yoy": 21.52016920409291, 
        "accumulated_operating_revenue": 701525, 
        "long_term_average": 134703, 
        "date": "2015-05-31", 
        "operating_revenue": 153787, 
        "short_term_average": 142728
    }, 
    {
        "accumulated_operating_revenue_yoy": 21.98810440417548, 
        "accumulated_operating_revenue": 852387, 
        "long_term_average": 137154, 
        "date": "2015-06-30", 
        "operating_revenue": 150862, 
        "short_term_average": 149088
    }, 
    {
        "accumulated_operating_revenue_yoy": 20.28963744263713, 
        "accumulated_operating_revenue": 1001315, 
        "long_term_average": 138425, 
        "date": "2015-07-31", 
        "operating_revenue": 148928, 
        "short_term_average": 151192
    }, 
    {
        "accumulated_operating_revenue_yoy": 20.390680331625212, 
        "accumulated_operating_revenue": 1155895, 
        "long_term_average": 140665, 
        "date": "2015-08-31", 
        "operating_revenue": 154580, 
        "short_term_average": 151456
    }
]