[
    {
        "date": "2011-09-30", 
        "operating_revenue": 87948, 
        "accumulated_operating_revenue": 87948, 
        "long_term_average": 87948, 
        "short_term_average": 87948
    }, 
    {
        "date": "2011-10-31", 
        "operating_revenue": 100183, 
        "accumulated_operating_revenue": 188131, 
        "long_term_average": 94065, 
        "short_term_average": 94065
    }, 
    {
        "date": "2011-11-30", 
        "operating_revenue": 73026, 
        "accumulated_operating_revenue": 261157, 
        "long_term_average": 87052, 
        "short_term_average": 87052
    }, 
    {
        "date": "2011-12-31", 
        "operating_revenue": 98399, 
        "accumulated_operating_revenue": 359556, 
        "long_term_average": 89889, 
        "short_term_average": 90536
    }, 
    {
        "date": "2012-01-31", 
        "operating_revenue": 146811, 
        "accumulated_operating_revenue": 146811, 
        "long_term_average": 101273, 
        "short_term_average": 106078
    }, 
    {
        "date": "2012-02-29", 
        "operating_revenue": 105520, 
        "accumulated_operating_revenue": 252331, 
        "long_term_average": 101981, 
        "short_term_average": 116910
    }, 
    {
        "date": "2012-03-31", 
        "operating_revenue": 106015, 
        "accumulated_operating_revenue": 358346, 
        "long_term_average": 102557, 
        "short_term_average": 119448
    }, 
    {
        "date": "2012-04-30", 
        "operating_revenue": 93777, 
        "accumulated_operating_revenue": 452123, 
        "long_term_average": 101459, 
        "short_term_average": 101770
    }, 
    {
        "date": "2012-05-31", 
        "operating_revenue": 108718, 
        "accumulated_operating_revenue": 560841, 
        "long_term_average": 102266, 
        "short_term_average": 102836
    }, 
    {
        "date": "2012-06-30", 
        "operating_revenue": 79168, 
        "accumulated_operating_revenue": 640009, 
        "long_term_average": 99956, 
        "short_term_average": 93887
    }, 
    {
        "date": "2012-07-31", 
        "operating_revenue": 103920, 
        "accumulated_operating_revenue": 743929, 
        "long_term_average": 100316, 
        "short_term_average": 97268
    }, 
    {
        "date": "2012-08-31", 
        "operating_revenue": 104965, 
        "accumulated_operating_revenue": 848894, 
        "long_term_average": 100704, 
        "short_term_average": 96017
    }, 
    {
        "accumulated_operating_revenue_yoy": 983.8529585664256, 
        "accumulated_operating_revenue": 953227, 
        "long_term_average": 102069, 
        "date": "2012-09-30", 
        "operating_revenue": 104333, 
        "short_term_average": 104406
    }, 
    {
        "accumulated_operating_revenue_yoy": 475.0700309890449, 
        "accumulated_operating_revenue": 1081885, 
        "long_term_average": 104442, 
        "date": "2012-10-31", 
        "operating_revenue": 128658, 
        "short_term_average": 112652
    }, 
    {
        "accumulated_operating_revenue_yoy": 354.70579000371424, 
        "accumulated_operating_revenue": 1187496, 
        "long_term_average": 107157, 
        "date": "2012-11-30", 
        "operating_revenue": 105611, 
        "short_term_average": 112867
    }, 
    {
        "accumulated_operating_revenue_yoy": 251.14724827286986, 
        "accumulated_operating_revenue": 1262571, 
        "long_term_average": 105214, 
        "date": "2012-12-31", 
        "operating_revenue": 75075, 
        "short_term_average": 103114
    }, 
    {
        "accumulated_operating_revenue_yoy": -31.399554529292768, 
        "accumulated_operating_revenue": 100713, 
        "long_term_average": 101372, 
        "date": "2013-01-31", 
        "operating_revenue": 100713, 
        "short_term_average": 93799
    }, 
    {
        "accumulated_operating_revenue_yoy": -19.759759997780694, 
        "accumulated_operating_revenue": 202471, 
        "long_term_average": 101059, 
        "date": "2013-02-28", 
        "operating_revenue": 101758, 
        "short_term_average": 92515
    }, 
    {
        "accumulated_operating_revenue_yoy": -5.978300301942815, 
        "accumulated_operating_revenue": 336923, 
        "long_term_average": 103429, 
        "date": "2013-03-31", 
        "operating_revenue": 134452, 
        "short_term_average": 112307
    }, 
    {
        "accumulated_operating_revenue_yoy": -4.247516715584034, 
        "accumulated_operating_revenue": 432919, 
        "long_term_average": 103613, 
        "date": "2013-04-30", 
        "operating_revenue": 95996, 
        "short_term_average": 110735
    }, 
    {
        "accumulated_operating_revenue_yoy": -0.7080438127740304, 
        "accumulated_operating_revenue": 556870, 
        "long_term_average": 104883, 
        "date": "2013-05-31", 
        "operating_revenue": 123951, 
        "short_term_average": 118133
    }, 
    {
        "accumulated_operating_revenue_yoy": 0.6260849456804514, 
        "accumulated_operating_revenue": 644016, 
        "long_term_average": 105548, 
        "date": "2013-06-30", 
        "operating_revenue": 87146, 
        "short_term_average": 102364
    }, 
    {
        "accumulated_operating_revenue_yoy": 1.788745969037368, 
        "accumulated_operating_revenue": 757236, 
        "long_term_average": 106323, 
        "date": "2013-07-31", 
        "operating_revenue": 113220, 
        "short_term_average": 108105
    }, 
    {
        "accumulated_operating_revenue_yoy": 6.147764031787243, 
        "accumulated_operating_revenue": 901082, 
        "long_term_average": 109563, 
        "date": "2013-08-31", 
        "operating_revenue": 143846, 
        "short_term_average": 114737
    }, 
    {
        "accumulated_operating_revenue_yoy": 3.9465940431817392, 
        "accumulated_operating_revenue": 990847, 
        "long_term_average": 108349, 
        "date": "2013-09-30", 
        "operating_revenue": 89765, 
        "short_term_average": 115610
    }, 
    {
        "accumulated_operating_revenue_yoy": 0.8203274839747292, 
        "accumulated_operating_revenue": 1090760, 
        "long_term_average": 105953, 
        "date": "2013-10-31", 
        "operating_revenue": 99913, 
        "short_term_average": 111174
    }, 
    {
        "accumulated_operating_revenue_yoy": 0.2428639759628664, 
        "accumulated_operating_revenue": 1190380, 
        "long_term_average": 105454, 
        "date": "2013-11-30", 
        "operating_revenue": 99620, 
        "short_term_average": 96432
    }, 
    {
        "accumulated_operating_revenue_yoy": 2.388855755438704, 
        "accumulated_operating_revenue": 1292732, 
        "long_term_average": 107727, 
        "date": "2013-12-31", 
        "operating_revenue": 102352, 
        "short_term_average": 100628
    }, 
    {
        "accumulated_operating_revenue_yoy": 38.015946302860605, 
        "accumulated_operating_revenue": 139000, 
        "long_term_average": 110918, 
        "date": "2014-01-31", 
        "operating_revenue": 139000, 
        "short_term_average": 113657
    }, 
    {
        "accumulated_operating_revenue_yoy": 27.653836845770506, 
        "accumulated_operating_revenue": 258462, 
        "long_term_average": 112393, 
        "date": "2014-02-28", 
        "operating_revenue": 119462, 
        "short_term_average": 120271
    }, 
    {
        "accumulated_operating_revenue_yoy": 11.174956889259564, 
        "accumulated_operating_revenue": 374574, 
        "long_term_average": 110865, 
        "date": "2014-03-31", 
        "operating_revenue": 116112, 
        "short_term_average": 124858
    }, 
    {
        "accumulated_operating_revenue_yoy": 19.693753334919464, 
        "accumulated_operating_revenue": 518177, 
        "long_term_average": 114832, 
        "date": "2014-04-30", 
        "operating_revenue": 143603, 
        "short_term_average": 126392
    }, 
    {
        "accumulated_operating_revenue_yoy": 22.663099107511627, 
        "accumulated_operating_revenue": 683074, 
        "long_term_average": 118244, 
        "date": "2014-05-31", 
        "operating_revenue": 164897, 
        "short_term_average": 141537
    }, 
    {
        "accumulated_operating_revenue_yoy": 22.8252093115699, 
        "accumulated_operating_revenue": 791014, 
        "long_term_average": 119977, 
        "date": "2014-06-30", 
        "operating_revenue": 107940, 
        "short_term_average": 138813
    }, 
    {
        "accumulated_operating_revenue_yoy": 21.5437459391788, 
        "accumulated_operating_revenue": 920373, 
        "long_term_average": 121322, 
        "date": "2014-07-31", 
        "operating_revenue": 129359, 
        "short_term_average": 134065
    }, 
    {
        "accumulated_operating_revenue_yoy": 15.691801634035526, 
        "accumulated_operating_revenue": 1042478, 
        "long_term_average": 119510, 
        "date": "2014-08-31", 
        "operating_revenue": 122105, 
        "short_term_average": 119801
    }, 
    {
        "accumulated_operating_revenue_yoy": 16.909977019660957, 
        "accumulated_operating_revenue": 1158399, 
        "long_term_average": 121690, 
        "date": "2014-09-30", 
        "operating_revenue": 115921, 
        "short_term_average": 122461
    }, 
    {
        "accumulated_operating_revenue_yoy": 18.964575158605008, 
        "accumulated_operating_revenue": 1297618, 
        "long_term_average": 124965, 
        "date": "2014-10-31", 
        "operating_revenue": 139219, 
        "short_term_average": 125748
    }, 
    {
        "accumulated_operating_revenue_yoy": 17.490381222802803, 
        "accumulated_operating_revenue": 1398582, 
        "long_term_average": 125077, 
        "date": "2014-11-30", 
        "operating_revenue": 100964, 
        "short_term_average": 118701
    }, 
    {
        "accumulated_operating_revenue_yoy": 15.403734107301437, 
        "accumulated_operating_revenue": 1491861, 
        "long_term_average": 124321, 
        "date": "2014-12-31", 
        "operating_revenue": 93279, 
        "short_term_average": 111154
    }, 
    {
        "accumulated_operating_revenue_yoy": 26.807194244604315, 
        "accumulated_operating_revenue": 176262, 
        "long_term_average": 127426, 
        "date": "2015-01-31", 
        "operating_revenue": 176262, 
        "short_term_average": 123501
    }, 
    {
        "accumulated_operating_revenue_yoy": 30.21372580882296, 
        "accumulated_operating_revenue": 336553, 
        "long_term_average": 130829, 
        "date": "2015-02-28", 
        "operating_revenue": 160291, 
        "short_term_average": 143277
    }, 
    {
        "accumulated_operating_revenue_yoy": 18.285038470369006, 
        "accumulated_operating_revenue": 443065, 
        "long_term_average": 130029, 
        "date": "2015-03-31", 
        "operating_revenue": 106512, 
        "short_term_average": 147688
    }, 
    {
        "accumulated_operating_revenue_yoy": 20.576366762708496, 
        "accumulated_operating_revenue": 624799, 
        "long_term_average": 133206, 
        "date": "2015-04-30", 
        "operating_revenue": 181734, 
        "short_term_average": 149512
    }, 
    {
        "accumulated_operating_revenue_yoy": 16.268808357513244, 
        "accumulated_operating_revenue": 794202, 
        "long_term_average": 133582, 
        "date": "2015-05-31", 
        "operating_revenue": 169403, 
        "short_term_average": 152549
    }, 
    {
        "accumulated_operating_revenue_yoy": 29.290758444224757, 
        "accumulated_operating_revenue": 1022708, 
        "long_term_average": 143629, 
        "date": "2015-06-30", 
        "operating_revenue": 228506, 
        "short_term_average": 193214
    }, 
    {
        "accumulated_operating_revenue_yoy": 26.355618863221757, 
        "accumulated_operating_revenue": 1162943, 
        "long_term_average": 144535, 
        "date": "2015-07-31", 
        "operating_revenue": 140235, 
        "short_term_average": 179381
    }, 
    {
        "accumulated_operating_revenue_yoy": 22.864847027946873, 
        "accumulated_operating_revenue": 1280839, 
        "long_term_average": 144185, 
        "date": "2015-08-31", 
        "operating_revenue": 117896, 
        "short_term_average": 162212
    }
]