[
    {
        "date": "2011-09-30", 
        "operating_revenue": 314726, 
        "accumulated_operating_revenue": 314726, 
        "long_term_average": 314726, 
        "short_term_average": 314726
    }, 
    {
        "date": "2011-10-31", 
        "operating_revenue": 372754, 
        "accumulated_operating_revenue": 687480, 
        "long_term_average": 343740, 
        "short_term_average": 343740
    }, 
    {
        "date": "2011-11-30", 
        "operating_revenue": 309182, 
        "accumulated_operating_revenue": 996662, 
        "long_term_average": 332220, 
        "short_term_average": 332220
    }, 
    {
        "date": "2011-12-31", 
        "operating_revenue": 336136, 
        "accumulated_operating_revenue": 1332798, 
        "long_term_average": 333199, 
        "short_term_average": 339357
    }, 
    {
        "date": "2012-01-31", 
        "operating_revenue": 411038, 
        "accumulated_operating_revenue": 411038, 
        "long_term_average": 348767, 
        "short_term_average": 352118
    }, 
    {
        "date": "2012-02-29", 
        "operating_revenue": 345994, 
        "accumulated_operating_revenue": 757032, 
        "long_term_average": 348305, 
        "short_term_average": 364389
    }, 
    {
        "date": "2012-03-31", 
        "operating_revenue": 367147, 
        "accumulated_operating_revenue": 1124179, 
        "long_term_average": 350996, 
        "short_term_average": 374726
    }, 
    {
        "date": "2012-04-30", 
        "operating_revenue": 370015, 
        "accumulated_operating_revenue": 1494194, 
        "long_term_average": 353374, 
        "short_term_average": 361052
    }, 
    {
        "date": "2012-05-31", 
        "operating_revenue": 399142, 
        "accumulated_operating_revenue": 1893336, 
        "long_term_average": 358459, 
        "short_term_average": 378768
    }, 
    {
        "date": "2012-06-30", 
        "operating_revenue": 389235, 
        "accumulated_operating_revenue": 2282571, 
        "long_term_average": 361536, 
        "short_term_average": 386130
    }, 
    {
        "date": "2012-07-31", 
        "operating_revenue": 341981, 
        "accumulated_operating_revenue": 2624552, 
        "long_term_average": 359759, 
        "short_term_average": 376786
    }, 
    {
        "date": "2012-08-31", 
        "operating_revenue": 394989, 
        "accumulated_operating_revenue": 3019541, 
        "long_term_average": 362694, 
        "short_term_average": 375401
    }, 
    {
        "accumulated_operating_revenue_yoy": 985.5112065733367, 
        "accumulated_operating_revenue": 3416386, 
        "long_term_average": 369538, 
        "date": "2012-09-30", 
        "operating_revenue": 396845, 
        "short_term_average": 377938
    }, 
    {
        "accumulated_operating_revenue_yoy": 457.9743410717403, 
        "accumulated_operating_revenue": 3835962, 
        "long_term_average": 373440, 
        "date": "2012-10-31", 
        "operating_revenue": 419576, 
        "short_term_average": 403803
    }, 
    {
        "accumulated_operating_revenue_yoy": 324.6641288621418, 
        "accumulated_operating_revenue": 4232466, 
        "long_term_average": 380716, 
        "date": "2012-11-30", 
        "operating_revenue": 396504, 
        "short_term_average": 404308
    }, 
    {
        "accumulated_operating_revenue_yoy": 243.1941674582345, 
        "accumulated_operating_revenue": 4574085, 
        "long_term_average": 381173, 
        "date": "2012-12-31", 
        "operating_revenue": 341619, 
        "short_term_average": 385899
    }, 
    {
        "accumulated_operating_revenue_yoy": 39.33504931417533, 
        "accumulated_operating_revenue": 572720, 
        "long_term_average": 394647, 
        "date": "2013-01-31", 
        "operating_revenue": 572720, 
        "short_term_average": 436947
    }, 
    {
        "accumulated_operating_revenue_yoy": 13.588329159137263, 
        "accumulated_operating_revenue": 859900, 
        "long_term_average": 389746, 
        "date": "2013-02-28", 
        "operating_revenue": 287180, 
        "short_term_average": 400506
    }, 
    {
        "accumulated_operating_revenue_yoy": 10.233067865526753, 
        "accumulated_operating_revenue": 1239217, 
        "long_term_average": 390760, 
        "date": "2013-03-31", 
        "operating_revenue": 379317, 
        "short_term_average": 413072
    }, 
    {
        "accumulated_operating_revenue_yoy": 8.0796737237601, 
        "accumulated_operating_revenue": 1614920, 
        "long_term_average": 391234, 
        "date": "2013-04-30", 
        "operating_revenue": 375703, 
        "short_term_average": 347400
    }, 
    {
        "accumulated_operating_revenue_yoy": 9.39775084823824, 
        "accumulated_operating_revenue": 2071267, 
        "long_term_average": 396001, 
        "date": "2013-05-31", 
        "operating_revenue": 456347, 
        "short_term_average": 403789
    }, 
    {
        "accumulated_operating_revenue_yoy": 6.950977647573723, 
        "accumulated_operating_revenue": 2441232, 
        "long_term_average": 394395, 
        "date": "2013-06-30", 
        "operating_revenue": 369965, 
        "short_term_average": 400671
    }, 
    {
        "accumulated_operating_revenue_yoy": 5.5479563750308625, 
        "accumulated_operating_revenue": 2770161, 
        "long_term_average": 393307, 
        "date": "2013-07-31", 
        "operating_revenue": 328929, 
        "short_term_average": 385080
    }, 
    {
        "accumulated_operating_revenue_yoy": 3.5432868770452193, 
        "accumulated_operating_revenue": 3126532, 
        "long_term_average": 390089, 
        "date": "2013-08-31", 
        "operating_revenue": 356371, 
        "short_term_average": 351755
    }, 
    {
        "accumulated_operating_revenue_yoy": 3.7517716089458273, 
        "accumulated_operating_revenue": 3544561, 
        "long_term_average": 391855, 
        "date": "2013-09-30", 
        "operating_revenue": 418029, 
        "short_term_average": 367776
    }, 
    {
        "accumulated_operating_revenue_yoy": 2.9537831709490345, 
        "accumulated_operating_revenue": 3949268, 
        "long_term_average": 390615, 
        "date": "2013-10-31", 
        "operating_revenue": 404707, 
        "short_term_average": 393035
    }, 
    {
        "accumulated_operating_revenue_yoy": 2.7251961386104457, 
        "accumulated_operating_revenue": 4347809, 
        "long_term_average": 390785, 
        "date": "2013-11-30", 
        "operating_revenue": 398541, 
        "short_term_average": 407092
    }, 
    {
        "accumulated_operating_revenue_yoy": 1.936277965975709, 
        "accumulated_operating_revenue": 4662652, 
        "long_term_average": 388554, 
        "date": "2013-12-31", 
        "operating_revenue": 314843, 
        "short_term_average": 372697
    }, 
    {
        "accumulated_operating_revenue_yoy": -23.599664757647716, 
        "accumulated_operating_revenue": 437560, 
        "long_term_average": 377291, 
        "date": "2014-01-31", 
        "operating_revenue": 437560, 
        "short_term_average": 383648
    }, 
    {
        "accumulated_operating_revenue_yoy": -9.788812652634027, 
        "accumulated_operating_revenue": 775726, 
        "long_term_average": 381539, 
        "date": "2014-02-28", 
        "operating_revenue": 338166, 
        "short_term_average": 363523
    }, 
    {
        "accumulated_operating_revenue_yoy": -4.108400707866338, 
        "accumulated_operating_revenue": 1188305, 
        "long_term_average": 384311, 
        "date": "2014-03-31", 
        "operating_revenue": 412579, 
        "short_term_average": 396101
    }, 
    {
        "accumulated_operating_revenue_yoy": -0.128303569217051, 
        "accumulated_operating_revenue": 1612848, 
        "long_term_average": 388381, 
        "date": "2014-04-30", 
        "operating_revenue": 424543, 
        "short_term_average": 391762
    }, 
    {
        "accumulated_operating_revenue_yoy": -2.116627165884456, 
        "accumulated_operating_revenue": 2027426, 
        "long_term_average": 384900, 
        "date": "2014-05-31", 
        "operating_revenue": 414578, 
        "short_term_average": 417233
    }, 
    {
        "accumulated_operating_revenue_yoy": -0.809877963257896, 
        "accumulated_operating_revenue": 2421461, 
        "long_term_average": 386906, 
        "date": "2014-06-30", 
        "operating_revenue": 394035, 
        "short_term_average": 411052
    }, 
    {
        "accumulated_operating_revenue_yoy": 1.784445019621603, 
        "accumulated_operating_revenue": 2819593, 
        "long_term_average": 392673, 
        "date": "2014-07-31", 
        "operating_revenue": 398132, 
        "short_term_average": 402248
    }, 
    {
        "accumulated_operating_revenue_yoy": 4.919828103470555, 
        "accumulated_operating_revenue": 3280352, 
        "long_term_average": 401372, 
        "date": "2014-08-31", 
        "operating_revenue": 460759, 
        "short_term_average": 417642
    }, 
    {
        "accumulated_operating_revenue_yoy": 5.131721530536504, 
        "accumulated_operating_revenue": 3726458, 
        "long_term_average": 403712, 
        "date": "2014-09-30", 
        "operating_revenue": 446106, 
        "short_term_average": 434999
    }, 
    {
        "accumulated_operating_revenue_yoy": 5.6485151172318515, 
        "accumulated_operating_revenue": 4172343, 
        "long_term_average": 407143, 
        "date": "2014-10-31", 
        "operating_revenue": 445885, 
        "short_term_average": 450916
    }, 
    {
        "accumulated_operating_revenue_yoy": 5.258441665675746, 
        "accumulated_operating_revenue": 4576436, 
        "long_term_average": 407606, 
        "date": "2014-11-30", 
        "operating_revenue": 404093, 
        "short_term_average": 432028
    }, 
    {
        "accumulated_operating_revenue_yoy": 7.2547125541430075, 
        "accumulated_operating_revenue": 5000914, 
        "long_term_average": 416742, 
        "date": "2014-12-31", 
        "operating_revenue": 424478, 
        "short_term_average": 424818
    }, 
    {
        "accumulated_operating_revenue_yoy": 8.415303044153944, 
        "accumulated_operating_revenue": 474382, 
        "long_term_average": 419811, 
        "date": "2015-01-31", 
        "operating_revenue": 474382, 
        "short_term_average": 434317
    }, 
    {
        "accumulated_operating_revenue_yoy": 14.84158066121285, 
        "accumulated_operating_revenue": 890856, 
        "long_term_average": 426337, 
        "date": "2015-02-28", 
        "operating_revenue": 416474, 
        "short_term_average": 438444
    }, 
    {
        "accumulated_operating_revenue_yoy": 11.447481917521175, 
        "accumulated_operating_revenue": 1324336, 
        "long_term_average": 428078, 
        "date": "2015-03-31", 
        "operating_revenue": 433480, 
        "short_term_average": 441445
    }, 
    {
        "accumulated_operating_revenue_yoy": 6.182479688104521, 
        "accumulated_operating_revenue": 1712562, 
        "long_term_average": 425052, 
        "date": "2015-04-30", 
        "operating_revenue": 388226, 
        "short_term_average": 412726
    }, 
    {
        "accumulated_operating_revenue_yoy": 3.583706630969515, 
        "accumulated_operating_revenue": 2100083, 
        "long_term_average": 422797, 
        "date": "2015-05-31", 
        "operating_revenue": 387521, 
        "short_term_average": 403075
    }, 
    {
        "accumulated_operating_revenue_yoy": 1.670190021643958, 
        "accumulated_operating_revenue": 2461904, 
        "long_term_average": 420113, 
        "date": "2015-06-30", 
        "operating_revenue": 361821, 
        "short_term_average": 379189
    }, 
    {
        "accumulated_operating_revenue_yoy": 2.6117244581044146, 
        "accumulated_operating_revenue": 2893233, 
        "long_term_average": 422879, 
        "date": "2015-07-31", 
        "operating_revenue": 431329, 
        "short_term_average": 393557
    }, 
    {
        "accumulated_operating_revenue_yoy": 0.28292695418052694, 
        "accumulated_operating_revenue": 3289633, 
        "long_term_average": 417516, 
        "date": "2015-08-31", 
        "operating_revenue": 396400, 
        "short_term_average": 396516
    }, 
    {
        "accumulated_operating_revenue_yoy": -0.14217254025135934, 
        "accumulated_operating_revenue": 3721160, 
        "long_term_average": 416301, 
        "date": "2015-09-30", 
        "operating_revenue": 431527, 
        "short_term_average": 419752
    }
]