[
    {
        "date": "2011-09-30", 
        "operating_revenue": 188389, 
        "accumulated_operating_revenue": 188389, 
        "long_term_average": 188389, 
        "short_term_average": 188389
    }, 
    {
        "date": "2011-10-31", 
        "operating_revenue": 202888, 
        "accumulated_operating_revenue": 391277, 
        "long_term_average": 195638, 
        "short_term_average": 195638
    }, 
    {
        "date": "2011-11-30", 
        "operating_revenue": 180748, 
        "accumulated_operating_revenue": 572025, 
        "long_term_average": 190675, 
        "short_term_average": 190675
    }, 
    {
        "date": "2011-12-31", 
        "operating_revenue": 188894, 
        "accumulated_operating_revenue": 760919, 
        "long_term_average": 190229, 
        "short_term_average": 190843
    }, 
    {
        "date": "2012-01-31", 
        "operating_revenue": 196969, 
        "accumulated_operating_revenue": 196969, 
        "long_term_average": 191577, 
        "short_term_average": 188870
    }, 
    {
        "date": "2012-02-29", 
        "operating_revenue": 172973, 
        "accumulated_operating_revenue": 369942, 
        "long_term_average": 188476, 
        "short_term_average": 186278
    }, 
    {
        "date": "2012-03-31", 
        "operating_revenue": 205889, 
        "accumulated_operating_revenue": 575831, 
        "long_term_average": 190964, 
        "short_term_average": 191943
    }, 
    {
        "date": "2012-04-30", 
        "operating_revenue": 196936, 
        "accumulated_operating_revenue": 772767, 
        "long_term_average": 191710, 
        "short_term_average": 191932
    }, 
    {
        "date": "2012-05-31", 
        "operating_revenue": 184123, 
        "accumulated_operating_revenue": 956890, 
        "long_term_average": 190867, 
        "short_term_average": 195649
    }, 
    {
        "date": "2012-06-30", 
        "operating_revenue": 174289, 
        "accumulated_operating_revenue": 1131179, 
        "long_term_average": 189209, 
        "short_term_average": 185116
    }, 
    {
        "date": "2012-07-31", 
        "operating_revenue": 204844, 
        "accumulated_operating_revenue": 1336023, 
        "long_term_average": 190631, 
        "short_term_average": 187752
    }, 
    {
        "date": "2012-08-31", 
        "operating_revenue": 192567, 
        "accumulated_operating_revenue": 1528590, 
        "long_term_average": 190792, 
        "short_term_average": 190566
    }, 
    {
        "accumulated_operating_revenue_yoy": 834.3204751869802, 
        "accumulated_operating_revenue": 1760157, 
        "long_term_average": 194390, 
        "date": "2012-09-30", 
        "operating_revenue": 231567, 
        "short_term_average": 209659
    }, 
    {
        "accumulated_operating_revenue_yoy": 402.2965827278373, 
        "accumulated_operating_revenue": 1965371, 
        "long_term_average": 194584, 
        "date": "2012-10-31", 
        "operating_revenue": 205214, 
        "short_term_average": 209782
    }, 
    {
        "accumulated_operating_revenue_yoy": 273.4716140028845, 
        "accumulated_operating_revenue": 2136351, 
        "long_term_average": 193770, 
        "date": "2012-11-30", 
        "operating_revenue": 170980, 
        "short_term_average": 202587
    }, 
    {
        "accumulated_operating_revenue_yoy": 205.9696235735998, 
        "accumulated_operating_revenue": 2328181, 
        "long_term_average": 194015, 
        "date": "2012-12-31", 
        "operating_revenue": 191830, 
        "short_term_average": 189341
    }, 
    {
        "accumulated_operating_revenue_yoy": -2.024176393239545, 
        "accumulated_operating_revenue": 192982, 
        "long_term_average": 193682, 
        "date": "2013-01-31", 
        "operating_revenue": 192982, 
        "short_term_average": 185264
    }, 
    {
        "accumulated_operating_revenue_yoy": 2.126279254585854, 
        "accumulated_operating_revenue": 377808, 
        "long_term_average": 194670, 
        "date": "2013-02-28", 
        "operating_revenue": 184826, 
        "short_term_average": 189879
    }, 
    {
        "accumulated_operating_revenue_yoy": -1.4351432972521452, 
        "accumulated_operating_revenue": 567567, 
        "long_term_average": 193326, 
        "date": "2013-03-31", 
        "operating_revenue": 189759, 
        "short_term_average": 189189
    }, 
    {
        "accumulated_operating_revenue_yoy": 6.330498067334656, 
        "accumulated_operating_revenue": 821687, 
        "long_term_average": 198091, 
        "date": "2013-04-30", 
        "operating_revenue": 254120, 
        "short_term_average": 209568
    }, 
    {
        "accumulated_operating_revenue_yoy": 12.615138626174376, 
        "accumulated_operating_revenue": 1077603, 
        "long_term_average": 204074, 
        "date": "2013-05-31", 
        "operating_revenue": 255916, 
        "short_term_average": 233265
    }, 
    {
        "accumulated_operating_revenue_yoy": 16.00931417574053, 
        "accumulated_operating_revenue": 1312273, 
        "long_term_average": 209106, 
        "date": "2013-06-30", 
        "operating_revenue": 234670, 
        "short_term_average": 248235
    }, 
    {
        "accumulated_operating_revenue_yoy": 16.382352699017908, 
        "accumulated_operating_revenue": 1554895, 
        "long_term_average": 212254, 
        "date": "2013-07-31", 
        "operating_revenue": 242622, 
        "short_term_average": 244402
    }, 
    {
        "accumulated_operating_revenue_yoy": 18.386094374554325, 
        "accumulated_operating_revenue": 1809638, 
        "long_term_average": 217435, 
        "date": "2013-08-31", 
        "operating_revenue": 254743, 
        "short_term_average": 244011
    }, 
    {
        "accumulated_operating_revenue_yoy": 18.949957304944956, 
        "accumulated_operating_revenue": 2093706, 
        "long_term_average": 221810, 
        "date": "2013-09-30", 
        "operating_revenue": 284068, 
        "short_term_average": 260477
    }, 
    {
        "accumulated_operating_revenue_yoy": 18.666806419754845, 
        "accumulated_operating_revenue": 2332243, 
        "long_term_average": 224587, 
        "date": "2013-10-31", 
        "operating_revenue": 238537, 
        "short_term_average": 259116
    }, 
    {
        "accumulated_operating_revenue_yoy": 20.44284857684903, 
        "accumulated_operating_revenue": 2573082, 
        "long_term_average": 230409, 
        "date": "2013-11-30", 
        "operating_revenue": 240839, 
        "short_term_average": 254481
    }, 
    {
        "accumulated_operating_revenue_yoy": 22.571784582040657, 
        "accumulated_operating_revenue": 2853693, 
        "long_term_average": 237807, 
        "date": "2013-12-31", 
        "operating_revenue": 280611, 
        "short_term_average": 253329
    }, 
    {
        "accumulated_operating_revenue_yoy": 49.52845343088993, 
        "accumulated_operating_revenue": 288563, 
        "long_term_average": 245772, 
        "date": "2014-01-31", 
        "operating_revenue": 288563, 
        "short_term_average": 270004
    }, 
    {
        "accumulated_operating_revenue_yoy": 29.552576970312966, 
        "accumulated_operating_revenue": 489460, 
        "long_term_average": 247112, 
        "date": "2014-02-28", 
        "operating_revenue": 200897, 
        "short_term_average": 256690
    }, 
    {
        "accumulated_operating_revenue_yoy": 30.265149312768358, 
        "accumulated_operating_revenue": 739342, 
        "long_term_average": 252122, 
        "date": "2014-03-31", 
        "operating_revenue": 249882, 
        "short_term_average": 246447
    }, 
    {
        "accumulated_operating_revenue_yoy": 22.870387385951098, 
        "accumulated_operating_revenue": 1009610, 
        "long_term_average": 253468, 
        "date": "2014-04-30", 
        "operating_revenue": 270268, 
        "short_term_average": 240349
    }, 
    {
        "accumulated_operating_revenue_yoy": 19.808500904321907, 
        "accumulated_operating_revenue": 1291060, 
        "long_term_average": 255595, 
        "date": "2014-05-31", 
        "operating_revenue": 281450, 
        "short_term_average": 267200
    }, 
    {
        "accumulated_operating_revenue_yoy": 17.13797357714439, 
        "accumulated_operating_revenue": 1537170, 
        "long_term_average": 256549, 
        "date": "2014-06-30", 
        "operating_revenue": 246110, 
        "short_term_average": 265942
    }, 
    {
        "accumulated_operating_revenue_yoy": 18.86513237228237, 
        "accumulated_operating_revenue": 1848228, 
        "long_term_average": 262252, 
        "date": "2014-07-31", 
        "operating_revenue": 311058, 
        "short_term_average": 279539
    }, 
    {
        "accumulated_operating_revenue_yoy": 18.946883299311796, 
        "accumulated_operating_revenue": 2152508, 
        "long_term_average": 266380, 
        "date": "2014-08-31", 
        "operating_revenue": 304280, 
        "short_term_average": 287149
    }, 
    {
        "accumulated_operating_revenue_yoy": 17.063570529959794, 
        "accumulated_operating_revenue": 2450967, 
        "long_term_average": 267579, 
        "date": "2014-09-30", 
        "operating_revenue": 298459, 
        "short_term_average": 304599
    }, 
    {
        "accumulated_operating_revenue_yoy": 17.503450540959925, 
        "accumulated_operating_revenue": 2740466, 
        "long_term_average": 271826, 
        "date": "2014-10-31", 
        "operating_revenue": 289499, 
        "short_term_average": 297412
    }, 
    {
        "accumulated_operating_revenue_yoy": 17.481137406425447, 
        "accumulated_operating_revenue": 3022886, 
        "long_term_average": 275291, 
        "date": "2014-11-30", 
        "operating_revenue": 282420, 
        "short_term_average": 290126
    }, 
    {
        "accumulated_operating_revenue_yoy": 16.83141809577975, 
        "accumulated_operating_revenue": 3334010, 
        "long_term_average": 277834, 
        "date": "2014-12-31", 
        "operating_revenue": 311124, 
        "short_term_average": 294347
    }, 
    {
        "accumulated_operating_revenue_yoy": -4.127694818809064, 
        "accumulated_operating_revenue": 276652, 
        "long_term_average": 276841, 
        "date": "2015-01-31", 
        "operating_revenue": 276652, 
        "short_term_average": 290065
    }, 
    {
        "accumulated_operating_revenue_yoy": 9.698034568708373, 
        "accumulated_operating_revenue": 536928, 
        "long_term_average": 281789, 
        "date": "2015-02-28", 
        "operating_revenue": 260276, 
        "short_term_average": 282684
    }, 
    {
        "accumulated_operating_revenue_yoy": 9.348041907533997, 
        "accumulated_operating_revenue": 808456, 
        "long_term_average": 283593, 
        "date": "2015-03-31", 
        "operating_revenue": 271528, 
        "short_term_average": 269485
    }, 
    {
        "accumulated_operating_revenue_yoy": 8.142153901011282, 
        "accumulated_operating_revenue": 1091814, 
        "long_term_average": 284684, 
        "date": "2015-04-30", 
        "operating_revenue": 283358, 
        "short_term_average": 271720
    }, 
    {
        "accumulated_operating_revenue_yoy": 7.832556194135051, 
        "accumulated_operating_revenue": 1392183, 
        "long_term_average": 286261, 
        "date": "2015-05-31", 
        "operating_revenue": 300369, 
        "short_term_average": 285085
    }, 
    {
        "accumulated_operating_revenue_yoy": 9.283488488586169, 
        "accumulated_operating_revenue": 1679873, 
        "long_term_average": 289726, 
        "date": "2015-06-30", 
        "operating_revenue": 287690, 
        "short_term_average": 290472
    }, 
    {
        "accumulated_operating_revenue_yoy": 7.452597839660474, 
        "accumulated_operating_revenue": 1985969, 
        "long_term_average": 289312, 
        "date": "2015-07-31", 
        "operating_revenue": 306096, 
        "short_term_average": 298051
    }, 
    {
        "accumulated_operating_revenue_yoy": 5.903810810459241, 
        "accumulated_operating_revenue": 2279588, 
        "long_term_average": 288424, 
        "date": "2015-08-31", 
        "operating_revenue": 293619, 
        "short_term_average": 295801
    }
]