[
    {
        "date": "2012-01-31", 
        "operating_revenue": 80412, 
        "accumulated_operating_revenue": 80412, 
        "long_term_average": 80412, 
        "short_term_average": 80412
    }, 
    {
        "date": "2012-02-29", 
        "operating_revenue": 43729, 
        "accumulated_operating_revenue": 124141, 
        "long_term_average": 62070, 
        "short_term_average": 62070
    }, 
    {
        "date": "2012-03-31", 
        "operating_revenue": 63811, 
        "accumulated_operating_revenue": 187952, 
        "long_term_average": 62650, 
        "short_term_average": 62650
    }, 
    {
        "date": "2012-04-30", 
        "operating_revenue": 57637, 
        "accumulated_operating_revenue": 245589, 
        "long_term_average": 61397, 
        "short_term_average": 55059
    }, 
    {
        "date": "2012-05-31", 
        "operating_revenue": 61073, 
        "accumulated_operating_revenue": 306662, 
        "long_term_average": 61332, 
        "short_term_average": 60840
    }, 
    {
        "date": "2012-06-30", 
        "operating_revenue": 59961, 
        "accumulated_operating_revenue": 366623, 
        "long_term_average": 61103, 
        "short_term_average": 59557
    }, 
    {
        "date": "2012-07-31", 
        "operating_revenue": 66754, 
        "accumulated_operating_revenue": 433377, 
        "long_term_average": 61911, 
        "short_term_average": 62596
    }, 
    {
        "date": "2012-08-31", 
        "operating_revenue": 49908, 
        "accumulated_operating_revenue": 483285, 
        "long_term_average": 60410, 
        "short_term_average": 58874
    }, 
    {
        "date": "2012-09-30", 
        "operating_revenue": 51539, 
        "accumulated_operating_revenue": 534824, 
        "long_term_average": 59424, 
        "short_term_average": 56067
    }, 
    {
        "date": "2012-10-31", 
        "operating_revenue": 55240, 
        "accumulated_operating_revenue": 590064, 
        "long_term_average": 59006, 
        "short_term_average": 52229
    }, 
    {
        "date": "2012-11-30", 
        "operating_revenue": 66797, 
        "accumulated_operating_revenue": 656861, 
        "long_term_average": 59714, 
        "short_term_average": 57858
    }, 
    {
        "date": "2012-12-31", 
        "operating_revenue": 56879, 
        "accumulated_operating_revenue": 713740, 
        "long_term_average": 59478, 
        "short_term_average": 59638
    }, 
    {
        "accumulated_operating_revenue_yoy": -7.176789533900413, 
        "accumulated_operating_revenue": 74641, 
        "long_term_average": 58997, 
        "date": "2013-01-31", 
        "operating_revenue": 74641, 
        "short_term_average": 66105
    }, 
    {
        "accumulated_operating_revenue_yoy": -10.208553177435336, 
        "accumulated_operating_revenue": 111468, 
        "long_term_average": 58422, 
        "date": "2013-02-28", 
        "operating_revenue": 36827, 
        "short_term_average": 56115
    }, 
    {
        "accumulated_operating_revenue_yoy": -10.02915638035243, 
        "accumulated_operating_revenue": 169102, 
        "long_term_average": 57907, 
        "date": "2013-03-31", 
        "operating_revenue": 57634, 
        "short_term_average": 56367
    }, 
    {
        "accumulated_operating_revenue_yoy": -5.019361616359038, 
        "accumulated_operating_revenue": 233262, 
        "long_term_average": 58451, 
        "date": "2013-04-30", 
        "operating_revenue": 64160, 
        "short_term_average": 52873
    }, 
    {
        "accumulated_operating_revenue_yoy": -5.832153967560376, 
        "accumulated_operating_revenue": 288777, 
        "long_term_average": 57987, 
        "date": "2013-05-31", 
        "operating_revenue": 55515, 
        "short_term_average": 59103
    }, 
    {
        "accumulated_operating_revenue_yoy": -6.95564653608748, 
        "accumulated_operating_revenue": 341122, 
        "long_term_average": 57353, 
        "date": "2013-06-30", 
        "operating_revenue": 52345, 
        "short_term_average": 57340
    }, 
    {
        "accumulated_operating_revenue_yoy": -7.226502560126634, 
        "accumulated_operating_revenue": 402059, 
        "long_term_average": 56868, 
        "date": "2013-07-31", 
        "operating_revenue": 60937, 
        "short_term_average": 56265
    }, 
    {
        "accumulated_operating_revenue_yoy": -4.786823509937201, 
        "accumulated_operating_revenue": 460151, 
        "long_term_average": 57550, 
        "date": "2013-08-31", 
        "operating_revenue": 58092, 
        "short_term_average": 57124
    }, 
    {
        "accumulated_operating_revenue_yoy": -3.8186394028689814, 
        "accumulated_operating_revenue": 514401, 
        "long_term_average": 57776, 
        "date": "2013-09-30", 
        "operating_revenue": 54250, 
        "short_term_average": 57759
    }, 
    {
        "accumulated_operating_revenue_yoy": 0.3699598687599989, 
        "accumulated_operating_revenue": 592247, 
        "long_term_average": 59660, 
        "date": "2013-10-31", 
        "operating_revenue": 77846, 
        "short_term_average": 63396
    }, 
    {
        "accumulated_operating_revenue_yoy": 1.1533642581916113, 
        "accumulated_operating_revenue": 664437, 
        "long_term_average": 60109, 
        "date": "2013-11-30", 
        "operating_revenue": 72190, 
        "short_term_average": 68095
    }, 
    {
        "accumulated_operating_revenue_yoy": 3.3854064505282033, 
        "accumulated_operating_revenue": 737903, 
        "long_term_average": 61491, 
        "date": "2013-12-31", 
        "operating_revenue": 73466, 
        "short_term_average": 74500
    }, 
    {
        "accumulated_operating_revenue_yoy": 26.413097359360137, 
        "accumulated_operating_revenue": 94356, 
        "long_term_average": 63134, 
        "date": "2014-01-31", 
        "operating_revenue": 94356, 
        "short_term_average": 80004
    }, 
    {
        "accumulated_operating_revenue_yoy": 23.081960742096385, 
        "accumulated_operating_revenue": 137197, 
        "long_term_average": 63636, 
        "date": "2014-02-28", 
        "operating_revenue": 42841, 
        "short_term_average": 70221
    }, 
    {
        "accumulated_operating_revenue_yoy": 19.65204432827524, 
        "accumulated_operating_revenue": 202334, 
        "long_term_average": 64261, 
        "date": "2014-03-31", 
        "operating_revenue": 65137, 
        "short_term_average": 67444
    }, 
    {
        "accumulated_operating_revenue_yoy": 19.280465742384102, 
        "accumulated_operating_revenue": 278236, 
        "long_term_average": 65239, 
        "date": "2014-04-30", 
        "operating_revenue": 75902, 
        "short_term_average": 61293
    }, 
    {
        "accumulated_operating_revenue_yoy": 23.60056375680889, 
        "accumulated_operating_revenue": 356930, 
        "long_term_average": 67171, 
        "date": "2014-05-31", 
        "operating_revenue": 78694, 
        "short_term_average": 73244
    }, 
    {
        "accumulated_operating_revenue_yoy": 24.0180932335059, 
        "accumulated_operating_revenue": 423053, 
        "long_term_average": 68319, 
        "date": "2014-06-30", 
        "operating_revenue": 66123, 
        "short_term_average": 73573
    }, 
    {
        "accumulated_operating_revenue_yoy": 26.855511255810715, 
        "accumulated_operating_revenue": 510034, 
        "long_term_average": 70489, 
        "date": "2014-07-31", 
        "operating_revenue": 86981, 
        "short_term_average": 77266
    }, 
    {
        "accumulated_operating_revenue_yoy": 27.563777977229215, 
        "accumulated_operating_revenue": 586986, 
        "long_term_average": 72061, 
        "date": "2014-08-31", 
        "operating_revenue": 76952, 
        "short_term_average": 76685
    }, 
    {
        "accumulated_operating_revenue_yoy": 25.93501956644719, 
        "accumulated_operating_revenue": 647811, 
        "long_term_average": 72609, 
        "date": "2014-09-30", 
        "operating_revenue": 60825, 
        "short_term_average": 74919
    }, 
    {
        "accumulated_operating_revenue_yoy": 22.407880495806648, 
        "accumulated_operating_revenue": 724957, 
        "long_term_average": 72551, 
        "date": "2014-10-31", 
        "operating_revenue": 77146, 
        "short_term_average": 71641
    }, 
    {
        "accumulated_operating_revenue_yoy": 20.967074380264798, 
        "accumulated_operating_revenue": 803750, 
        "long_term_average": 73101, 
        "date": "2014-11-30", 
        "operating_revenue": 78793, 
        "short_term_average": 72254
    }, 
    {
        "accumulated_operating_revenue_yoy": 22.238559810706825, 
        "accumulated_operating_revenue": 902002, 
        "long_term_average": 75166, 
        "date": "2014-12-31", 
        "operating_revenue": 98252, 
        "short_term_average": 84730
    }, 
    {
        "accumulated_operating_revenue_yoy": 0.6973589384882785, 
        "accumulated_operating_revenue": 95014, 
        "long_term_average": 75221, 
        "date": "2015-01-31", 
        "operating_revenue": 95014, 
        "short_term_average": 90686
    }, 
    {
        "accumulated_operating_revenue_yoy": 27.072020525230144, 
        "accumulated_operating_revenue": 174339, 
        "long_term_average": 78262, 
        "date": "2015-02-28", 
        "operating_revenue": 79325, 
        "short_term_average": 90863
    }, 
    {
        "accumulated_operating_revenue_yoy": 23.171587573022823, 
        "accumulated_operating_revenue": 249218, 
        "long_term_average": 79073, 
        "date": "2015-03-31", 
        "operating_revenue": 74879, 
        "short_term_average": 83072
    }, 
    {
        "accumulated_operating_revenue_yoy": 24.836829166606766, 
        "accumulated_operating_revenue": 347341, 
        "long_term_average": 80925, 
        "date": "2015-04-30", 
        "operating_revenue": 98123, 
        "short_term_average": 84109
    }, 
    {
        "accumulated_operating_revenue_yoy": 25.943462303532904, 
        "accumulated_operating_revenue": 449530, 
        "long_term_average": 82883, 
        "date": "2015-05-31", 
        "operating_revenue": 102189, 
        "short_term_average": 91730
    }, 
    {
        "accumulated_operating_revenue_yoy": 26.713674173212336, 
        "accumulated_operating_revenue": 536066, 
        "long_term_average": 84584, 
        "date": "2015-06-30", 
        "operating_revenue": 86536, 
        "short_term_average": 95616
    }, 
    {
        "accumulated_operating_revenue_yoy": 23.12394859950513, 
        "accumulated_operating_revenue": 627974, 
        "long_term_average": 84995, 
        "date": "2015-07-31", 
        "operating_revenue": 91908, 
        "short_term_average": 93544
    }, 
    {
        "accumulated_operating_revenue_yoy": 185.53951883009134, 
        "accumulated_operating_revenue": 1676077, 
        "long_term_average": 165924, 
        "date": "2015-08-31", 
        "operating_revenue": 1048103, 
        "short_term_average": 408849
    }
]