[
    {
        "date": "2012-01-31", 
        "operating_revenue": 104166, 
        "accumulated_operating_revenue": 104166, 
        "long_term_average": 104166, 
        "short_term_average": 104166
    }, 
    {
        "date": "2012-02-29", 
        "operating_revenue": 110635, 
        "accumulated_operating_revenue": 214801, 
        "long_term_average": 107400, 
        "short_term_average": 107400
    }, 
    {
        "date": "2012-03-31", 
        "operating_revenue": 127806, 
        "accumulated_operating_revenue": 342607, 
        "long_term_average": 114202, 
        "short_term_average": 114202
    }, 
    {
        "date": "2012-04-30", 
        "operating_revenue": 101001, 
        "accumulated_operating_revenue": 443608, 
        "long_term_average": 110902, 
        "short_term_average": 113147
    }, 
    {
        "date": "2012-05-31", 
        "operating_revenue": 132778, 
        "accumulated_operating_revenue": 576386, 
        "long_term_average": 115277, 
        "short_term_average": 120528
    }, 
    {
        "date": "2012-06-30", 
        "operating_revenue": 107847, 
        "accumulated_operating_revenue": 684233, 
        "long_term_average": 114038, 
        "short_term_average": 113875
    }, 
    {
        "date": "2012-07-31", 
        "operating_revenue": 123673, 
        "accumulated_operating_revenue": 807906, 
        "long_term_average": 115415, 
        "short_term_average": 121432
    }, 
    {
        "date": "2012-08-31", 
        "operating_revenue": 136348, 
        "accumulated_operating_revenue": 944254, 
        "long_term_average": 118031, 
        "short_term_average": 122622
    }, 
    {
        "date": "2012-09-30", 
        "operating_revenue": 108996, 
        "accumulated_operating_revenue": 1053250, 
        "long_term_average": 117027, 
        "short_term_average": 123005
    }, 
    {
        "date": "2012-10-31", 
        "operating_revenue": 131530, 
        "accumulated_operating_revenue": 1184780, 
        "long_term_average": 118478, 
        "short_term_average": 125624
    }, 
    {
        "date": "2012-11-30", 
        "operating_revenue": 123547, 
        "accumulated_operating_revenue": 1308327, 
        "long_term_average": 118938, 
        "short_term_average": 121357
    }, 
    {
        "date": "2012-12-31", 
        "operating_revenue": 130382, 
        "accumulated_operating_revenue": 1438709, 
        "long_term_average": 119892, 
        "short_term_average": 128486
    }, 
    {
        "accumulated_operating_revenue_yoy": 28.08497974387036, 
        "accumulated_operating_revenue": 133421, 
        "long_term_average": 122330, 
        "date": "2013-01-31", 
        "operating_revenue": 133421, 
        "short_term_average": 129116
    }, 
    {
        "accumulated_operating_revenue_yoy": 4.362177084836663, 
        "accumulated_operating_revenue": 224171, 
        "long_term_average": 120673, 
        "date": "2013-02-28", 
        "operating_revenue": 90750, 
        "short_term_average": 118184
    }, 
    {
        "accumulated_operating_revenue_yoy": 4.359222082444317, 
        "accumulated_operating_revenue": 357542, 
        "long_term_average": 121137, 
        "date": "2013-03-31", 
        "operating_revenue": 133371, 
        "short_term_average": 119180
    }, 
    {
        "accumulated_operating_revenue_yoy": 8.085291518638076, 
        "accumulated_operating_revenue": 479475, 
        "long_term_average": 122881, 
        "date": "2013-04-30", 
        "operating_revenue": 121933, 
        "short_term_average": 115351
    }, 
    {
        "accumulated_operating_revenue_yoy": 6.410981529738752, 
        "accumulated_operating_revenue": 613338, 
        "long_term_average": 122971, 
        "date": "2013-05-31", 
        "operating_revenue": 133863, 
        "short_term_average": 129722
    }, 
    {
        "accumulated_operating_revenue_yoy": 8.156870539713811, 
        "accumulated_operating_revenue": 740045, 
        "long_term_average": 124543, 
        "date": "2013-06-30", 
        "operating_revenue": 126707, 
        "short_term_average": 127501
    }, 
    {
        "accumulated_operating_revenue_yoy": 6.113953851066832, 
        "accumulated_operating_revenue": 857301, 
        "long_term_average": 124008, 
        "date": "2013-07-31", 
        "operating_revenue": 117256, 
        "short_term_average": 125942
    }, 
    {
        "accumulated_operating_revenue_yoy": 5.17551421545474, 
        "accumulated_operating_revenue": 993124, 
        "long_term_average": 123964, 
        "date": "2013-08-31", 
        "operating_revenue": 135823, 
        "short_term_average": 126595
    }, 
    {
        "accumulated_operating_revenue_yoy": 3.6739615475907907, 
        "accumulated_operating_revenue": 1091946, 
        "long_term_average": 123117, 
        "date": "2013-09-30", 
        "operating_revenue": 98822, 
        "short_term_average": 117300
    }, 
    {
        "accumulated_operating_revenue_yoy": 1.6466348182784991, 
        "accumulated_operating_revenue": 1204289, 
        "long_term_average": 121518, 
        "date": "2013-10-31", 
        "operating_revenue": 112343, 
        "short_term_average": 115662
    }, 
    {
        "accumulated_operating_revenue_yoy": 1.0404891131957072, 
        "accumulated_operating_revenue": 1321940, 
        "long_term_average": 121026, 
        "date": "2013-11-30", 
        "operating_revenue": 117651, 
        "short_term_average": 109605
    }, 
    {
        "accumulated_operating_revenue_yoy": 0.36046205313235685, 
        "accumulated_operating_revenue": 1443895, 
        "long_term_average": 120324, 
        "date": "2013-12-31", 
        "operating_revenue": 121955, 
        "short_term_average": 117316
    }, 
    {
        "accumulated_operating_revenue_yoy": -5.889627569872808, 
        "accumulated_operating_revenue": 125563, 
        "long_term_average": 119669, 
        "date": "2014-01-31", 
        "operating_revenue": 125563, 
        "short_term_average": 121723
    }, 
    {
        "accumulated_operating_revenue_yoy": 5.392758206904551, 
        "accumulated_operating_revenue": 236260, 
        "long_term_average": 121332, 
        "date": "2014-02-28", 
        "operating_revenue": 110697, 
        "short_term_average": 119405
    }, 
    {
        "accumulated_operating_revenue_yoy": 3.991139502492015, 
        "accumulated_operating_revenue": 371812, 
        "long_term_average": 121513, 
        "date": "2014-03-31", 
        "operating_revenue": 135552, 
        "short_term_average": 123937
    }, 
    {
        "accumulated_operating_revenue_yoy": 4.897231346785547, 
        "accumulated_operating_revenue": 502956, 
        "long_term_average": 122281, 
        "date": "2014-04-30", 
        "operating_revenue": 131144, 
        "short_term_average": 125797
    }, 
    {
        "accumulated_operating_revenue_yoy": 2.2708522869934686, 
        "accumulated_operating_revenue": 627266, 
        "long_term_average": 121485, 
        "date": "2014-05-31", 
        "operating_revenue": 124310, 
        "short_term_average": 130335
    }, 
    {
        "accumulated_operating_revenue_yoy": -0.7104973346215433, 
        "accumulated_operating_revenue": 734787, 
        "long_term_average": 119886, 
        "date": "2014-06-30", 
        "operating_revenue": 107521, 
        "short_term_average": 120991
    }, 
    {
        "accumulated_operating_revenue_yoy": 2.638629839461286, 
        "accumulated_operating_revenue": 879922, 
        "long_term_average": 122209, 
        "date": "2014-07-31", 
        "operating_revenue": 145135, 
        "short_term_average": 125655
    }, 
    {
        "accumulated_operating_revenue_yoy": 1.0183018434757392, 
        "accumulated_operating_revenue": 1003237, 
        "long_term_average": 121167, 
        "date": "2014-08-31", 
        "operating_revenue": 123315, 
        "short_term_average": 125323
    }, 
    {
        "accumulated_operating_revenue_yoy": 1.7694098426112648, 
        "accumulated_operating_revenue": 1111267, 
        "long_term_average": 121934, 
        "date": "2014-09-30", 
        "operating_revenue": 108030, 
        "short_term_average": 125493
    }, 
    {
        "accumulated_operating_revenue_yoy": 4.217011033065984, 
        "accumulated_operating_revenue": 1255074, 
        "long_term_average": 124556, 
        "date": "2014-10-31", 
        "operating_revenue": 143807, 
        "short_term_average": 125050
    }, 
    {
        "accumulated_operating_revenue_yoy": 4.146632978803879, 
        "accumulated_operating_revenue": 1376756, 
        "long_term_average": 124892, 
        "date": "2014-11-30", 
        "operating_revenue": 121682, 
        "short_term_average": 124506
    }, 
    {
        "accumulated_operating_revenue_yoy": 4.347269018869101, 
        "accumulated_operating_revenue": 1506665, 
        "long_term_average": 125555, 
        "date": "2014-12-31", 
        "operating_revenue": 129909, 
        "short_term_average": 131799
    }, 
    {
        "accumulated_operating_revenue_yoy": 6.876229462500897, 
        "accumulated_operating_revenue": 134197, 
        "long_term_average": 126274, 
        "date": "2015-01-31", 
        "operating_revenue": 134197, 
        "short_term_average": 128596
    }, 
    {
        "accumulated_operating_revenue_yoy": -0.7335139253364936, 
        "accumulated_operating_revenue": 234527, 
        "long_term_average": 125411, 
        "date": "2015-02-28", 
        "operating_revenue": 100330, 
        "short_term_average": 121478
    }, 
    {
        "accumulated_operating_revenue_yoy": -2.239034781018364, 
        "accumulated_operating_revenue": 363487, 
        "long_term_average": 124861, 
        "date": "2015-03-31", 
        "operating_revenue": 128960, 
        "short_term_average": 121162
    }, 
    {
        "accumulated_operating_revenue_yoy": -3.3887656176683447, 
        "accumulated_operating_revenue": 485912, 
        "long_term_average": 124135, 
        "date": "2015-04-30", 
        "operating_revenue": 122425, 
        "short_term_average": 117238
    }, 
    {
        "accumulated_operating_revenue_yoy": -5.752902277502686, 
        "accumulated_operating_revenue": 591180, 
        "long_term_average": 122548, 
        "date": "2015-05-31", 
        "operating_revenue": 105268, 
        "short_term_average": 118884
    }, 
    {
        "accumulated_operating_revenue_yoy": -2.394571488063888, 
        "accumulated_operating_revenue": 717192, 
        "long_term_average": 124089, 
        "date": "2015-06-30", 
        "operating_revenue": 126012, 
        "short_term_average": 117901
    }, 
    {
        "accumulated_operating_revenue_yoy": -1.806978345807924, 
        "accumulated_operating_revenue": 864022, 
        "long_term_average": 124230, 
        "date": "2015-07-31", 
        "operating_revenue": 146830, 
        "short_term_average": 126036
    }, 
    {
        "accumulated_operating_revenue_yoy": 1.45030536154468, 
        "accumulated_operating_revenue": 1017787, 
        "long_term_average": 126767, 
        "date": "2015-08-31", 
        "operating_revenue": 153765, 
        "short_term_average": 142202
    }, 
    {
        "accumulated_operating_revenue_yoy": 4.087766486361963, 
        "accumulated_operating_revenue": 1156693, 
        "long_term_average": 129340, 
        "date": "2015-09-30", 
        "operating_revenue": 138906, 
        "short_term_average": 146500
    }, 
    {
        "accumulated_operating_revenue_yoy": 4.03872600340697, 
        "accumulated_operating_revenue": 1305763, 
        "long_term_average": 129779, 
        "date": "2015-10-31", 
        "operating_revenue": 149070, 
        "short_term_average": 147247
    }
]