[
    {
        "date": "2012-01-31", 
        "operating_revenue": 63277, 
        "accumulated_operating_revenue": 63277, 
        "long_term_average": 63277, 
        "short_term_average": 63277
    }, 
    {
        "date": "2012-02-29", 
        "operating_revenue": 72835, 
        "accumulated_operating_revenue": 136112, 
        "long_term_average": 68056, 
        "short_term_average": 68056
    }, 
    {
        "date": "2012-03-31", 
        "operating_revenue": 76073, 
        "accumulated_operating_revenue": 212185, 
        "long_term_average": 70728, 
        "short_term_average": 70728
    }, 
    {
        "date": "2012-04-30", 
        "operating_revenue": 67172, 
        "accumulated_operating_revenue": 279357, 
        "long_term_average": 69839, 
        "short_term_average": 72026
    }, 
    {
        "date": "2012-05-31", 
        "operating_revenue": 75002, 
        "accumulated_operating_revenue": 354359, 
        "long_term_average": 70871, 
        "short_term_average": 72749
    }, 
    {
        "date": "2012-06-30", 
        "operating_revenue": 65208, 
        "accumulated_operating_revenue": 419567, 
        "long_term_average": 69927, 
        "short_term_average": 69127
    }, 
    {
        "date": "2012-07-31", 
        "operating_revenue": 63768, 
        "accumulated_operating_revenue": 483335, 
        "long_term_average": 69047, 
        "short_term_average": 67992
    }, 
    {
        "date": "2012-08-31", 
        "operating_revenue": 65831, 
        "accumulated_operating_revenue": 549166, 
        "long_term_average": 68645, 
        "short_term_average": 64935
    }, 
    {
        "date": "2012-09-30", 
        "operating_revenue": 83327, 
        "accumulated_operating_revenue": 632493, 
        "long_term_average": 70277, 
        "short_term_average": 70975
    }, 
    {
        "date": "2012-10-31", 
        "operating_revenue": 86029, 
        "accumulated_operating_revenue": 718522, 
        "long_term_average": 71852, 
        "short_term_average": 78395
    }, 
    {
        "date": "2012-11-30", 
        "operating_revenue": 82275, 
        "accumulated_operating_revenue": 800797, 
        "long_term_average": 72799, 
        "short_term_average": 83877
    }, 
    {
        "date": "2012-12-31", 
        "operating_revenue": 84095, 
        "accumulated_operating_revenue": 884892, 
        "long_term_average": 73741, 
        "short_term_average": 84133
    }, 
    {
        "accumulated_operating_revenue_yoy": 38.13866017668347, 
        "accumulated_operating_revenue": 87410, 
        "long_term_average": 75752, 
        "date": "2013-01-31", 
        "operating_revenue": 87410, 
        "short_term_average": 84593
    }, 
    {
        "accumulated_operating_revenue_yoy": 29.266339485129894, 
        "accumulated_operating_revenue": 175947, 
        "long_term_average": 77060, 
        "date": "2013-02-28", 
        "operating_revenue": 88537, 
        "short_term_average": 86680
    }, 
    {
        "accumulated_operating_revenue_yoy": 25.536206612154487, 
        "accumulated_operating_revenue": 266369, 
        "long_term_average": 78256, 
        "date": "2013-03-31", 
        "operating_revenue": 90422, 
        "short_term_average": 88789
    }, 
    {
        "accumulated_operating_revenue_yoy": 26.511954237767444, 
        "accumulated_operating_revenue": 353420, 
        "long_term_average": 79912, 
        "date": "2013-04-30", 
        "operating_revenue": 87051, 
        "short_term_average": 88670
    }, 
    {
        "accumulated_operating_revenue_yoy": 28.126278717345972, 
        "accumulated_operating_revenue": 454027, 
        "long_term_average": 82046, 
        "date": "2013-05-31", 
        "operating_revenue": 100607, 
        "short_term_average": 92693
    }, 
    {
        "accumulated_operating_revenue_yoy": 27.510266536691397, 
        "accumulated_operating_revenue": 534991, 
        "long_term_average": 83359, 
        "date": "2013-06-30", 
        "operating_revenue": 80964, 
        "short_term_average": 89540
    }, 
    {
        "accumulated_operating_revenue_yoy": 23.390402102061717, 
        "accumulated_operating_revenue": 596389, 
        "long_term_average": 83162, 
        "date": "2013-07-31", 
        "operating_revenue": 61398, 
        "short_term_average": 80989
    }, 
    {
        "accumulated_operating_revenue_yoy": 21.065579442281567, 
        "accumulated_operating_revenue": 664851, 
        "long_term_average": 83381, 
        "date": "2013-08-31", 
        "operating_revenue": 68462, 
        "short_term_average": 70274
    }, 
    {
        "accumulated_operating_revenue_yoy": 14.890441475241623, 
        "accumulated_operating_revenue": 726674, 
        "long_term_average": 81589, 
        "date": "2013-09-30", 
        "operating_revenue": 61823, 
        "short_term_average": 63894
    }, 
    {
        "accumulated_operating_revenue_yoy": 11.673407355655081, 
        "accumulated_operating_revenue": 802398, 
        "long_term_average": 80730, 
        "date": "2013-10-31", 
        "operating_revenue": 75724, 
        "short_term_average": 68669
    }, 
    {
        "accumulated_operating_revenue_yoy": 7.630273340184841, 
        "accumulated_operating_revenue": 861900, 
        "long_term_average": 78832, 
        "date": "2013-11-30", 
        "operating_revenue": 59502, 
        "short_term_average": 65683
    }, 
    {
        "accumulated_operating_revenue_yoy": 3.717289793556728, 
        "accumulated_operating_revenue": 917786, 
        "long_term_average": 76482, 
        "date": "2013-12-31", 
        "operating_revenue": 55886, 
        "short_term_average": 63704
    }, 
    {
        "accumulated_operating_revenue_yoy": -12.561491820157878, 
        "accumulated_operating_revenue": 76430, 
        "long_term_average": 75567, 
        "date": "2014-01-31", 
        "operating_revenue": 76430, 
        "short_term_average": 63939
    }, 
    {
        "accumulated_operating_revenue_yoy": -23.16947717210296, 
        "accumulated_operating_revenue": 135181, 
        "long_term_average": 73085, 
        "date": "2014-02-28", 
        "operating_revenue": 58751, 
        "short_term_average": 63689
    }, 
    {
        "accumulated_operating_revenue_yoy": -23.18550582087255, 
        "accumulated_operating_revenue": 204610, 
        "long_term_average": 71335, 
        "date": "2014-03-31", 
        "operating_revenue": 69429, 
        "short_term_average": 68203
    }, 
    {
        "accumulated_operating_revenue_yoy": -23.12036670250693, 
        "accumulated_operating_revenue": 271708, 
        "long_term_average": 69672, 
        "date": "2014-04-30", 
        "operating_revenue": 67098, 
        "short_term_average": 65092
    }, 
    {
        "accumulated_operating_revenue_yoy": -24.38004788261491, 
        "accumulated_operating_revenue": 343335, 
        "long_term_average": 67257, 
        "date": "2014-05-31", 
        "operating_revenue": 71627, 
        "short_term_average": 69384
    }, 
    {
        "accumulated_operating_revenue_yoy": -22.798888205595983, 
        "accumulated_operating_revenue": 413019, 
        "long_term_average": 66317, 
        "date": "2014-06-30", 
        "operating_revenue": 69684, 
        "short_term_average": 69469
    }, 
    {
        "accumulated_operating_revenue_yoy": -18.038562079448145, 
        "accumulated_operating_revenue": 488809, 
        "long_term_average": 67517, 
        "date": "2014-07-31", 
        "operating_revenue": 75790, 
        "short_term_average": 72367
    }, 
    {
        "accumulated_operating_revenue_yoy": -16.80541956017213, 
        "accumulated_operating_revenue": 553120, 
        "long_term_average": 67171, 
        "date": "2014-08-31", 
        "operating_revenue": 64311, 
        "short_term_average": 69928
    }, 
    {
        "accumulated_operating_revenue_yoy": -13.196976911242182, 
        "accumulated_operating_revenue": 630775, 
        "long_term_average": 68490, 
        "date": "2014-09-30", 
        "operating_revenue": 77655, 
        "short_term_average": 72585
    }, 
    {
        "accumulated_operating_revenue_yoy": -11.619670039057924, 
        "accumulated_operating_revenue": 709162, 
        "long_term_average": 68712, 
        "date": "2014-10-31", 
        "operating_revenue": 78387, 
        "short_term_average": 73451
    }, 
    {
        "accumulated_operating_revenue_yoy": -9.965773291565148, 
        "accumulated_operating_revenue": 776005, 
        "long_term_average": 69324, 
        "date": "2014-11-30", 
        "operating_revenue": 66843, 
        "short_term_average": 74295
    }, 
    {
        "accumulated_operating_revenue_yoy": -8.43965804664704, 
        "accumulated_operating_revenue": 840328, 
        "long_term_average": 70027, 
        "date": "2014-12-31", 
        "operating_revenue": 64323, 
        "short_term_average": 69851
    }, 
    {
        "accumulated_operating_revenue_yoy": 24.932618081905012, 
        "accumulated_operating_revenue": 95486, 
        "long_term_average": 71615, 
        "date": "2015-01-31", 
        "operating_revenue": 95486, 
        "short_term_average": 75550
    }, 
    {
        "accumulated_operating_revenue_yoy": 24.06699166302957, 
        "accumulated_operating_revenue": 167715, 
        "long_term_average": 72738, 
        "date": "2015-02-28", 
        "operating_revenue": 72229, 
        "short_term_average": 77346
    }, 
    {
        "accumulated_operating_revenue_yoy": 15.803235423488587, 
        "accumulated_operating_revenue": 236945, 
        "long_term_average": 72721, 
        "date": "2015-03-31", 
        "operating_revenue": 69230, 
        "short_term_average": 78981
    }, 
    {
        "accumulated_operating_revenue_yoy": 14.47988281537533, 
        "accumulated_operating_revenue": 311051, 
        "long_term_average": 73305, 
        "date": "2015-04-30", 
        "operating_revenue": 74106, 
        "short_term_average": 71855
    }, 
    {
        "accumulated_operating_revenue_yoy": 13.66158416706715, 
        "accumulated_operating_revenue": 390240, 
        "long_term_average": 73936, 
        "date": "2015-05-31", 
        "operating_revenue": 79189, 
        "short_term_average": 74175
    }, 
    {
        "accumulated_operating_revenue_yoy": 10.330517482246579, 
        "accumulated_operating_revenue": 455686, 
        "long_term_average": 73582, 
        "date": "2015-06-30", 
        "operating_revenue": 65446, 
        "short_term_average": 72913
    }, 
    {
        "accumulated_operating_revenue_yoy": 7.6580013870448385, 
        "accumulated_operating_revenue": 526242, 
        "long_term_average": 73146, 
        "date": "2015-07-31", 
        "operating_revenue": 70556, 
        "short_term_average": 71730
    }, 
    {
        "accumulated_operating_revenue_yoy": 6.579404107607753, 
        "accumulated_operating_revenue": 589512, 
        "long_term_average": 73060, 
        "date": "2015-08-31", 
        "operating_revenue": 63270, 
        "short_term_average": 66424
    }, 
    {
        "accumulated_operating_revenue_yoy": 3.610637707581943, 
        "accumulated_operating_revenue": 653550, 
        "long_term_average": 71925, 
        "date": "2015-09-30", 
        "operating_revenue": 64038, 
        "short_term_average": 65954
    }
]