[
    {
        "date": "2011-09-30", 
        "operating_revenue": 90005, 
        "accumulated_operating_revenue": 90005, 
        "long_term_average": 90005, 
        "short_term_average": 90005
    }, 
    {
        "date": "2011-10-31", 
        "operating_revenue": 92806, 
        "accumulated_operating_revenue": 182811, 
        "long_term_average": 91405, 
        "short_term_average": 91405
    }, 
    {
        "date": "2011-11-30", 
        "operating_revenue": 92642, 
        "accumulated_operating_revenue": 275453, 
        "long_term_average": 91817, 
        "short_term_average": 91817
    }, 
    {
        "date": "2011-12-31", 
        "operating_revenue": 112912, 
        "accumulated_operating_revenue": 388365, 
        "long_term_average": 97091, 
        "short_term_average": 99453
    }, 
    {
        "date": "2012-01-31", 
        "operating_revenue": 98062, 
        "accumulated_operating_revenue": 98062, 
        "long_term_average": 97285, 
        "short_term_average": 101205
    }, 
    {
        "date": "2012-02-29", 
        "operating_revenue": 91623, 
        "accumulated_operating_revenue": 189685, 
        "long_term_average": 96341, 
        "short_term_average": 100865
    }, 
    {
        "date": "2012-03-31", 
        "operating_revenue": 95590, 
        "accumulated_operating_revenue": 285275, 
        "long_term_average": 96234, 
        "short_term_average": 95091
    }, 
    {
        "date": "2012-04-30", 
        "operating_revenue": 104633, 
        "accumulated_operating_revenue": 389908, 
        "long_term_average": 97284, 
        "short_term_average": 97282
    }, 
    {
        "date": "2012-05-31", 
        "operating_revenue": 115621, 
        "accumulated_operating_revenue": 505529, 
        "long_term_average": 99321, 
        "short_term_average": 105281
    }, 
    {
        "date": "2012-06-30", 
        "operating_revenue": 94499, 
        "accumulated_operating_revenue": 600028, 
        "long_term_average": 98839, 
        "short_term_average": 104917
    }, 
    {
        "date": "2012-07-31", 
        "operating_revenue": 83837, 
        "accumulated_operating_revenue": 683865, 
        "long_term_average": 97475, 
        "short_term_average": 97985
    }, 
    {
        "date": "2012-08-31", 
        "operating_revenue": 87619, 
        "accumulated_operating_revenue": 771484, 
        "long_term_average": 96654, 
        "short_term_average": 88651
    }, 
    {
        "accumulated_operating_revenue_yoy": 860.8988389533914, 
        "accumulated_operating_revenue": 864857, 
        "long_term_average": 96934, 
        "date": "2012-09-30", 
        "operating_revenue": 93373, 
        "short_term_average": 88276
    }, 
    {
        "accumulated_operating_revenue_yoy": 420.9216075619082, 
        "accumulated_operating_revenue": 952302, 
        "long_term_average": 96488, 
        "date": "2012-10-31", 
        "operating_revenue": 87445, 
        "short_term_average": 89479
    }, 
    {
        "accumulated_operating_revenue_yoy": 279.2298504645076, 
        "accumulated_operating_revenue": 1044600, 
        "long_term_average": 96459, 
        "date": "2012-11-30", 
        "operating_revenue": 92298, 
        "short_term_average": 91038
    }, 
    {
        "accumulated_operating_revenue_yoy": 187.18731090597763, 
        "accumulated_operating_revenue": 1115335, 
        "long_term_average": 92944, 
        "date": "2012-12-31", 
        "operating_revenue": 70735, 
        "short_term_average": 83492
    }, 
    {
        "accumulated_operating_revenue_yoy": 7.092451714221615, 
        "accumulated_operating_revenue": 105017, 
        "long_term_average": 93524, 
        "date": "2013-01-31", 
        "operating_revenue": 105017, 
        "short_term_average": 89350
    }, 
    {
        "accumulated_operating_revenue_yoy": -6.1633761235732925, 
        "accumulated_operating_revenue": 177994, 
        "long_term_average": 91970, 
        "date": "2013-02-28", 
        "operating_revenue": 72977, 
        "short_term_average": 82909
    }, 
    {
        "accumulated_operating_revenue_yoy": -1.9872053281920952, 
        "accumulated_operating_revenue": 279606, 
        "long_term_average": 92472, 
        "date": "2013-03-31", 
        "operating_revenue": 101612, 
        "short_term_average": 93202
    }, 
    {
        "accumulated_operating_revenue_yoy": 0.5644921366065841, 
        "accumulated_operating_revenue": 392109, 
        "long_term_average": 93128, 
        "date": "2013-04-30", 
        "operating_revenue": 112503, 
        "short_term_average": 95697
    }, 
    {
        "accumulated_operating_revenue_yoy": -5.834482294784276, 
        "accumulated_operating_revenue": 476034, 
        "long_term_average": 90486, 
        "date": "2013-05-31", 
        "operating_revenue": 83925, 
        "short_term_average": 99346
    }, 
    {
        "accumulated_operating_revenue_yoy": -7.008006293039657, 
        "accumulated_operating_revenue": 557978, 
        "long_term_average": 89440, 
        "date": "2013-06-30", 
        "operating_revenue": 81944, 
        "short_term_average": 92790
    }, 
    {
        "accumulated_operating_revenue_yoy": -5.772338107667449, 
        "accumulated_operating_revenue": 644390, 
        "long_term_average": 89655, 
        "date": "2013-07-31", 
        "operating_revenue": 86412, 
        "short_term_average": 84093
    }, 
    {
        "accumulated_operating_revenue_yoy": -4.378055798953705, 
        "accumulated_operating_revenue": 737708, 
        "long_term_average": 90129, 
        "date": "2013-08-31", 
        "operating_revenue": 93318, 
        "short_term_average": 87224
    }, 
    {
        "accumulated_operating_revenue_yoy": -3.942270225019859, 
        "accumulated_operating_revenue": 830762, 
        "long_term_average": 90103, 
        "date": "2013-09-30", 
        "operating_revenue": 93054, 
        "short_term_average": 90928
    }, 
    {
        "accumulated_operating_revenue_yoy": -1.5829012225113464, 
        "accumulated_operating_revenue": 937228, 
        "long_term_average": 91688, 
        "date": "2013-10-31", 
        "operating_revenue": 106466, 
        "short_term_average": 97612
    }, 
    {
        "accumulated_operating_revenue_yoy": 2.463622439211181, 
        "accumulated_operating_revenue": 1070335, 
        "long_term_average": 95089, 
        "date": "2013-11-30", 
        "operating_revenue": 133107, 
        "short_term_average": 110875
    }, 
    {
        "accumulated_operating_revenue_yoy": 4.812545109765227, 
        "accumulated_operating_revenue": 1169011, 
        "long_term_average": 97417, 
        "date": "2013-12-31", 
        "operating_revenue": 98676, 
        "short_term_average": 112749
    }, 
    {
        "accumulated_operating_revenue_yoy": 30.48458820952798, 
        "accumulated_operating_revenue": 137031, 
        "long_term_average": 100085, 
        "date": "2014-01-31", 
        "operating_revenue": 137031, 
        "short_term_average": 122938
    }, 
    {
        "accumulated_operating_revenue_yoy": 19.048956706405836, 
        "accumulated_operating_revenue": 211900, 
        "long_term_average": 100243, 
        "date": "2014-02-28", 
        "operating_revenue": 74869, 
        "short_term_average": 103525
    }, 
    {
        "accumulated_operating_revenue_yoy": 10.724018797879873, 
        "accumulated_operating_revenue": 309591, 
        "long_term_average": 99916, 
        "date": "2014-03-31", 
        "operating_revenue": 97691, 
        "short_term_average": 103197
    }, 
    {
        "accumulated_operating_revenue_yoy": 14.824449324039998, 
        "accumulated_operating_revenue": 450237, 
        "long_term_average": 102261, 
        "date": "2014-04-30", 
        "operating_revenue": 140646, 
        "short_term_average": 104402
    }, 
    {
        "accumulated_operating_revenue_yoy": 19.29820138897642, 
        "accumulated_operating_revenue": 567900, 
        "long_term_average": 105073, 
        "date": "2014-05-31", 
        "operating_revenue": 117663, 
        "short_term_average": 118666
    }, 
    {
        "accumulated_operating_revenue_yoy": 19.714038904759686, 
        "accumulated_operating_revenue": 667978, 
        "long_term_average": 106584, 
        "date": "2014-06-30", 
        "operating_revenue": 100078, 
        "short_term_average": 119462
    }, 
    {
        "accumulated_operating_revenue_yoy": 20.139666971864862, 
        "accumulated_operating_revenue": 774168, 
        "long_term_average": 108232, 
        "date": "2014-07-31", 
        "operating_revenue": 106190, 
        "short_term_average": 107977
    }, 
    {
        "accumulated_operating_revenue_yoy": 20.115953737793273, 
        "accumulated_operating_revenue": 886105, 
        "long_term_average": 109784, 
        "date": "2014-08-31", 
        "operating_revenue": 111937, 
        "short_term_average": 106068
    }, 
    {
        "accumulated_operating_revenue_yoy": 20.35817719154222, 
        "accumulated_operating_revenue": 999890, 
        "long_term_average": 111511, 
        "date": "2014-09-30", 
        "operating_revenue": 113785, 
        "short_term_average": 110637
    }, 
    {
        "accumulated_operating_revenue_yoy": 20.692937044134403, 
        "accumulated_operating_revenue": 1131168, 
        "long_term_average": 113579, 
        "date": "2014-10-31", 
        "operating_revenue": 131278, 
        "short_term_average": 119000
    }, 
    {
        "accumulated_operating_revenue_yoy": 19.60872063419397, 
        "accumulated_operating_revenue": 1280214, 
        "long_term_average": 114907, 
        "date": "2014-11-30", 
        "operating_revenue": 149046, 
        "short_term_average": 131369
    }, 
    {
        "accumulated_operating_revenue_yoy": 19.923336906154006, 
        "accumulated_operating_revenue": 1401917, 
        "long_term_average": 116826, 
        "date": "2014-12-31", 
        "operating_revenue": 121703, 
        "short_term_average": 134009
    }, 
    {
        "accumulated_operating_revenue_yoy": -15.424976830060352, 
        "accumulated_operating_revenue": 115894, 
        "long_term_average": 115065, 
        "date": "2015-01-31", 
        "operating_revenue": 115894, 
        "short_term_average": 128881
    }, 
    {
        "accumulated_operating_revenue_yoy": 9.325153374233128, 
        "accumulated_operating_revenue": 231660, 
        "long_term_average": 118473, 
        "date": "2015-02-28", 
        "operating_revenue": 115766, 
        "short_term_average": 117787
    }, 
    {
        "accumulated_operating_revenue_yoy": 11.904738832847208, 
        "accumulated_operating_revenue": 346447, 
        "long_term_average": 119897, 
        "date": "2015-03-31", 
        "operating_revenue": 114787, 
        "short_term_average": 115482
    }, 
    {
        "accumulated_operating_revenue_yoy": 5.674566950295066, 
        "accumulated_operating_revenue": 475786, 
        "long_term_average": 118955, 
        "date": "2015-04-30", 
        "operating_revenue": 129339, 
        "short_term_average": 119964
    }, 
    {
        "accumulated_operating_revenue_yoy": 8.055995773903856, 
        "accumulated_operating_revenue": 613650, 
        "long_term_average": 120638, 
        "date": "2015-05-31", 
        "operating_revenue": 137864, 
        "short_term_average": 127330
    }, 
    {
        "accumulated_operating_revenue_yoy": 10.731790567952837, 
        "accumulated_operating_revenue": 739664, 
        "long_term_average": 122800, 
        "date": "2015-06-30", 
        "operating_revenue": 126014, 
        "short_term_average": 131072
    }, 
    {
        "accumulated_operating_revenue_yoy": 11.454232156327826, 
        "accumulated_operating_revenue": 862843, 
        "long_term_average": 124216, 
        "date": "2015-07-31", 
        "operating_revenue": 123179, 
        "short_term_average": 129019
    }, 
    {
        "accumulated_operating_revenue_yoy": 11.827943640990627, 
        "accumulated_operating_revenue": 990913, 
        "long_term_average": 125560, 
        "date": "2015-08-31", 
        "operating_revenue": 128070, 
        "short_term_average": 125754
    }, 
    {
        "accumulated_operating_revenue_yoy": 11.470761783796217, 
        "accumulated_operating_revenue": 1114585, 
        "long_term_average": 126384, 
        "date": "2015-09-30", 
        "operating_revenue": 123672, 
        "short_term_average": 124973
    }
]