[
    {
        "date": "2012-01-31", 
        "operating_revenue": 54622, 
        "accumulated_operating_revenue": 54622, 
        "long_term_average": 54622, 
        "short_term_average": 54622
    }, 
    {
        "date": "2012-02-29", 
        "operating_revenue": 79961, 
        "accumulated_operating_revenue": 134583, 
        "long_term_average": 67291, 
        "short_term_average": 67291
    }, 
    {
        "date": "2012-03-31", 
        "operating_revenue": 87732, 
        "accumulated_operating_revenue": 222315, 
        "long_term_average": 74105, 
        "short_term_average": 74105
    }, 
    {
        "date": "2012-04-30", 
        "operating_revenue": 65216, 
        "accumulated_operating_revenue": 287531, 
        "long_term_average": 71882, 
        "short_term_average": 77636
    }, 
    {
        "date": "2012-05-31", 
        "operating_revenue": 82332, 
        "accumulated_operating_revenue": 369863, 
        "long_term_average": 73972, 
        "short_term_average": 78426
    }, 
    {
        "date": "2012-06-30", 
        "operating_revenue": 57504, 
        "accumulated_operating_revenue": 427367, 
        "long_term_average": 71227, 
        "short_term_average": 68350
    }, 
    {
        "date": "2012-07-31", 
        "operating_revenue": 73002, 
        "accumulated_operating_revenue": 500369, 
        "long_term_average": 71481, 
        "short_term_average": 70946
    }, 
    {
        "date": "2012-08-31", 
        "operating_revenue": 69826, 
        "accumulated_operating_revenue": 570195, 
        "long_term_average": 71274, 
        "short_term_average": 66777
    }, 
    {
        "date": "2012-09-30", 
        "operating_revenue": 57445, 
        "accumulated_operating_revenue": 627640, 
        "long_term_average": 69737, 
        "short_term_average": 66757
    }, 
    {
        "date": "2012-10-31", 
        "operating_revenue": 78338, 
        "accumulated_operating_revenue": 705978, 
        "long_term_average": 70597, 
        "short_term_average": 68536
    }, 
    {
        "date": "2012-11-30", 
        "operating_revenue": 84670, 
        "accumulated_operating_revenue": 790648, 
        "long_term_average": 71877, 
        "short_term_average": 73484
    }, 
    {
        "date": "2012-12-31", 
        "operating_revenue": 71248, 
        "accumulated_operating_revenue": 861896, 
        "long_term_average": 71824, 
        "short_term_average": 78085
    }, 
    {
        "accumulated_operating_revenue_yoy": 34.77170370912819, 
        "accumulated_operating_revenue": 73615, 
        "long_term_average": 73407, 
        "date": "2013-01-31", 
        "operating_revenue": 73615, 
        "short_term_average": 76511
    }, 
    {
        "accumulated_operating_revenue_yoy": -6.51865391617069, 
        "accumulated_operating_revenue": 125810, 
        "long_term_average": 71093, 
        "date": "2013-02-28", 
        "operating_revenue": 52195, 
        "short_term_average": 65686
    }, 
    {
        "accumulated_operating_revenue_yoy": 5.107617569664665, 
        "accumulated_operating_revenue": 233670, 
        "long_term_average": 72770, 
        "date": "2013-03-31", 
        "operating_revenue": 107860, 
        "short_term_average": 77890
    }, 
    {
        "accumulated_operating_revenue_yoy": 11.221050947550003, 
        "accumulated_operating_revenue": 319795, 
        "long_term_average": 74513, 
        "date": "2013-04-30", 
        "operating_revenue": 86125, 
        "short_term_average": 82060
    }, 
    {
        "accumulated_operating_revenue_yoy": 9.481348499309204, 
        "accumulated_operating_revenue": 404931, 
        "long_term_average": 74747, 
        "date": "2013-05-31", 
        "operating_revenue": 85136, 
        "short_term_average": 93040
    }, 
    {
        "accumulated_operating_revenue_yoy": 13.114255429174456, 
        "accumulated_operating_revenue": 483413, 
        "long_term_average": 76495, 
        "date": "2013-06-30", 
        "operating_revenue": 78482, 
        "short_term_average": 83247
    }, 
    {
        "accumulated_operating_revenue_yoy": 12.18960407219472, 
        "accumulated_operating_revenue": 561362, 
        "long_term_average": 76907, 
        "date": "2013-07-31", 
        "operating_revenue": 77949, 
        "short_term_average": 80522
    }, 
    {
        "accumulated_operating_revenue_yoy": 11.69161427231035, 
        "accumulated_operating_revenue": 636860, 
        "long_term_average": 77380, 
        "date": "2013-08-31", 
        "operating_revenue": 75498, 
        "short_term_average": 77309
    }, 
    {
        "accumulated_operating_revenue_yoy": 11.659231406538781, 
        "accumulated_operating_revenue": 700818, 
        "long_term_average": 77922, 
        "date": "2013-09-30", 
        "operating_revenue": 63958, 
        "short_term_average": 72468
    }, 
    {
        "accumulated_operating_revenue_yoy": 11.335905651450895, 
        "accumulated_operating_revenue": 786007, 
        "long_term_average": 78493, 
        "date": "2013-10-31", 
        "operating_revenue": 85189, 
        "short_term_average": 74881
    }, 
    {
        "accumulated_operating_revenue_yoy": 9.449337758395645, 
        "accumulated_operating_revenue": 865359, 
        "long_term_average": 78050, 
        "date": "2013-11-30", 
        "operating_revenue": 79352, 
        "short_term_average": 76166
    }, 
    {
        "accumulated_operating_revenue_yoy": 10.674489729619351, 
        "accumulated_operating_revenue": 953899, 
        "long_term_average": 79491, 
        "date": "2013-12-31", 
        "operating_revenue": 88540, 
        "short_term_average": 84360
    }, 
    {
        "accumulated_operating_revenue_yoy": -5.212252937580656, 
        "accumulated_operating_revenue": 69778, 
        "long_term_average": 79171, 
        "date": "2014-01-31", 
        "operating_revenue": 69778, 
        "short_term_average": 79223
    }, 
    {
        "accumulated_operating_revenue_yoy": 20.059613703203244, 
        "accumulated_operating_revenue": 151047, 
        "long_term_average": 81594, 
        "date": "2014-02-28", 
        "operating_revenue": 81269, 
        "short_term_average": 79862
    }, 
    {
        "accumulated_operating_revenue_yoy": 13.191252621217957, 
        "accumulated_operating_revenue": 264494, 
        "long_term_average": 82060, 
        "date": "2014-03-31", 
        "operating_revenue": 113447, 
        "short_term_average": 88164
    }, 
    {
        "accumulated_operating_revenue_yoy": 13.133413593083068, 
        "accumulated_operating_revenue": 361795, 
        "long_term_average": 82991, 
        "date": "2014-04-30", 
        "operating_revenue": 97301, 
        "short_term_average": 97339
    }, 
    {
        "accumulated_operating_revenue_yoy": 10.37559485443199, 
        "accumulated_operating_revenue": 446945, 
        "long_term_average": 82992, 
        "date": "2014-05-31", 
        "operating_revenue": 85150, 
        "short_term_average": 98632
    }, 
    {
        "accumulated_operating_revenue_yoy": 8.91184142751643, 
        "accumulated_operating_revenue": 526494, 
        "long_term_average": 83081, 
        "date": "2014-06-30", 
        "operating_revenue": 79549, 
        "short_term_average": 87333
    }, 
    {
        "accumulated_operating_revenue_yoy": 8.977273132132208, 
        "accumulated_operating_revenue": 611757, 
        "long_term_average": 83691, 
        "date": "2014-07-31", 
        "operating_revenue": 85263, 
        "short_term_average": 83320
    }, 
    {
        "accumulated_operating_revenue_yoy": 8.788273717928586, 
        "accumulated_operating_revenue": 692829, 
        "long_term_average": 84155, 
        "date": "2014-08-31", 
        "operating_revenue": 81072, 
        "short_term_average": 81961
    }, 
    {
        "accumulated_operating_revenue_yoy": 12.792622335613526, 
        "accumulated_operating_revenue": 790471, 
        "long_term_average": 86962, 
        "date": "2014-09-30", 
        "operating_revenue": 97642, 
        "short_term_average": 87992
    }, 
    {
        "accumulated_operating_revenue_yoy": 13.754839333491942, 
        "accumulated_operating_revenue": 894121, 
        "long_term_average": 88501, 
        "date": "2014-10-31", 
        "operating_revenue": 103650, 
        "short_term_average": 94121
    }, 
    {
        "accumulated_operating_revenue_yoy": 14.112524397388828, 
        "accumulated_operating_revenue": 987483, 
        "long_term_average": 89668, 
        "date": "2014-11-30", 
        "operating_revenue": 93362, 
        "short_term_average": 98218
    }, 
    {
        "accumulated_operating_revenue_yoy": 15.398800082608327, 
        "accumulated_operating_revenue": 1100788, 
        "long_term_average": 91732, 
        "date": "2014-12-31", 
        "operating_revenue": 113305, 
        "short_term_average": 103439
    }, 
    {
        "accumulated_operating_revenue_yoy": 39.04239158474018, 
        "accumulated_operating_revenue": 97021, 
        "long_term_average": 94002, 
        "date": "2015-01-31", 
        "operating_revenue": 97021, 
        "short_term_average": 101229
    }, 
    {
        "accumulated_operating_revenue_yoy": 15.953312545101856, 
        "accumulated_operating_revenue": 175144, 
        "long_term_average": 93740, 
        "date": "2015-02-28", 
        "operating_revenue": 78123, 
        "short_term_average": 96149
    }, 
    {
        "accumulated_operating_revenue_yoy": 16.148192397559114, 
        "accumulated_operating_revenue": 307205, 
        "long_term_average": 95291, 
        "date": "2015-03-31", 
        "operating_revenue": 132061, 
        "short_term_average": 102401
    }, 
    {
        "accumulated_operating_revenue_yoy": 21.444740806257688, 
        "accumulated_operating_revenue": 439381, 
        "long_term_average": 98197, 
        "date": "2015-04-30", 
        "operating_revenue": 132176, 
        "short_term_average": 114120
    }, 
    {
        "accumulated_operating_revenue_yoy": 22.372775173679088, 
        "accumulated_operating_revenue": 546939, 
        "long_term_average": 100065, 
        "date": "2015-05-31", 
        "operating_revenue": 107558, 
        "short_term_average": 123931
    }, 
    {
        "accumulated_operating_revenue_yoy": 32.339779750576454, 
        "accumulated_operating_revenue": 696761, 
        "long_term_average": 105921, 
        "date": "2015-06-30", 
        "operating_revenue": 149822, 
        "short_term_average": 129852
    }, 
    {
        "accumulated_operating_revenue_yoy": 32.699911893120955, 
        "accumulated_operating_revenue": 811801, 
        "long_term_average": 108402, 
        "date": "2015-07-31", 
        "operating_revenue": 115040, 
        "short_term_average": 124140
    }, 
    {
        "accumulated_operating_revenue_yoy": 32.42762644173382, 
        "accumulated_operating_revenue": 917497, 
        "long_term_average": 110454, 
        "date": "2015-08-31", 
        "operating_revenue": 105696, 
        "short_term_average": 123519
    }, 
    {
        "accumulated_operating_revenue_yoy": 28.97070227750291, 
        "accumulated_operating_revenue": 1019476, 
        "long_term_average": 110816, 
        "date": "2015-09-30", 
        "operating_revenue": 101979, 
        "short_term_average": 107571
    }
]