[
    {
        "date": "2012-01-31", 
        "operating_revenue": 35841, 
        "accumulated_operating_revenue": 35841, 
        "long_term_average": 35841, 
        "short_term_average": 35841
    }, 
    {
        "date": "2012-02-29", 
        "operating_revenue": 27427, 
        "accumulated_operating_revenue": 63268, 
        "long_term_average": 31634, 
        "short_term_average": 31634
    }, 
    {
        "date": "2012-03-31", 
        "operating_revenue": 31290, 
        "accumulated_operating_revenue": 94558, 
        "long_term_average": 31519, 
        "short_term_average": 31519
    }, 
    {
        "date": "2012-04-30", 
        "operating_revenue": 26427, 
        "accumulated_operating_revenue": 120985, 
        "long_term_average": 30246, 
        "short_term_average": 28381
    }, 
    {
        "date": "2012-05-31", 
        "operating_revenue": 31277, 
        "accumulated_operating_revenue": 152262, 
        "long_term_average": 30452, 
        "short_term_average": 29664
    }, 
    {
        "date": "2012-06-30", 
        "operating_revenue": 30518, 
        "accumulated_operating_revenue": 182780, 
        "long_term_average": 30463, 
        "short_term_average": 29407
    }, 
    {
        "date": "2012-07-31", 
        "operating_revenue": 29492, 
        "accumulated_operating_revenue": 212272, 
        "long_term_average": 30324, 
        "short_term_average": 30429
    }, 
    {
        "date": "2012-08-31", 
        "operating_revenue": 28368, 
        "accumulated_operating_revenue": 240640, 
        "long_term_average": 30080, 
        "short_term_average": 29459
    }, 
    {
        "date": "2012-09-30", 
        "operating_revenue": 32505, 
        "accumulated_operating_revenue": 273145, 
        "long_term_average": 30349, 
        "short_term_average": 30121
    }, 
    {
        "date": "2012-10-31", 
        "operating_revenue": 24082, 
        "accumulated_operating_revenue": 297227, 
        "long_term_average": 29722, 
        "short_term_average": 28318
    }, 
    {
        "date": "2012-11-30", 
        "operating_revenue": 24195, 
        "accumulated_operating_revenue": 321422, 
        "long_term_average": 29220, 
        "short_term_average": 26927
    }, 
    {
        "date": "2012-12-31", 
        "operating_revenue": 29765, 
        "accumulated_operating_revenue": 351187, 
        "long_term_average": 29265, 
        "short_term_average": 26014
    }, 
    {
        "accumulated_operating_revenue_yoy": 15.510169917134009, 
        "accumulated_operating_revenue": 41400, 
        "long_term_average": 29728, 
        "date": "2013-01-31", 
        "operating_revenue": 41400, 
        "short_term_average": 31786
    }, 
    {
        "accumulated_operating_revenue_yoy": 3.976733893911614, 
        "accumulated_operating_revenue": 65784, 
        "long_term_average": 29475, 
        "date": "2013-02-28", 
        "operating_revenue": 24384, 
        "short_term_average": 31849
    }, 
    {
        "accumulated_operating_revenue_yoy": 5.885276761352821, 
        "accumulated_operating_revenue": 100123, 
        "long_term_average": 29729, 
        "date": "2013-03-31", 
        "operating_revenue": 34339, 
        "short_term_average": 33374
    }, 
    {
        "accumulated_operating_revenue_yoy": 10.545108897797247, 
        "accumulated_operating_revenue": 133743, 
        "long_term_average": 30328, 
        "date": "2013-04-30", 
        "operating_revenue": 33620, 
        "short_term_average": 30781
    }, 
    {
        "accumulated_operating_revenue_yoy": 10.293441567823884, 
        "accumulated_operating_revenue": 167935, 
        "long_term_average": 30571, 
        "date": "2013-05-31", 
        "operating_revenue": 34192, 
        "short_term_average": 34050
    }, 
    {
        "accumulated_operating_revenue_yoy": 7.488237225079331, 
        "accumulated_operating_revenue": 196467, 
        "long_term_average": 30406, 
        "date": "2013-06-30", 
        "operating_revenue": 28532, 
        "short_term_average": 32114
    }, 
    {
        "accumulated_operating_revenue_yoy": 11.560639179920102, 
        "accumulated_operating_revenue": 236812, 
        "long_term_average": 31310, 
        "date": "2013-07-31", 
        "operating_revenue": 40345, 
        "short_term_average": 34356
    }, 
    {
        "accumulated_operating_revenue_yoy": 12.047041223404255, 
        "accumulated_operating_revenue": 269630, 
        "long_term_average": 31681, 
        "date": "2013-08-31", 
        "operating_revenue": 32818, 
        "short_term_average": 33898
    }, 
    {
        "accumulated_operating_revenue_yoy": 11.379304032656648, 
        "accumulated_operating_revenue": 304227, 
        "long_term_average": 31855, 
        "date": "2013-09-30", 
        "operating_revenue": 34597, 
        "short_term_average": 35920
    }, 
    {
        "accumulated_operating_revenue_yoy": 13.470175993432628, 
        "accumulated_operating_revenue": 337264, 
        "long_term_average": 32602, 
        "date": "2013-10-31", 
        "operating_revenue": 33037, 
        "short_term_average": 33484
    }, 
    {
        "accumulated_operating_revenue_yoy": 14.559675442253486, 
        "accumulated_operating_revenue": 368220, 
        "long_term_average": 33165, 
        "date": "2013-11-30", 
        "operating_revenue": 30956, 
        "short_term_average": 32863
    }, 
    {
        "accumulated_operating_revenue_yoy": 13.057146192769094, 
        "accumulated_operating_revenue": 397042, 
        "long_term_average": 33086, 
        "date": "2013-12-31", 
        "operating_revenue": 28822, 
        "short_term_average": 30938
    }, 
    {
        "accumulated_operating_revenue_yoy": 26.809178743961354, 
        "accumulated_operating_revenue": 52499, 
        "long_term_average": 34011, 
        "date": "2014-01-31", 
        "operating_revenue": 52499, 
        "short_term_average": 37425
    }, 
    {
        "accumulated_operating_revenue_yoy": 26.416757874255136, 
        "accumulated_operating_revenue": 83162, 
        "long_term_average": 34535, 
        "date": "2014-02-28", 
        "operating_revenue": 30663, 
        "short_term_average": 37328
    }, 
    {
        "accumulated_operating_revenue_yoy": 21.838139088920627, 
        "accumulated_operating_revenue": 121988, 
        "long_term_average": 34908, 
        "date": "2014-03-31", 
        "operating_revenue": 38826, 
        "short_term_average": 40662
    }, 
    {
        "accumulated_operating_revenue_yoy": 20.06983543063936, 
        "accumulated_operating_revenue": 160585, 
        "long_term_average": 35323, 
        "date": "2014-04-30", 
        "operating_revenue": 38597, 
        "short_term_average": 36028
    }, 
    {
        "accumulated_operating_revenue_yoy": 23.794325185339567, 
        "accumulated_operating_revenue": 207894, 
        "long_term_average": 36416, 
        "date": "2014-05-31", 
        "operating_revenue": 47309, 
        "short_term_average": 41577
    }, 
    {
        "accumulated_operating_revenue_yoy": 23.171830383728565, 
        "accumulated_operating_revenue": 241992, 
        "long_term_average": 36880, 
        "date": "2014-06-30", 
        "operating_revenue": 34098, 
        "short_term_average": 40001
    }, 
    {
        "accumulated_operating_revenue_yoy": 21.98706146647974, 
        "accumulated_operating_revenue": 288880, 
        "long_term_average": 37425, 
        "date": "2014-07-31", 
        "operating_revenue": 46888, 
        "short_term_average": 42765
    }, 
    {
        "accumulated_operating_revenue_yoy": 22.432221933761078, 
        "accumulated_operating_revenue": 330114, 
        "long_term_average": 38127, 
        "date": "2014-08-31", 
        "operating_revenue": 41234, 
        "short_term_average": 40740
    }, 
    {
        "accumulated_operating_revenue_yoy": 21.89746472206609, 
        "accumulated_operating_revenue": 370845, 
        "long_term_average": 38638, 
        "date": "2014-09-30", 
        "operating_revenue": 40731, 
        "short_term_average": 42951
    }, 
    {
        "accumulated_operating_revenue_yoy": 21.584871198823475, 
        "accumulated_operating_revenue": 410062, 
        "long_term_average": 39153, 
        "date": "2014-10-31", 
        "operating_revenue": 39217, 
        "short_term_average": 40394
    }, 
    {
        "accumulated_operating_revenue_yoy": 20.44104068220086, 
        "accumulated_operating_revenue": 443488, 
        "long_term_average": 39359, 
        "date": "2014-11-30", 
        "operating_revenue": 33426, 
        "short_term_average": 37791
    }, 
    {
        "accumulated_operating_revenue_yoy": 19.748036731630407, 
        "accumulated_operating_revenue": 475450, 
        "long_term_average": 39620, 
        "date": "2014-12-31", 
        "operating_revenue": 31962, 
        "short_term_average": 34868
    }, 
    {
        "accumulated_operating_revenue_yoy": 2.249566658412541, 
        "accumulated_operating_revenue": 53680, 
        "long_term_average": 39719, 
        "date": "2015-01-31", 
        "operating_revenue": 53680, 
        "short_term_average": 39689
    }, 
    {
        "accumulated_operating_revenue_yoy": 7.624876746590992, 
        "accumulated_operating_revenue": 89503, 
        "long_term_average": 40149, 
        "date": "2015-02-28", 
        "operating_revenue": 35823, 
        "short_term_average": 40488
    }, 
    {
        "accumulated_operating_revenue_yoy": 2.6723940059678, 
        "accumulated_operating_revenue": 125248, 
        "long_term_average": 39892, 
        "date": "2015-03-31", 
        "operating_revenue": 35745, 
        "short_term_average": 41749
    }, 
    {
        "accumulated_operating_revenue_yoy": 0.14135815923031417, 
        "accumulated_operating_revenue": 160812, 
        "long_term_average": 39639, 
        "date": "2015-04-30", 
        "operating_revenue": 35564, 
        "short_term_average": 35710
    }, 
    {
        "accumulated_operating_revenue_yoy": -4.372901574841024, 
        "accumulated_operating_revenue": 198803, 
        "long_term_average": 38863, 
        "date": "2015-05-31", 
        "operating_revenue": 37991, 
        "short_term_average": 36433
    }, 
    {
        "accumulated_operating_revenue_yoy": -3.6154087738437632, 
        "accumulated_operating_revenue": 233243, 
        "long_term_average": 38891, 
        "date": "2015-06-30", 
        "operating_revenue": 34440, 
        "short_term_average": 35998
    }, 
    {
        "accumulated_operating_revenue_yoy": -6.526585433397951, 
        "accumulated_operating_revenue": 270026, 
        "long_term_average": 38049, 
        "date": "2015-07-31", 
        "operating_revenue": 36783, 
        "short_term_average": 36404
    }, 
    {
        "accumulated_operating_revenue_yoy": -6.327208176569306, 
        "accumulated_operating_revenue": 309227, 
        "long_term_average": 37880, 
        "date": "2015-08-31", 
        "operating_revenue": 39201, 
        "short_term_average": 36808
    }
]