[
    {
        "date": "2012-01-31", 
        "operating_revenue": 2659, 
        "accumulated_operating_revenue": 2659, 
        "long_term_average": 2659, 
        "short_term_average": 2659
    }, 
    {
        "date": "2012-02-29", 
        "operating_revenue": 778, 
        "accumulated_operating_revenue": 3437, 
        "long_term_average": 1718, 
        "short_term_average": 1718
    }, 
    {
        "date": "2012-03-31", 
        "operating_revenue": 3931, 
        "accumulated_operating_revenue": 7368, 
        "long_term_average": 2456, 
        "short_term_average": 2456
    }, 
    {
        "date": "2012-04-30", 
        "operating_revenue": 2054, 
        "accumulated_operating_revenue": 9422, 
        "long_term_average": 2355, 
        "short_term_average": 2254
    }, 
    {
        "date": "2012-05-31", 
        "operating_revenue": 1786, 
        "accumulated_operating_revenue": 11208, 
        "long_term_average": 2241, 
        "short_term_average": 2590
    }, 
    {
        "date": "2012-06-30", 
        "operating_revenue": 2295, 
        "accumulated_operating_revenue": 13503, 
        "long_term_average": 2250, 
        "short_term_average": 2045
    }, 
    {
        "date": "2012-07-31", 
        "operating_revenue": 1661, 
        "accumulated_operating_revenue": 15164, 
        "long_term_average": 2166, 
        "short_term_average": 1914
    }, 
    {
        "date": "2012-08-31", 
        "operating_revenue": 2161, 
        "accumulated_operating_revenue": 17325, 
        "long_term_average": 2165, 
        "short_term_average": 2039
    }, 
    {
        "date": "2012-09-30", 
        "operating_revenue": 5734, 
        "accumulated_operating_revenue": 23059, 
        "long_term_average": 2562, 
        "short_term_average": 3185
    }, 
    {
        "date": "2012-10-31", 
        "operating_revenue": 6505, 
        "accumulated_operating_revenue": 29564, 
        "long_term_average": 2956, 
        "short_term_average": 4800
    }, 
    {
        "date": "2012-11-30", 
        "operating_revenue": 7436, 
        "accumulated_operating_revenue": 37000, 
        "long_term_average": 3363, 
        "short_term_average": 6558
    }, 
    {
        "date": "2012-12-31", 
        "operating_revenue": 4013, 
        "accumulated_operating_revenue": 41013, 
        "long_term_average": 3417, 
        "short_term_average": 5984
    }, 
    {
        "accumulated_operating_revenue_yoy": 156.825874388868, 
        "accumulated_operating_revenue": 6829, 
        "long_term_average": 3765, 
        "date": "2013-01-31", 
        "operating_revenue": 6829, 
        "short_term_average": 6092
    }, 
    {
        "accumulated_operating_revenue_yoy": 319.93017166133257, 
        "accumulated_operating_revenue": 14433, 
        "long_term_average": 4334, 
        "date": "2013-02-28", 
        "operating_revenue": 7604, 
        "short_term_average": 6148
    }, 
    {
        "accumulated_operating_revenue_yoy": 191.99239956568948, 
        "accumulated_operating_revenue": 21514, 
        "long_term_average": 4596, 
        "date": "2013-03-31", 
        "operating_revenue": 7081, 
        "short_term_average": 7171
    }, 
    {
        "accumulated_operating_revenue_yoy": 203.3644661430694, 
        "accumulated_operating_revenue": 28583, 
        "long_term_average": 5014, 
        "date": "2013-04-30", 
        "operating_revenue": 7069, 
        "short_term_average": 7251
    }, 
    {
        "accumulated_operating_revenue_yoy": 218.26374018558172, 
        "accumulated_operating_revenue": 35671, 
        "long_term_average": 5456, 
        "date": "2013-05-31", 
        "operating_revenue": 7088, 
        "short_term_average": 7079
    }, 
    {
        "accumulated_operating_revenue_yoy": 276.9014293120047, 
        "accumulated_operating_revenue": 50893, 
        "long_term_average": 6533, 
        "date": "2013-06-30", 
        "operating_revenue": 15222, 
        "short_term_average": 9793
    }, 
    {
        "accumulated_operating_revenue_yoy": 240.2796096016882, 
        "accumulated_operating_revenue": 51600, 
        "long_term_average": 6454, 
        "date": "2013-07-31", 
        "operating_revenue": 707, 
        "short_term_average": 7672
    }, 
    {
        "accumulated_operating_revenue_yoy": 206.16450216450218, 
        "accumulated_operating_revenue": 53043, 
        "long_term_average": 6394, 
        "date": "2013-08-31", 
        "operating_revenue": 1443, 
        "short_term_average": 5790
    }, 
    {
        "accumulated_operating_revenue_yoy": 136.65380111886898, 
        "accumulated_operating_revenue": 54570, 
        "long_term_average": 6043, 
        "date": "2013-09-30", 
        "operating_revenue": 1527, 
        "short_term_average": 1225
    }, 
    {
        "accumulated_operating_revenue_yoy": 89.03057772967122, 
        "accumulated_operating_revenue": 55885, 
        "long_term_average": 5611, 
        "date": "2013-10-31", 
        "operating_revenue": 1315, 
        "short_term_average": 1428
    }, 
    {
        "accumulated_operating_revenue_yoy": 54.472972972972975, 
        "accumulated_operating_revenue": 57155, 
        "long_term_average": 5097, 
        "date": "2013-11-30", 
        "operating_revenue": 1270, 
        "short_term_average": 1370
    }, 
    {
        "accumulated_operating_revenue_yoy": 51.098432204422984, 
        "accumulated_operating_revenue": 61970, 
        "long_term_average": 5164, 
        "date": "2013-12-31", 
        "operating_revenue": 4815, 
        "short_term_average": 2466
    }, 
    {
        "accumulated_operating_revenue_yoy": -89.04671254942158, 
        "accumulated_operating_revenue": 748, 
        "long_term_average": 4657, 
        "date": "2014-01-31", 
        "operating_revenue": 748, 
        "short_term_average": 2277
    }, 
    {
        "accumulated_operating_revenue_yoy": -88.38079401371857, 
        "accumulated_operating_revenue": 1677, 
        "long_term_average": 4101, 
        "date": "2014-02-28", 
        "operating_revenue": 929, 
        "short_term_average": 2164
    }, 
    {
        "accumulated_operating_revenue_yoy": -71.00492702426328, 
        "accumulated_operating_revenue": 6238, 
        "long_term_average": 3891, 
        "date": "2014-03-31", 
        "operating_revenue": 4561, 
        "short_term_average": 2079
    }, 
    {
        "accumulated_operating_revenue_yoy": -73.80260994297309, 
        "accumulated_operating_revenue": 7488, 
        "long_term_average": 3406, 
        "date": "2014-04-30", 
        "operating_revenue": 1250, 
        "short_term_average": 2246
    }, 
    {
        "accumulated_operating_revenue_yoy": -74.96285498023605, 
        "accumulated_operating_revenue": 8931, 
        "long_term_average": 2935, 
        "date": "2014-05-31", 
        "operating_revenue": 1443, 
        "short_term_average": 2418
    }, 
    {
        "accumulated_operating_revenue_yoy": -75.98490951604346, 
        "accumulated_operating_revenue": 12222, 
        "long_term_average": 1941, 
        "date": "2014-06-30", 
        "operating_revenue": 3291, 
        "short_term_average": 1994
    }, 
    {
        "accumulated_operating_revenue_yoy": -70.75581395348837, 
        "accumulated_operating_revenue": 15090, 
        "long_term_average": 2121, 
        "date": "2014-07-31", 
        "operating_revenue": 2868, 
        "short_term_average": 2534
    }, 
    {
        "accumulated_operating_revenue_yoy": -70.22792828459929, 
        "accumulated_operating_revenue": 15792, 
        "long_term_average": 2059, 
        "date": "2014-08-31", 
        "operating_revenue": 702, 
        "short_term_average": 2287
    }, 
    {
        "accumulated_operating_revenue_yoy": -67.93109767271395, 
        "accumulated_operating_revenue": 17500, 
        "long_term_average": 2075, 
        "date": "2014-09-30", 
        "operating_revenue": 1708, 
        "short_term_average": 1759
    }, 
    {
        "accumulated_operating_revenue_yoy": -67.1736601950434, 
        "accumulated_operating_revenue": 18345, 
        "long_term_average": 2035, 
        "date": "2014-10-31", 
        "operating_revenue": 845, 
        "short_term_average": 1085
    }, 
    {
        "accumulated_operating_revenue_yoy": -54.53241186247922, 
        "accumulated_operating_revenue": 25987, 
        "long_term_average": 2566, 
        "date": "2014-11-30", 
        "operating_revenue": 7642, 
        "short_term_average": 3398
    }, 
    {
        "accumulated_operating_revenue_yoy": -56.48862352751331, 
        "accumulated_operating_revenue": 26964, 
        "long_term_average": 2247, 
        "date": "2014-12-31", 
        "operating_revenue": 977, 
        "short_term_average": 3154
    }, 
    {
        "accumulated_operating_revenue_yoy": 304.01069518716577, 
        "accumulated_operating_revenue": 3022, 
        "long_term_average": 2436, 
        "date": "2015-01-31", 
        "operating_revenue": 3022, 
        "short_term_average": 3880
    }, 
    {
        "accumulated_operating_revenue_yoy": 223.01729278473465, 
        "accumulated_operating_revenue": 5417, 
        "long_term_average": 2558, 
        "date": "2015-02-28", 
        "operating_revenue": 2395, 
        "short_term_average": 2131
    }, 
    {
        "accumulated_operating_revenue_yoy": 9.538313562039114, 
        "accumulated_operating_revenue": 6833, 
        "long_term_average": 2296, 
        "date": "2015-03-31", 
        "operating_revenue": 1416, 
        "short_term_average": 2277
    }, 
    {
        "accumulated_operating_revenue_yoy": 11.712072649572649, 
        "accumulated_operating_revenue": 8365, 
        "long_term_average": 2320, 
        "date": "2015-04-30", 
        "operating_revenue": 1532, 
        "short_term_average": 1781
    }, 
    {
        "accumulated_operating_revenue_yoy": 15.933266151606762, 
        "accumulated_operating_revenue": 10354, 
        "long_term_average": 2365, 
        "date": "2015-05-31", 
        "operating_revenue": 1989, 
        "short_term_average": 1645
    }, 
    {
        "accumulated_operating_revenue_yoy": -6.14465717558501, 
        "accumulated_operating_revenue": 11471, 
        "long_term_average": 2184, 
        "date": "2015-06-30", 
        "operating_revenue": 1117, 
        "short_term_average": 1546
    }, 
    {
        "accumulated_operating_revenue_yoy": -2.478462557985421, 
        "accumulated_operating_revenue": 14716, 
        "long_term_average": 2215, 
        "date": "2015-07-31", 
        "operating_revenue": 3245, 
        "short_term_average": 2117
    }, 
    {
        "accumulated_operating_revenue_yoy": 2.6722391084093213, 
        "accumulated_operating_revenue": 16214, 
        "long_term_average": 2282, 
        "date": "2015-08-31", 
        "operating_revenue": 1498, 
        "short_term_average": 1953
    }, 
    {
        "accumulated_operating_revenue_yoy": -4.388571428571429, 
        "accumulated_operating_revenue": 16732, 
        "long_term_average": 2183, 
        "date": "2015-09-30", 
        "operating_revenue": 518, 
        "short_term_average": 1753
    }
]