[
    {
        "date": "2012-10-31", 
        "operating_revenue": 156676, 
        "accumulated_operating_revenue": 156676, 
        "long_term_average": 156676, 
        "short_term_average": 156676
    }, 
    {
        "date": "2012-11-30", 
        "operating_revenue": 212476, 
        "accumulated_operating_revenue": 369152, 
        "long_term_average": 184576, 
        "short_term_average": 184576
    }, 
    {
        "date": "2012-12-31", 
        "operating_revenue": 216515, 
        "accumulated_operating_revenue": 585667, 
        "long_term_average": 195222, 
        "short_term_average": 195222
    }, 
    {
        "date": "2013-01-31", 
        "operating_revenue": 217159, 
        "accumulated_operating_revenue": 217159, 
        "long_term_average": 200706, 
        "short_term_average": 215383
    }, 
    {
        "date": "2013-02-28", 
        "operating_revenue": 113010, 
        "accumulated_operating_revenue": 330169, 
        "long_term_average": 183167, 
        "short_term_average": 182228
    }, 
    {
        "date": "2013-03-31", 
        "operating_revenue": 264760, 
        "accumulated_operating_revenue": 594929, 
        "long_term_average": 196766, 
        "short_term_average": 198309
    }, 
    {
        "date": "2013-04-30", 
        "operating_revenue": 219362, 
        "accumulated_operating_revenue": 814291, 
        "long_term_average": 199994, 
        "short_term_average": 199044
    }, 
    {
        "date": "2013-05-31", 
        "operating_revenue": 177927, 
        "accumulated_operating_revenue": 992218, 
        "long_term_average": 197235, 
        "short_term_average": 220683
    }, 
    {
        "date": "2013-06-30", 
        "operating_revenue": 206839, 
        "accumulated_operating_revenue": 1199057, 
        "long_term_average": 198302, 
        "short_term_average": 201376
    }, 
    {
        "date": "2013-07-31", 
        "operating_revenue": 179401, 
        "accumulated_operating_revenue": 1378458, 
        "long_term_average": 196412, 
        "short_term_average": 188055
    }, 
    {
        "date": "2013-08-31", 
        "operating_revenue": 207756, 
        "accumulated_operating_revenue": 1586214, 
        "long_term_average": 197443, 
        "short_term_average": 197998
    }, 
    {
        "date": "2013-09-30", 
        "operating_revenue": 235092, 
        "accumulated_operating_revenue": 1821306, 
        "long_term_average": 200581, 
        "short_term_average": 207416
    }, 
    {
        "accumulated_operating_revenue_yoy": 1262.5794633511196, 
        "accumulated_operating_revenue": 2134835, 
        "long_term_average": 213652, 
        "date": "2013-10-31", 
        "operating_revenue": 313529, 
        "short_term_average": 252125
    }, 
    {
        "accumulated_operating_revenue_yoy": 553.3853263696255, 
        "accumulated_operating_revenue": 2411985, 
        "long_term_average": 219041, 
        "date": "2013-11-30", 
        "operating_revenue": 277150, 
        "short_term_average": 275257
    }, 
    {
        "accumulated_operating_revenue_yoy": 360.71914586275136, 
        "accumulated_operating_revenue": 2698280, 
        "long_term_average": 224856, 
        "date": "2013-12-31", 
        "operating_revenue": 286295, 
        "short_term_average": 292324
    }, 
    {
        "accumulated_operating_revenue_yoy": 24.12471967544518, 
        "accumulated_operating_revenue": 269548, 
        "long_term_average": 229222, 
        "date": "2014-01-31", 
        "operating_revenue": 269548, 
        "short_term_average": 277664
    }, 
    {
        "accumulated_operating_revenue_yoy": 35.012069576489615, 
        "accumulated_operating_revenue": 445768, 
        "long_term_average": 234489, 
        "date": "2014-02-28", 
        "operating_revenue": 176220, 
        "short_term_average": 244021
    }, 
    {
        "accumulated_operating_revenue_yoy": 21.00553175252845, 
        "accumulated_operating_revenue": 719897, 
        "long_term_average": 235270, 
        "date": "2014-03-31", 
        "operating_revenue": 274129, 
        "short_term_average": 239965
    }, 
    {
        "accumulated_operating_revenue_yoy": 18.119935010948176, 
        "accumulated_operating_revenue": 961840, 
        "long_term_average": 237152, 
        "date": "2014-04-30", 
        "operating_revenue": 241943, 
        "short_term_average": 230764
    }, 
    {
        "accumulated_operating_revenue_yoy": 17.949785228649347, 
        "accumulated_operating_revenue": 1170319, 
        "long_term_average": 239698, 
        "date": "2014-05-31", 
        "operating_revenue": 208479, 
        "short_term_average": 241517
    }, 
    {
        "accumulated_operating_revenue_yoy": 19.52150731783393, 
        "accumulated_operating_revenue": 1433131, 
        "long_term_average": 244362, 
        "date": "2014-06-30", 
        "operating_revenue": 262812, 
        "short_term_average": 237744
    }, 
    {
        "accumulated_operating_revenue_yoy": 18.774964489306168, 
        "accumulated_operating_revenue": 1637263, 
        "long_term_average": 246423, 
        "date": "2014-07-31", 
        "operating_revenue": 204132, 
        "short_term_average": 225141
    }, 
    {
        "accumulated_operating_revenue_yoy": 17.71583153345009, 
        "accumulated_operating_revenue": 1867225, 
        "long_term_average": 248274, 
        "date": "2014-08-31", 
        "operating_revenue": 229962, 
        "short_term_average": 232302
    }, 
    {
        "accumulated_operating_revenue_yoy": 18.214621815334713, 
        "accumulated_operating_revenue": 2153050, 
        "long_term_average": 252502, 
        "date": "2014-09-30", 
        "operating_revenue": 285825, 
        "short_term_average": 239973
    }, 
    {
        "accumulated_operating_revenue_yoy": 12.669691100248965, 
        "accumulated_operating_revenue": 2405312, 
        "long_term_average": 247396, 
        "date": "2014-10-31", 
        "operating_revenue": 252262, 
        "short_term_average": 256016
    }, 
    {
        "accumulated_operating_revenue_yoy": 13.053563765943817, 
        "accumulated_operating_revenue": 2726835, 
        "long_term_average": 251094, 
        "date": "2014-11-30", 
        "operating_revenue": 321523, 
        "short_term_average": 286536
    }, 
    {
        "accumulated_operating_revenue_yoy": 13.826956431504515, 
        "accumulated_operating_revenue": 3071370, 
        "long_term_average": 255947, 
        "date": "2014-12-31", 
        "operating_revenue": 344535, 
        "short_term_average": 306106
    }, 
    {
        "accumulated_operating_revenue_yoy": -12.556576194221435, 
        "accumulated_operating_revenue": 235702, 
        "long_term_average": 253127, 
        "date": "2015-01-31", 
        "operating_revenue": 235702, 
        "short_term_average": 300586
    }, 
    {
        "accumulated_operating_revenue_yoy": -11.95240573571903, 
        "accumulated_operating_revenue": 392488, 
        "long_term_average": 251507, 
        "date": "2015-02-28", 
        "operating_revenue": 156786, 
        "short_term_average": 245674
    }, 
    {
        "accumulated_operating_revenue_yoy": 14.486239003635243, 
        "accumulated_operating_revenue": 824183, 
        "long_term_average": 264638, 
        "date": "2015-03-31", 
        "operating_revenue": 431695, 
        "short_term_average": 274727
    }, 
    {
        "accumulated_operating_revenue_yoy": 18.559531730849205, 
        "accumulated_operating_revenue": 1140353, 
        "long_term_average": 270823, 
        "date": "2015-04-30", 
        "operating_revenue": 316170, 
        "short_term_average": 301550
    }, 
    {
        "accumulated_operating_revenue_yoy": 23.70584430398891, 
        "accumulated_operating_revenue": 1447753, 
        "long_term_average": 279067, 
        "date": "2015-05-31", 
        "operating_revenue": 307400, 
        "short_term_average": 351755
    }, 
    {
        "accumulated_operating_revenue_yoy": 26.71674815491396, 
        "accumulated_operating_revenue": 1816017, 
        "long_term_average": 287854, 
        "date": "2015-06-30", 
        "operating_revenue": 368264, 
        "short_term_average": 330611
    }, 
    {
        "accumulated_operating_revenue_yoy": 33.927047762027236, 
        "accumulated_operating_revenue": 2192738, 
        "long_term_average": 302237, 
        "date": "2015-07-31", 
        "operating_revenue": 376721, 
        "short_term_average": 350795
    }, 
    {
        "accumulated_operating_revenue_yoy": 37.85344562117581, 
        "accumulated_operating_revenue": 2574034, 
        "long_term_average": 314848, 
        "date": "2015-08-31", 
        "operating_revenue": 381296, 
        "short_term_average": 375427
    }
]