[
    {
        "date": "2012-01-31", 
        "operating_revenue": 102629, 
        "accumulated_operating_revenue": 102629, 
        "long_term_average": 102629, 
        "short_term_average": 102629
    }, 
    {
        "date": "2012-02-29", 
        "operating_revenue": 96508, 
        "accumulated_operating_revenue": 199137, 
        "long_term_average": 99568, 
        "short_term_average": 99568
    }, 
    {
        "date": "2012-03-31", 
        "operating_revenue": 109558, 
        "accumulated_operating_revenue": 308695, 
        "long_term_average": 102898, 
        "short_term_average": 102898
    }, 
    {
        "date": "2012-04-30", 
        "operating_revenue": 166567, 
        "accumulated_operating_revenue": 475262, 
        "long_term_average": 118815, 
        "short_term_average": 124211
    }, 
    {
        "date": "2012-05-31", 
        "operating_revenue": 110157, 
        "accumulated_operating_revenue": 585419, 
        "long_term_average": 117083, 
        "short_term_average": 128760
    }, 
    {
        "date": "2012-06-30", 
        "operating_revenue": 94644, 
        "accumulated_operating_revenue": 680063, 
        "long_term_average": 113343, 
        "short_term_average": 123789
    }, 
    {
        "date": "2012-07-31", 
        "operating_revenue": 63556, 
        "accumulated_operating_revenue": 743619, 
        "long_term_average": 106231, 
        "short_term_average": 89452
    }, 
    {
        "date": "2012-08-31", 
        "operating_revenue": 80180, 
        "accumulated_operating_revenue": 823799, 
        "long_term_average": 102974, 
        "short_term_average": 79460
    }, 
    {
        "date": "2012-09-30", 
        "operating_revenue": 77119, 
        "accumulated_operating_revenue": 900918, 
        "long_term_average": 100102, 
        "short_term_average": 73618
    }, 
    {
        "date": "2012-10-31", 
        "operating_revenue": 58897, 
        "accumulated_operating_revenue": 959815, 
        "long_term_average": 95981, 
        "short_term_average": 72065
    }, 
    {
        "date": "2012-11-30", 
        "operating_revenue": 47574, 
        "accumulated_operating_revenue": 1007389, 
        "long_term_average": 91580, 
        "short_term_average": 61196
    }, 
    {
        "date": "2012-12-31", 
        "operating_revenue": 69788, 
        "accumulated_operating_revenue": 1077177, 
        "long_term_average": 89764, 
        "short_term_average": 58753
    }, 
    {
        "accumulated_operating_revenue_yoy": -43.921308791861954, 
        "accumulated_operating_revenue": 57553, 
        "long_term_average": 86008, 
        "date": "2013-01-31", 
        "operating_revenue": 57553, 
        "short_term_average": 58305
    }, 
    {
        "accumulated_operating_revenue_yoy": -46.96163947433174, 
        "accumulated_operating_revenue": 105619, 
        "long_term_average": 81971, 
        "date": "2013-02-28", 
        "operating_revenue": 48066, 
        "short_term_average": 58469
    }, 
    {
        "accumulated_operating_revenue_yoy": -49.235653314760526, 
        "accumulated_operating_revenue": 156707, 
        "long_term_average": 77099, 
        "date": "2013-03-31", 
        "operating_revenue": 51088, 
        "short_term_average": 52235
    }, 
    {
        "accumulated_operating_revenue_yoy": -52.26233109316546, 
        "accumulated_operating_revenue": 226879, 
        "long_term_average": 69066, 
        "date": "2013-04-30", 
        "operating_revenue": 70172, 
        "short_term_average": 56442
    }, 
    {
        "accumulated_operating_revenue_yoy": -48.39063986648879, 
        "accumulated_operating_revenue": 302131, 
        "long_term_average": 66157, 
        "date": "2013-05-31", 
        "operating_revenue": 75252, 
        "short_term_average": 65504
    }, 
    {
        "accumulated_operating_revenue_yoy": -44.599397408769484, 
        "accumulated_operating_revenue": 376759, 
        "long_term_average": 64489, 
        "date": "2013-06-30", 
        "operating_revenue": 74628, 
        "short_term_average": 73350
    }, 
    {
        "accumulated_operating_revenue_yoy": -37.77431722427749, 
        "accumulated_operating_revenue": 462722, 
        "long_term_average": 66356, 
        "date": "2013-07-31", 
        "operating_revenue": 85963, 
        "short_term_average": 78614
    }, 
    {
        "accumulated_operating_revenue_yoy": -37.90281367178159, 
        "accumulated_operating_revenue": 511556, 
        "long_term_average": 63744, 
        "date": "2013-08-31", 
        "operating_revenue": 48834, 
        "short_term_average": 69808
    }, 
    {
        "accumulated_operating_revenue_yoy": -33.62958671044424, 
        "accumulated_operating_revenue": 597943, 
        "long_term_average": 64516, 
        "date": "2013-09-30", 
        "operating_revenue": 86387, 
        "short_term_average": 73728
    }, 
    {
        "accumulated_operating_revenue_yoy": -28.232211415741578, 
        "accumulated_operating_revenue": 688838, 
        "long_term_average": 67183, 
        "date": "2013-10-31", 
        "operating_revenue": 90895, 
        "short_term_average": 75372
    }, 
    {
        "accumulated_operating_revenue_yoy": -22.05295074693093, 
        "accumulated_operating_revenue": 785230, 
        "long_term_average": 71251, 
        "date": "2013-11-30", 
        "operating_revenue": 96392, 
        "short_term_average": 91224
    }, 
    {
        "accumulated_operating_revenue_yoy": -17.216112115279106, 
        "accumulated_operating_revenue": 891729, 
        "long_term_average": 74310, 
        "date": "2013-12-31", 
        "operating_revenue": 106499, 
        "short_term_average": 97928
    }, 
    {
        "accumulated_operating_revenue_yoy": 0.35098083505638283, 
        "accumulated_operating_revenue": 57755, 
        "long_term_average": 74327, 
        "date": "2014-01-31", 
        "operating_revenue": 57755, 
        "short_term_average": 86882
    }, 
    {
        "accumulated_operating_revenue_yoy": 37.30957498177411, 
        "accumulated_operating_revenue": 145025, 
        "long_term_average": 77594, 
        "date": "2014-02-28", 
        "operating_revenue": 87270, 
        "short_term_average": 83841
    }, 
    {
        "accumulated_operating_revenue_yoy": 68.97968820792944, 
        "accumulated_operating_revenue": 264803, 
        "long_term_average": 83318, 
        "date": "2014-03-31", 
        "operating_revenue": 119778, 
        "short_term_average": 88267
    }, 
    {
        "accumulated_operating_revenue_yoy": 60.49656424790306, 
        "accumulated_operating_revenue": 364133, 
        "long_term_average": 85748, 
        "date": "2014-04-30", 
        "operating_revenue": 99330, 
        "short_term_average": 102126
    }, 
    {
        "accumulated_operating_revenue_yoy": 56.13392866008453, 
        "accumulated_operating_revenue": 471729, 
        "long_term_average": 88443, 
        "date": "2014-05-31", 
        "operating_revenue": 107596, 
        "short_term_average": 108901
    }, 
    {
        "accumulated_operating_revenue_yoy": 55.22814318967828, 
        "accumulated_operating_revenue": 584836, 
        "long_term_average": 91650, 
        "date": "2014-06-30", 
        "operating_revenue": 113107, 
        "short_term_average": 106677
    }, 
    {
        "accumulated_operating_revenue_yoy": 51.909353780455646, 
        "accumulated_operating_revenue": 702918, 
        "long_term_average": 94327, 
        "date": "2014-07-31", 
        "operating_revenue": 118082, 
        "short_term_average": 112928
    }, 
    {
        "accumulated_operating_revenue_yoy": 56.83268302981491, 
        "accumulated_operating_revenue": 802287, 
        "long_term_average": 98538, 
        "date": "2014-08-31", 
        "operating_revenue": 99369, 
        "short_term_average": 110186
    }, 
    {
        "accumulated_operating_revenue_yoy": 48.99212801220183, 
        "accumulated_operating_revenue": 890888, 
        "long_term_average": 98722, 
        "date": "2014-09-30", 
        "operating_revenue": 88601, 
        "short_term_average": 102017
    }, 
    {
        "accumulated_operating_revenue_yoy": 42.56196667431239, 
        "accumulated_operating_revenue": 982021, 
        "long_term_average": 98742, 
        "date": "2014-10-31", 
        "operating_revenue": 91133, 
        "short_term_average": 93034
    }, 
    {
        "accumulated_operating_revenue_yoy": 37.53091450912471, 
        "accumulated_operating_revenue": 1079934, 
        "long_term_average": 98869, 
        "date": "2014-11-30", 
        "operating_revenue": 97913, 
        "short_term_average": 92549
    }, 
    {
        "accumulated_operating_revenue_yoy": 35.39931974848861, 
        "accumulated_operating_revenue": 1207395, 
        "long_term_average": 100616, 
        "date": "2014-12-31", 
        "operating_revenue": 127461, 
        "short_term_average": 105502
    }, 
    {
        "accumulated_operating_revenue_yoy": 75.78045190892564, 
        "accumulated_operating_revenue": 101522, 
        "long_term_average": 104263, 
        "date": "2015-01-31", 
        "operating_revenue": 101522, 
        "short_term_average": 108965
    }, 
    {
        "accumulated_operating_revenue_yoy": 30.82778831235994, 
        "accumulated_operating_revenue": 189733, 
        "long_term_average": 104341, 
        "date": "2015-02-28", 
        "operating_revenue": 88211, 
        "short_term_average": 105731
    }, 
    {
        "accumulated_operating_revenue_yoy": 15.709414168268488, 
        "accumulated_operating_revenue": 306402, 
        "long_term_average": 104082, 
        "date": "2015-03-31", 
        "operating_revenue": 116669, 
        "short_term_average": 102134
    }, 
    {
        "accumulated_operating_revenue_yoy": 17.76164203738744, 
        "accumulated_operating_revenue": 428809, 
        "long_term_average": 106005, 
        "date": "2015-04-30", 
        "operating_revenue": 122407, 
        "short_term_average": 109095
    }, 
    {
        "accumulated_operating_revenue_yoy": 17.5666537355134, 
        "accumulated_operating_revenue": 554596, 
        "long_term_average": 107521, 
        "date": "2015-05-31", 
        "operating_revenue": 125787, 
        "short_term_average": 121621
    }, 
    {
        "accumulated_operating_revenue_yoy": 16.060057862375093, 
        "accumulated_operating_revenue": 678761, 
        "long_term_average": 108443, 
        "date": "2015-06-30", 
        "operating_revenue": 124165, 
        "short_term_average": 124119
    }, 
    {
        "accumulated_operating_revenue_yoy": 12.65567249664968, 
        "accumulated_operating_revenue": 791877, 
        "long_term_average": 108029, 
        "date": "2015-07-31", 
        "operating_revenue": 113116, 
        "short_term_average": 121022
    }, 
    {
        "accumulated_operating_revenue_yoy": 11.67425123428399, 
        "accumulated_operating_revenue": 895948, 
        "long_term_average": 108421, 
        "date": "2015-08-31", 
        "operating_revenue": 104071, 
        "short_term_average": 113784
    }
]