[
    {
        "date": "2011-09-30", 
        "operating_revenue": 26707, 
        "accumulated_operating_revenue": 26707, 
        "long_term_average": 26707, 
        "short_term_average": 26707
    }, 
    {
        "date": "2011-10-31", 
        "operating_revenue": 30468, 
        "accumulated_operating_revenue": 57175, 
        "long_term_average": 28587, 
        "short_term_average": 28587
    }, 
    {
        "date": "2011-11-30", 
        "operating_revenue": 25964, 
        "accumulated_operating_revenue": 83139, 
        "long_term_average": 27713, 
        "short_term_average": 27713
    }, 
    {
        "date": "2011-12-31", 
        "operating_revenue": 25344, 
        "accumulated_operating_revenue": 108483, 
        "long_term_average": 27120, 
        "short_term_average": 27258
    }, 
    {
        "date": "2012-01-31", 
        "operating_revenue": 25151, 
        "accumulated_operating_revenue": 25151, 
        "long_term_average": 26726, 
        "short_term_average": 25486
    }, 
    {
        "date": "2012-02-29", 
        "operating_revenue": 25251, 
        "accumulated_operating_revenue": 50402, 
        "long_term_average": 26480, 
        "short_term_average": 25248
    }, 
    {
        "date": "2012-03-31", 
        "operating_revenue": 27824, 
        "accumulated_operating_revenue": 78226, 
        "long_term_average": 26672, 
        "short_term_average": 26075
    }, 
    {
        "date": "2012-04-30", 
        "operating_revenue": 29535, 
        "accumulated_operating_revenue": 107761, 
        "long_term_average": 27030, 
        "short_term_average": 27536
    }, 
    {
        "date": "2012-05-31", 
        "operating_revenue": 26728, 
        "accumulated_operating_revenue": 134489, 
        "long_term_average": 26996, 
        "short_term_average": 28029
    }, 
    {
        "date": "2012-06-30", 
        "operating_revenue": 29534, 
        "accumulated_operating_revenue": 164023, 
        "long_term_average": 27250, 
        "short_term_average": 28599
    }, 
    {
        "date": "2012-07-31", 
        "operating_revenue": 29994, 
        "accumulated_operating_revenue": 194017, 
        "long_term_average": 27500, 
        "short_term_average": 28752
    }, 
    {
        "date": "2012-08-31", 
        "operating_revenue": 28046, 
        "accumulated_operating_revenue": 222063, 
        "long_term_average": 27545, 
        "short_term_average": 29191
    }, 
    {
        "accumulated_operating_revenue_yoy": 839.6787359119331, 
        "accumulated_operating_revenue": 250960, 
        "long_term_average": 27728, 
        "date": "2012-09-30", 
        "operating_revenue": 28897, 
        "short_term_average": 28979
    }, 
    {
        "accumulated_operating_revenue_yoy": 392.2693484914735, 
        "accumulated_operating_revenue": 281455, 
        "long_term_average": 27730, 
        "date": "2012-10-31", 
        "operating_revenue": 30495, 
        "short_term_average": 29146
    }, 
    {
        "accumulated_operating_revenue_yoy": 274.23110694138734, 
        "accumulated_operating_revenue": 311132, 
        "long_term_average": 28039, 
        "date": "2012-11-30", 
        "operating_revenue": 29677, 
        "short_term_average": 29689
    }, 
    {
        "accumulated_operating_revenue_yoy": 216.52609164569566, 
        "accumulated_operating_revenue": 343377, 
        "long_term_average": 28614, 
        "date": "2012-12-31", 
        "operating_revenue": 32245, 
        "short_term_average": 30805
    }, 
    {
        "accumulated_operating_revenue_yoy": 15.848276410480697, 
        "accumulated_operating_revenue": 29137, 
        "long_term_average": 28946, 
        "date": "2013-01-31", 
        "operating_revenue": 29137, 
        "short_term_average": 30353
    }, 
    {
        "accumulated_operating_revenue_yoy": 3.1843974445458514, 
        "accumulated_operating_revenue": 52007, 
        "long_term_average": 28748, 
        "date": "2013-02-28", 
        "operating_revenue": 22870, 
        "short_term_average": 28084
    }, 
    {
        "accumulated_operating_revenue_yoy": 5.4214711221333065, 
        "accumulated_operating_revenue": 82467, 
        "long_term_average": 28968, 
        "date": "2013-03-31", 
        "operating_revenue": 30460, 
        "short_term_average": 27489
    }, 
    {
        "accumulated_operating_revenue_yoy": 3.83162739766706, 
        "accumulated_operating_revenue": 111890, 
        "long_term_average": 28958, 
        "date": "2013-04-30", 
        "operating_revenue": 29423, 
        "short_term_average": 27584
    }, 
    {
        "accumulated_operating_revenue_yoy": 6.100870703180186, 
        "accumulated_operating_revenue": 142694, 
        "long_term_average": 29298, 
        "date": "2013-05-31", 
        "operating_revenue": 30804, 
        "short_term_average": 30229
    }, 
    {
        "accumulated_operating_revenue_yoy": 8.182998725788456, 
        "accumulated_operating_revenue": 177445, 
        "long_term_average": 29733, 
        "date": "2013-06-30", 
        "operating_revenue": 34751, 
        "short_term_average": 31659
    }, 
    {
        "accumulated_operating_revenue_yoy": 12.081930964812363, 
        "accumulated_operating_revenue": 217458, 
        "long_term_average": 30568, 
        "date": "2013-07-31", 
        "operating_revenue": 40013, 
        "short_term_average": 35189
    }, 
    {
        "accumulated_operating_revenue_yoy": 15.230812877426676, 
        "accumulated_operating_revenue": 255885, 
        "long_term_average": 31433, 
        "date": "2013-08-31", 
        "operating_revenue": 38427, 
        "short_term_average": 37730
    }, 
    {
        "accumulated_operating_revenue_yoy": 16.61619381574753, 
        "accumulated_operating_revenue": 292660, 
        "long_term_average": 32089, 
        "date": "2013-09-30", 
        "operating_revenue": 36775, 
        "short_term_average": 38405
    }, 
    {
        "accumulated_operating_revenue_yoy": 17.712600593345297, 
        "accumulated_operating_revenue": 331308, 
        "long_term_average": 32769, 
        "date": "2013-10-31", 
        "operating_revenue": 38648, 
        "short_term_average": 37950
    }, 
    {
        "accumulated_operating_revenue_yoy": 19.58557782548886, 
        "accumulated_operating_revenue": 372069, 
        "long_term_average": 33692, 
        "date": "2013-11-30", 
        "operating_revenue": 40761, 
        "short_term_average": 38728
    }, 
    {
        "accumulated_operating_revenue_yoy": 21.333694452453134, 
        "accumulated_operating_revenue": 416632, 
        "long_term_average": 34719, 
        "date": "2013-12-31", 
        "operating_revenue": 44563, 
        "short_term_average": 41324
    }, 
    {
        "accumulated_operating_revenue_yoy": 30.64488451110272, 
        "accumulated_operating_revenue": 38066, 
        "long_term_average": 35463, 
        "date": "2014-01-31", 
        "operating_revenue": 38066, 
        "short_term_average": 41130
    }, 
    {
        "accumulated_operating_revenue_yoy": 33.968504239813875, 
        "accumulated_operating_revenue": 69673, 
        "long_term_average": 36191, 
        "date": "2014-02-28", 
        "operating_revenue": 31607, 
        "short_term_average": 38078
    }, 
    {
        "accumulated_operating_revenue_yoy": 32.98289012574727, 
        "accumulated_operating_revenue": 109667, 
        "long_term_average": 36986, 
        "date": "2014-03-31", 
        "operating_revenue": 39994, 
        "short_term_average": 36555
    }, 
    {
        "accumulated_operating_revenue_yoy": 33.97533291625704, 
        "accumulated_operating_revenue": 149905, 
        "long_term_average": 37887, 
        "date": "2014-04-30", 
        "operating_revenue": 40238, 
        "short_term_average": 37279
    }, 
    {
        "accumulated_operating_revenue_yoy": 36.74366126116024, 
        "accumulated_operating_revenue": 195125, 
        "long_term_average": 39088, 
        "date": "2014-05-31", 
        "operating_revenue": 45220, 
        "short_term_average": 41817
    }, 
    {
        "accumulated_operating_revenue_yoy": 35.598072642227166, 
        "accumulated_operating_revenue": 240612, 
        "long_term_average": 39983, 
        "date": "2014-06-30", 
        "operating_revenue": 45487, 
        "short_term_average": 43648
    }, 
    {
        "accumulated_operating_revenue_yoy": 37.94387881797864, 
        "accumulated_operating_revenue": 299970, 
        "long_term_average": 41595, 
        "date": "2014-07-31", 
        "operating_revenue": 59358, 
        "short_term_average": 50021
    }, 
    {
        "accumulated_operating_revenue_yoy": 41.742188873908205, 
        "accumulated_operating_revenue": 362697, 
        "long_term_average": 43620, 
        "date": "2014-08-31", 
        "operating_revenue": 62727, 
        "short_term_average": 55857
    }, 
    {
        "accumulated_operating_revenue_yoy": 47.14822661108454, 
        "accumulated_operating_revenue": 430644, 
        "long_term_average": 46218, 
        "date": "2014-09-30", 
        "operating_revenue": 67947, 
        "short_term_average": 63344
    }, 
    {
        "accumulated_operating_revenue_yoy": 49.538495901095054, 
        "accumulated_operating_revenue": 495433, 
        "long_term_average": 48396, 
        "date": "2014-10-31", 
        "operating_revenue": 64789, 
        "short_term_average": 65154
    }, 
    {
        "accumulated_operating_revenue_yoy": 52.17258089225386, 
        "accumulated_operating_revenue": 566187, 
        "long_term_average": 50895, 
        "date": "2014-11-30", 
        "operating_revenue": 70754, 
        "short_term_average": 67830
    }, 
    {
        "accumulated_operating_revenue_yoy": 60.08395898538759, 
        "accumulated_operating_revenue": 666961, 
        "long_term_average": 55580, 
        "date": "2014-12-31", 
        "operating_revenue": 100774, 
        "short_term_average": 78772
    }, 
    {
        "accumulated_operating_revenue_yoy": 61.322439972679035, 
        "accumulated_operating_revenue": 61409, 
        "long_term_average": 57525, 
        "date": "2015-01-31", 
        "operating_revenue": 61409, 
        "short_term_average": 77645
    }, 
    {
        "accumulated_operating_revenue_yoy": 61.7958176050981, 
        "accumulated_operating_revenue": 112728, 
        "long_term_average": 59168, 
        "date": "2015-02-28", 
        "operating_revenue": 51319, 
        "short_term_average": 71167
    }, 
    {
        "accumulated_operating_revenue_yoy": 64.79615563478531, 
        "accumulated_operating_revenue": 180727, 
        "long_term_average": 61501, 
        "date": "2015-03-31", 
        "operating_revenue": 67999, 
        "short_term_average": 60242
    }, 
    {
        "accumulated_operating_revenue_yoy": 65.45011840832528, 
        "accumulated_operating_revenue": 248018, 
        "long_term_average": 63756, 
        "date": "2015-04-30", 
        "operating_revenue": 67291, 
        "short_term_average": 62203
    }, 
    {
        "accumulated_operating_revenue_yoy": 62.42049967969251, 
        "accumulated_operating_revenue": 316923, 
        "long_term_average": 65729, 
        "date": "2015-05-31", 
        "operating_revenue": 68905, 
        "short_term_average": 68065
    }, 
    {
        "accumulated_operating_revenue_yoy": 59.83325852409689, 
        "accumulated_operating_revenue": 384578, 
        "long_term_average": 67577, 
        "date": "2015-06-30", 
        "operating_revenue": 67655, 
        "short_term_average": 67950
    }, 
    {
        "accumulated_operating_revenue_yoy": 54.3017635096843, 
        "accumulated_operating_revenue": 462859, 
        "long_term_average": 69154, 
        "date": "2015-07-31", 
        "operating_revenue": 78281, 
        "short_term_average": 71613
    }, 
    {
        "accumulated_operating_revenue_yoy": 49.18182394671034, 
        "accumulated_operating_revenue": 541078, 
        "long_term_average": 70445, 
        "date": "2015-08-31", 
        "operating_revenue": 78219, 
        "short_term_average": 74718
    }, 
    {
        "accumulated_operating_revenue_yoy": 45.233650068269846, 
        "accumulated_operating_revenue": 625440, 
        "long_term_average": 71813, 
        "date": "2015-09-30", 
        "operating_revenue": 84362, 
        "short_term_average": 80287
    }
]