[
    {
        "date": "2011-09-30", 
        "operating_revenue": 581289, 
        "accumulated_operating_revenue": 581289, 
        "long_term_average": 581289, 
        "short_term_average": 581289
    }, 
    {
        "date": "2011-10-31", 
        "operating_revenue": 488648, 
        "accumulated_operating_revenue": 1069937, 
        "long_term_average": 534968, 
        "short_term_average": 534968
    }, 
    {
        "date": "2011-11-30", 
        "operating_revenue": 502967, 
        "accumulated_operating_revenue": 1572904, 
        "long_term_average": 524301, 
        "short_term_average": 524301
    }, 
    {
        "date": "2011-12-31", 
        "operating_revenue": 1023364, 
        "accumulated_operating_revenue": 2596268, 
        "long_term_average": 649067, 
        "short_term_average": 671659
    }, 
    {
        "date": "2012-01-31", 
        "operating_revenue": 286278, 
        "accumulated_operating_revenue": 286278, 
        "long_term_average": 576509, 
        "short_term_average": 604203
    }, 
    {
        "date": "2012-02-29", 
        "operating_revenue": 479860, 
        "accumulated_operating_revenue": 766138, 
        "long_term_average": 560401, 
        "short_term_average": 596500
    }, 
    {
        "date": "2012-03-31", 
        "operating_revenue": 623339, 
        "accumulated_operating_revenue": 1389477, 
        "long_term_average": 569392, 
        "short_term_average": 463159
    }, 
    {
        "date": "2012-04-30", 
        "operating_revenue": 646694, 
        "accumulated_operating_revenue": 2036171, 
        "long_term_average": 579054, 
        "short_term_average": 583297
    }, 
    {
        "date": "2012-05-31", 
        "operating_revenue": 703389, 
        "accumulated_operating_revenue": 2739560, 
        "long_term_average": 592869, 
        "short_term_average": 657807
    }, 
    {
        "date": "2012-06-30", 
        "operating_revenue": 699772, 
        "accumulated_operating_revenue": 3439332, 
        "long_term_average": 603560, 
        "short_term_average": 683285
    }, 
    {
        "date": "2012-07-31", 
        "operating_revenue": 592295, 
        "accumulated_operating_revenue": 4031627, 
        "long_term_average": 602535, 
        "short_term_average": 665152
    }, 
    {
        "date": "2012-08-31", 
        "operating_revenue": 591838, 
        "accumulated_operating_revenue": 4623465, 
        "long_term_average": 601644, 
        "short_term_average": 627968
    }, 
    {
        "accumulated_operating_revenue_yoy": 818.8888831545066, 
        "accumulated_operating_revenue": 5341400, 
        "long_term_average": 613031, 
        "date": "2012-09-30", 
        "operating_revenue": 717935, 
        "short_term_average": 634022
    }, 
    {
        "accumulated_operating_revenue_yoy": 453.57521050304837, 
        "accumulated_operating_revenue": 5922906, 
        "long_term_average": 620769, 
        "date": "2012-10-31", 
        "operating_revenue": 581506, 
        "short_term_average": 630426
    }, 
    {
        "accumulated_operating_revenue_yoy": 316.5946554907356, 
        "accumulated_operating_revenue": 6552634, 
        "long_term_average": 631333, 
        "date": "2012-11-30", 
        "operating_revenue": 629728, 
        "short_term_average": 643056
    }, 
    {
        "accumulated_operating_revenue_yoy": 200.81532414989516, 
        "accumulated_operating_revenue": 7809972, 
        "long_term_average": 650831, 
        "date": "2012-12-31", 
        "operating_revenue": 1257338, 
        "short_term_average": 822857
    }, 
    {
        "accumulated_operating_revenue_yoy": 50.99937822675861, 
        "accumulated_operating_revenue": 432278, 
        "long_term_average": 662997, 
        "date": "2013-01-31", 
        "operating_revenue": 432278, 
        "short_term_average": 773114
    }, 
    {
        "accumulated_operating_revenue_yoy": 12.101997290305402, 
        "accumulated_operating_revenue": 858856, 
        "long_term_average": 658557, 
        "date": "2013-02-28", 
        "operating_revenue": 426578, 
        "short_term_average": 705398
    }, 
    {
        "accumulated_operating_revenue_yoy": 12.96862056730698, 
        "accumulated_operating_revenue": 1569673, 
        "long_term_average": 665847, 
        "date": "2013-03-31", 
        "operating_revenue": 710817, 
        "short_term_average": 523224
    }, 
    {
        "accumulated_operating_revenue_yoy": 11.792968272311118, 
        "accumulated_operating_revenue": 2276296, 
        "long_term_average": 670841, 
        "date": "2013-04-30", 
        "operating_revenue": 706623, 
        "short_term_average": 614672
    }, 
    {
        "accumulated_operating_revenue_yoy": 7.520368234314999, 
        "accumulated_operating_revenue": 2945585, 
        "long_term_average": 667999, 
        "date": "2013-05-31", 
        "operating_revenue": 669289, 
        "short_term_average": 695576
    }, 
    {
        "accumulated_operating_revenue_yoy": 2.4277970257015027, 
        "accumulated_operating_revenue": 3522832, 
        "long_term_average": 657789, 
        "date": "2013-06-30", 
        "operating_revenue": 577247, 
        "short_term_average": 651053
    }, 
    {
        "accumulated_operating_revenue_yoy": 5.857511123920938, 
        "accumulated_operating_revenue": 4267780, 
        "long_term_average": 670510, 
        "date": "2013-07-31", 
        "operating_revenue": 744948, 
        "short_term_average": 663828
    }, 
    {
        "accumulated_operating_revenue_yoy": 7.1376770452463685, 
        "accumulated_operating_revenue": 4953473, 
        "long_term_average": 678331, 
        "date": "2013-08-31", 
        "operating_revenue": 685693, 
        "short_term_average": 669296
    }, 
    {
        "accumulated_operating_revenue_yoy": 6.961040176732691, 
        "accumulated_operating_revenue": 5713217, 
        "long_term_average": 681815, 
        "date": "2013-09-30", 
        "operating_revenue": 759744, 
        "short_term_average": 730128
    }, 
    {
        "accumulated_operating_revenue_yoy": 9.162799477148548, 
        "accumulated_operating_revenue": 6465610, 
        "long_term_average": 696056, 
        "date": "2013-10-31", 
        "operating_revenue": 752393, 
        "short_term_average": 732610
    }, 
    {
        "accumulated_operating_revenue_yoy": 9.449024621243915, 
        "accumulated_operating_revenue": 7171794, 
        "long_term_average": 702427, 
        "date": "2013-11-30", 
        "operating_revenue": 706184, 
        "short_term_average": 739440
    }, 
    {
        "accumulated_operating_revenue_yoy": 11.020922994346202, 
        "accumulated_operating_revenue": 8670703, 
        "long_term_average": 722558, 
        "date": "2013-12-31", 
        "operating_revenue": 1498909, 
        "short_term_average": 985828
    }, 
    {
        "accumulated_operating_revenue_yoy": 13.149871147733636, 
        "accumulated_operating_revenue": 489122, 
        "long_term_average": 727295, 
        "date": "2014-01-31", 
        "operating_revenue": 489122, 
        "short_term_average": 898071
    }, 
    {
        "accumulated_operating_revenue_yoy": 32.9561649449966, 
        "accumulated_operating_revenue": 1141902, 
        "long_term_average": 746145, 
        "date": "2014-02-28", 
        "operating_revenue": 652780, 
        "short_term_average": 880270
    }, 
    {
        "accumulated_operating_revenue_yoy": 25.558635461016404, 
        "accumulated_operating_revenue": 1970860, 
        "long_term_average": 755990, 
        "date": "2014-03-31", 
        "operating_revenue": 828958, 
        "short_term_average": 656953
    }, 
    {
        "accumulated_operating_revenue_yoy": 30.50815886861814, 
        "accumulated_operating_revenue": 2970752, 
        "long_term_average": 780429, 
        "date": "2014-04-30", 
        "operating_revenue": 999892, 
        "short_term_average": 827210
    }, 
    {
        "accumulated_operating_revenue_yoy": 33.651617590393755, 
        "accumulated_operating_revenue": 3936822, 
        "long_term_average": 805161, 
        "date": "2014-05-31", 
        "operating_revenue": 966070, 
        "short_term_average": 931640
    }, 
    {
        "accumulated_operating_revenue_yoy": 36.29582676664683, 
        "accumulated_operating_revenue": 4801473, 
        "long_term_average": 829112, 
        "date": "2014-06-30", 
        "operating_revenue": 864651, 
        "short_term_average": 943537
    }, 
    {
        "accumulated_operating_revenue_yoy": 31.559710200619527, 
        "accumulated_operating_revenue": 5614679, 
        "long_term_average": 834800, 
        "date": "2014-07-31", 
        "operating_revenue": 813206, 
        "short_term_average": 881309
    }, 
    {
        "accumulated_operating_revenue_yoy": 28.741470883156122, 
        "accumulated_operating_revenue": 6377174, 
        "long_term_average": 841200, 
        "date": "2014-08-31", 
        "operating_revenue": 762495, 
        "short_term_average": 813450
    }, 
    {
        "accumulated_operating_revenue_yoy": 27.115966363609157, 
        "accumulated_operating_revenue": 7262411, 
        "long_term_average": 851658, 
        "date": "2014-09-30", 
        "operating_revenue": 885237, 
        "short_term_average": 820312
    }, 
    {
        "accumulated_operating_revenue_yoy": 26.85735761977601, 
        "accumulated_operating_revenue": 8202102, 
        "long_term_average": 867266, 
        "date": "2014-10-31", 
        "operating_revenue": 939691, 
        "short_term_average": 862474
    }, 
    {
        "accumulated_operating_revenue_yoy": 24.39294826371198, 
        "accumulated_operating_revenue": 8921206, 
        "long_term_average": 868342, 
        "date": "2014-11-30", 
        "operating_revenue": 719104, 
        "short_term_average": 848010
    }, 
    {
        "accumulated_operating_revenue_yoy": 23.19228325546383, 
        "accumulated_operating_revenue": 10681637, 
        "long_term_average": 890136, 
        "date": "2014-12-31", 
        "operating_revenue": 1760431, 
        "short_term_average": 1139742
    }, 
    {
        "accumulated_operating_revenue_yoy": 34.982069913027836, 
        "accumulated_operating_revenue": 660227, 
        "long_term_average": 904395, 
        "date": "2015-01-31", 
        "operating_revenue": 660227, 
        "short_term_average": 1046587
    }, 
    {
        "accumulated_operating_revenue_yoy": -3.7433159763272155, 
        "accumulated_operating_revenue": 1099157, 
        "long_term_average": 886574, 
        "date": "2015-02-28", 
        "operating_revenue": 438930, 
        "short_term_average": 953196
    }, 
    {
        "accumulated_operating_revenue_yoy": 11.725490395055965, 
        "accumulated_operating_revenue": 2201953, 
        "long_term_average": 909394, 
        "date": "2015-03-31", 
        "operating_revenue": 1102796, 
        "short_term_average": 733984
    }, 
    {
        "accumulated_operating_revenue_yoy": 8.34199556206644, 
        "accumulated_operating_revenue": 3218572, 
        "long_term_average": 910788, 
        "date": "2015-04-30", 
        "operating_revenue": 1016619, 
        "short_term_average": 852781
    }, 
    {
        "accumulated_operating_revenue_yoy": 1.0153621372772252, 
        "accumulated_operating_revenue": 3976795, 
        "long_term_average": 893467, 
        "date": "2015-05-31", 
        "operating_revenue": 758223, 
        "short_term_average": 959212
    }, 
    {
        "accumulated_operating_revenue_yoy": -0.33069018611580236, 
        "accumulated_operating_revenue": 4785595, 
        "long_term_average": 888813, 
        "date": "2015-06-30", 
        "operating_revenue": 808800, 
        "short_term_average": 861214
    }, 
    {
        "accumulated_operating_revenue_yoy": 5.389640262604505, 
        "accumulated_operating_revenue": 5917290, 
        "long_term_average": 915354, 
        "date": "2015-07-31", 
        "operating_revenue": 1131695, 
        "short_term_average": 899572
    }, 
    {
        "accumulated_operating_revenue_yoy": 7.420951662915266, 
        "accumulated_operating_revenue": 6850421, 
        "long_term_average": 929573, 
        "date": "2015-08-31", 
        "operating_revenue": 933131, 
        "short_term_average": 957875
    }
]