[
    {
        "date": "2012-01-31", 
        "operating_revenue": 20, 
        "accumulated_operating_revenue": 20, 
        "long_term_average": 20, 
        "short_term_average": 20
    }, 
    {
        "date": "2012-02-29", 
        "operating_revenue": 14090, 
        "accumulated_operating_revenue": 14110, 
        "long_term_average": 7055, 
        "short_term_average": 7055
    }, 
    {
        "date": "2012-03-31", 
        "operating_revenue": 17579, 
        "accumulated_operating_revenue": 31689, 
        "long_term_average": 10563, 
        "short_term_average": 10563
    }, 
    {
        "date": "2012-04-30", 
        "operating_revenue": 43783, 
        "accumulated_operating_revenue": 75472, 
        "long_term_average": 18868, 
        "short_term_average": 25150
    }, 
    {
        "date": "2012-05-31", 
        "operating_revenue": 31436, 
        "accumulated_operating_revenue": 106908, 
        "long_term_average": 21381, 
        "short_term_average": 30932
    }, 
    {
        "date": "2012-06-30", 
        "operating_revenue": 39931, 
        "accumulated_operating_revenue": 146839, 
        "long_term_average": 24473, 
        "short_term_average": 38383
    }, 
    {
        "date": "2012-07-31", 
        "operating_revenue": 5172, 
        "accumulated_operating_revenue": 152011, 
        "long_term_average": 21715, 
        "short_term_average": 25513
    }, 
    {
        "date": "2012-08-31", 
        "operating_revenue": 6724, 
        "accumulated_operating_revenue": 158735, 
        "long_term_average": 19841, 
        "short_term_average": 17275
    }, 
    {
        "date": "2012-09-30", 
        "operating_revenue": 72834, 
        "accumulated_operating_revenue": 231569, 
        "long_term_average": 25729, 
        "short_term_average": 28243
    }, 
    {
        "date": "2012-10-31", 
        "operating_revenue": 113527, 
        "accumulated_operating_revenue": 345096, 
        "long_term_average": 34509, 
        "short_term_average": 64361
    }, 
    {
        "date": "2012-11-30", 
        "operating_revenue": 4990, 
        "accumulated_operating_revenue": 350086, 
        "long_term_average": 31826, 
        "short_term_average": 63783
    }, 
    {
        "date": "2012-12-31", 
        "operating_revenue": 37077, 
        "accumulated_operating_revenue": 387163, 
        "long_term_average": 32263, 
        "short_term_average": 51864
    }, 
    {
        "accumulated_operating_revenue_yoy": 22795.0, 
        "accumulated_operating_revenue": 4579, 
        "long_term_average": 32643, 
        "date": "2013-01-31", 
        "operating_revenue": 4579, 
        "short_term_average": 15548
    }, 
    {
        "accumulated_operating_revenue_yoy": -79.05897945659378, 
        "accumulated_operating_revenue": 6636, 
        "long_term_average": 31640, 
        "date": "2013-03-31", 
        "operating_revenue": 2057, 
        "short_term_average": 14571
    }, 
    {
        "accumulated_operating_revenue_yoy": -64.43184227263092, 
        "accumulated_operating_revenue": 26844, 
        "long_term_average": 31859, 
        "date": "2013-04-30", 
        "operating_revenue": 20208, 
        "short_term_average": 8948
    }, 
    {
        "accumulated_operating_revenue_yoy": -61.007595315598465, 
        "accumulated_operating_revenue": 41686, 
        "long_term_average": 29448, 
        "date": "2013-05-31", 
        "operating_revenue": 14842, 
        "short_term_average": 12369
    }, 
    {
        "accumulated_operating_revenue_yoy": 1.0085876367994877, 
        "accumulated_operating_revenue": 148320, 
        "long_term_average": 35714, 
        "date": "2013-06-30", 
        "operating_revenue": 106634, 
        "short_term_average": 47228
    }, 
    {
        "accumulated_operating_revenue_yoy": 49.23985764188118, 
        "accumulated_operating_revenue": 226861, 
        "long_term_average": 38932, 
        "date": "2013-07-31", 
        "operating_revenue": 78541, 
        "short_term_average": 66672
    }, 
    {
        "accumulated_operating_revenue_yoy": 44.38655621003559, 
        "accumulated_operating_revenue": 229192, 
        "long_term_average": 38695, 
        "date": "2013-08-31", 
        "operating_revenue": 2331, 
        "short_term_average": 62502
    }, 
    {
        "accumulated_operating_revenue_yoy": 18.234305973597504, 
        "accumulated_operating_revenue": 273794, 
        "long_term_average": 41851, 
        "date": "2013-09-30", 
        "operating_revenue": 44602, 
        "short_term_average": 41824
    }, 
    {
        "accumulated_operating_revenue_yoy": 12.624603009017783, 
        "accumulated_operating_revenue": 388663, 
        "long_term_average": 45354, 
        "date": "2013-10-31", 
        "operating_revenue": 114869, 
        "short_term_average": 53934
    }, 
    {
        "accumulated_operating_revenue_yoy": 12.59719040464343, 
        "accumulated_operating_revenue": 394187, 
        "long_term_average": 36354, 
        "date": "2013-11-30", 
        "operating_revenue": 5524, 
        "short_term_average": 54998
    }, 
    {
        "accumulated_operating_revenue_yoy": 6.955210079475569, 
        "accumulated_operating_revenue": 414091, 
        "long_term_average": 37597, 
        "date": "2013-12-31", 
        "operating_revenue": 19904, 
        "short_term_average": 46765
    }, 
    {
        "accumulated_operating_revenue_yoy": -46.53854553395938, 
        "accumulated_operating_revenue": 2448, 
        "long_term_average": 34711, 
        "date": "2014-01-31", 
        "operating_revenue": 2448, 
        "short_term_average": 9292
    }, 
    {
        "date": "2014-02-28", 
        "operating_revenue": 2155, 
        "accumulated_operating_revenue": 4603, 
        "long_term_average": 34509, 
        "short_term_average": 8169
    }, 
    {
        "accumulated_operating_revenue_yoy": -21.925858951175407, 
        "accumulated_operating_revenue": 5181, 
        "long_term_average": 34386, 
        "date": "2014-03-31", 
        "operating_revenue": 578, 
        "short_term_average": 1727
    }, 
    {
        "accumulated_operating_revenue_yoy": -7.387125614662494, 
        "accumulated_operating_revenue": 24861, 
        "long_term_average": 34342, 
        "date": "2014-04-30", 
        "operating_revenue": 19680, 
        "short_term_average": 7471
    }, 
    {
        "accumulated_operating_revenue_yoy": 377.09782660845366, 
        "accumulated_operating_revenue": 198883, 
        "long_term_average": 47607, 
        "date": "2014-05-31", 
        "operating_revenue": 174022, 
        "short_term_average": 64760
    }, 
    {
        "accumulated_operating_revenue_yoy": 79.20442286947141, 
        "accumulated_operating_revenue": 265796, 
        "long_term_average": 44297, 
        "date": "2014-06-30", 
        "operating_revenue": 66913, 
        "short_term_average": 86871
    }, 
    {
        "accumulated_operating_revenue_yoy": 18.42185302894724, 
        "accumulated_operating_revenue": 268653, 
        "long_term_average": 37990, 
        "date": "2014-07-31", 
        "operating_revenue": 2857, 
        "short_term_average": 81264
    }, 
    {
        "accumulated_operating_revenue_yoy": 21.234598066250133, 
        "accumulated_operating_revenue": 277860, 
        "long_term_average": 38563, 
        "date": "2014-08-31", 
        "operating_revenue": 9207, 
        "short_term_average": 26325
    }, 
    {
        "accumulated_operating_revenue_yoy": 21.43217163268735, 
        "accumulated_operating_revenue": 332474, 
        "long_term_average": 39397, 
        "date": "2014-09-30", 
        "operating_revenue": 54614, 
        "short_term_average": 22226
    }, 
    {
        "accumulated_operating_revenue_yoy": 15.62021597116268, 
        "accumulated_operating_revenue": 449373, 
        "long_term_average": 39566, 
        "date": "2014-10-31", 
        "operating_revenue": 116899, 
        "short_term_average": 60240
    }, 
    {
        "accumulated_operating_revenue_yoy": 15.202682990560318, 
        "accumulated_operating_revenue": 454114, 
        "long_term_average": 39501, 
        "date": "2014-11-30", 
        "operating_revenue": 4741, 
        "short_term_average": 58751
    }, 
    {
        "accumulated_operating_revenue_yoy": 16.038745106751897, 
        "accumulated_operating_revenue": 480506, 
        "long_term_average": 40042, 
        "date": "2014-12-31", 
        "operating_revenue": 26392, 
        "short_term_average": 49344
    }, 
    {
        "accumulated_operating_revenue_yoy": -13.643790849673202, 
        "accumulated_operating_revenue": 2114, 
        "long_term_average": 40014, 
        "date": "2015-01-31", 
        "operating_revenue": 2114, 
        "short_term_average": 11082
    }, 
    {
        "accumulated_operating_revenue_yoy": 18.335867912231155, 
        "accumulated_operating_revenue": 5447, 
        "long_term_average": 40112, 
        "date": "2015-02-28", 
        "operating_revenue": 3333, 
        "short_term_average": 10613
    }, 
    {
        "accumulated_operating_revenue_yoy": 436.1899247249566, 
        "accumulated_operating_revenue": 27780, 
        "long_term_average": 41925, 
        "date": "2015-03-31", 
        "operating_revenue": 22333, 
        "short_term_average": 9260
    }, 
    {
        "accumulated_operating_revenue_yoy": 47.28289288443747, 
        "accumulated_operating_revenue": 36616, 
        "long_term_average": 41021, 
        "date": "2015-04-30", 
        "operating_revenue": 8836, 
        "short_term_average": 11500
    }, 
    {
        "accumulated_operating_revenue_yoy": -80.96418497307462, 
        "accumulated_operating_revenue": 37859, 
        "long_term_average": 26623, 
        "date": "2015-05-31", 
        "operating_revenue": 1243, 
        "short_term_average": 10804
    }, 
    {
        "accumulated_operating_revenue_yoy": -79.19156044485244, 
        "accumulated_operating_revenue": 55308, 
        "long_term_average": 22501, 
        "date": "2015-06-30", 
        "operating_revenue": 17449, 
        "short_term_average": 9176
    }, 
    {
        "accumulated_operating_revenue_yoy": -76.62337662337663, 
        "accumulated_operating_revenue": 62802, 
        "long_term_average": 22887, 
        "date": "2015-07-31", 
        "operating_revenue": 7494, 
        "short_term_average": 8728
    }, 
    {
        "accumulated_operating_revenue_yoy": -70.78960627654214, 
        "accumulated_operating_revenue": 81164, 
        "long_term_average": 23650, 
        "date": "2015-08-31", 
        "operating_revenue": 18362, 
        "short_term_average": 14435
    }, 
    {
        "accumulated_operating_revenue_yoy": -50.644561680011066, 
        "accumulated_operating_revenue": 164094, 
        "long_term_average": 26010, 
        "date": "2015-09-30", 
        "operating_revenue": 82930, 
        "short_term_average": 36262
    }
]