[
    {
        "date": "2011-09-30", 
        "operating_revenue": 154540, 
        "accumulated_operating_revenue": 154540, 
        "long_term_average": 154540, 
        "short_term_average": 154540
    }, 
    {
        "date": "2011-10-31", 
        "operating_revenue": 83157, 
        "accumulated_operating_revenue": 237697, 
        "long_term_average": 118848, 
        "short_term_average": 118848
    }, 
    {
        "date": "2011-11-30", 
        "operating_revenue": 150005, 
        "accumulated_operating_revenue": 387702, 
        "long_term_average": 129234, 
        "short_term_average": 129234
    }, 
    {
        "date": "2011-12-31", 
        "operating_revenue": 151466, 
        "accumulated_operating_revenue": 539168, 
        "long_term_average": 134792, 
        "short_term_average": 128209
    }, 
    {
        "date": "2012-01-31", 
        "operating_revenue": 99151, 
        "accumulated_operating_revenue": 99151, 
        "long_term_average": 127663, 
        "short_term_average": 133540
    }, 
    {
        "date": "2012-02-29", 
        "operating_revenue": 128308, 
        "accumulated_operating_revenue": 227459, 
        "long_term_average": 127771, 
        "short_term_average": 126308
    }, 
    {
        "date": "2012-03-31", 
        "operating_revenue": 156146, 
        "accumulated_operating_revenue": 383605, 
        "long_term_average": 131824, 
        "short_term_average": 127868
    }, 
    {
        "date": "2012-04-30", 
        "operating_revenue": 104219, 
        "accumulated_operating_revenue": 487824, 
        "long_term_average": 128374, 
        "short_term_average": 129557
    }, 
    {
        "date": "2012-05-31", 
        "operating_revenue": 132230, 
        "accumulated_operating_revenue": 620054, 
        "long_term_average": 128802, 
        "short_term_average": 130865
    }, 
    {
        "date": "2012-06-30", 
        "operating_revenue": 171315, 
        "accumulated_operating_revenue": 791369, 
        "long_term_average": 133053, 
        "short_term_average": 135921
    }, 
    {
        "date": "2012-07-31", 
        "operating_revenue": 99313, 
        "accumulated_operating_revenue": 890682, 
        "long_term_average": 129986, 
        "short_term_average": 134286
    }, 
    {
        "date": "2012-08-31", 
        "operating_revenue": 149516, 
        "accumulated_operating_revenue": 1040198, 
        "long_term_average": 131613, 
        "short_term_average": 140048
    }, 
    {
        "accumulated_operating_revenue_yoy": 695.3643069755403, 
        "accumulated_operating_revenue": 1229156, 
        "long_term_average": 134482, 
        "date": "2012-09-30", 
        "operating_revenue": 188958, 
        "short_term_average": 145929
    }, 
    {
        "accumulated_operating_revenue_yoy": 468.8961156430246, 
        "accumulated_operating_revenue": 1352249, 
        "long_term_average": 137810, 
        "date": "2012-10-31", 
        "operating_revenue": 123093, 
        "short_term_average": 153855
    }, 
    {
        "accumulated_operating_revenue_yoy": 291.27345229067686, 
        "accumulated_operating_revenue": 1516975, 
        "long_term_average": 139036, 
        "date": "2012-11-30", 
        "operating_revenue": 164726, 
        "short_term_average": 158925
    }, 
    {
        "accumulated_operating_revenue_yoy": 219.21089530535934, 
        "accumulated_operating_revenue": 1721083, 
        "long_term_average": 143423, 
        "date": "2012-12-31", 
        "operating_revenue": 204108, 
        "short_term_average": 163975
    }, 
    {
        "accumulated_operating_revenue_yoy": 7.437141329890773, 
        "accumulated_operating_revenue": 106525, 
        "long_term_average": 144038, 
        "date": "2013-01-31", 
        "operating_revenue": 106525, 
        "short_term_average": 158453
    }, 
    {
        "accumulated_operating_revenue_yoy": 4.7520652073560505, 
        "accumulated_operating_revenue": 238268, 
        "long_term_average": 144324, 
        "date": "2013-02-28", 
        "operating_revenue": 131743, 
        "short_term_average": 147458
    }, 
    {
        "accumulated_operating_revenue_yoy": 19.41476258130108, 
        "accumulated_operating_revenue": 458081, 
        "long_term_average": 149629, 
        "date": "2013-03-31", 
        "operating_revenue": 219813, 
        "short_term_average": 152693
    }, 
    {
        "accumulated_operating_revenue_yoy": 18.50359965889337, 
        "accumulated_operating_revenue": 578089, 
        "long_term_average": 150945, 
        "date": "2013-04-30", 
        "operating_revenue": 120008, 
        "short_term_average": 157188
    }, 
    {
        "accumulated_operating_revenue_yoy": 17.037548342563714, 
        "accumulated_operating_revenue": 725696, 
        "long_term_average": 152227, 
        "date": "2013-05-31", 
        "operating_revenue": 147607, 
        "short_term_average": 162476
    }, 
    {
        "accumulated_operating_revenue_yoy": 15.44462823284713, 
        "accumulated_operating_revenue": 913593, 
        "long_term_average": 153608, 
        "date": "2013-06-30", 
        "operating_revenue": 187897, 
        "short_term_average": 151837
    }, 
    {
        "accumulated_operating_revenue_yoy": 14.132990225467676, 
        "accumulated_operating_revenue": 1016562, 
        "long_term_average": 153913, 
        "date": "2013-07-31", 
        "operating_revenue": 102969, 
        "short_term_average": 146157
    }, 
    {
        "accumulated_operating_revenue_yoy": 10.013574338731665, 
        "accumulated_operating_revenue": 1144359, 
        "long_term_average": 152103, 
        "date": "2013-08-31", 
        "operating_revenue": 127797, 
        "short_term_average": 139554
    }, 
    {
        "accumulated_operating_revenue_yoy": 9.482767036893607, 
        "accumulated_operating_revenue": 1345714, 
        "long_term_average": 153136, 
        "date": "2013-09-30", 
        "operating_revenue": 201355, 
        "short_term_average": 144040
    }, 
    {
        "accumulated_operating_revenue_yoy": 9.290522677406306, 
        "accumulated_operating_revenue": 1477880, 
        "long_term_average": 153892, 
        "date": "2013-10-31", 
        "operating_revenue": 132166, 
        "short_term_average": 153772
    }, 
    {
        "accumulated_operating_revenue_yoy": 8.02399512187083, 
        "accumulated_operating_revenue": 1638697, 
        "long_term_average": 153567, 
        "date": "2013-11-30", 
        "operating_revenue": 160817, 
        "short_term_average": 164779
    }, 
    {
        "accumulated_operating_revenue_yoy": 7.938083172049228, 
        "accumulated_operating_revenue": 1857704, 
        "long_term_average": 154808, 
        "date": "2013-12-31", 
        "operating_revenue": 219007, 
        "short_term_average": 170663
    }, 
    {
        "accumulated_operating_revenue_yoy": 83.44238441680358, 
        "accumulated_operating_revenue": 195412, 
        "long_term_average": 162215, 
        "date": "2014-01-31", 
        "operating_revenue": 195412, 
        "short_term_average": 191745
    }, 
    {
        "accumulated_operating_revenue_yoy": 24.589537831349574, 
        "accumulated_operating_revenue": 296857, 
        "long_term_average": 159691, 
        "date": "2014-02-28", 
        "operating_revenue": 101445, 
        "short_term_average": 171954
    }, 
    {
        "accumulated_operating_revenue_yoy": 10.40121725197072, 
        "accumulated_operating_revenue": 505727, 
        "long_term_average": 158779, 
        "date": "2014-03-31", 
        "operating_revenue": 208870, 
        "short_term_average": 168575
    }, 
    {
        "accumulated_operating_revenue_yoy": 14.50537892954199, 
        "accumulated_operating_revenue": 661943, 
        "long_term_average": 161796, 
        "date": "2014-04-30", 
        "operating_revenue": 156216, 
        "short_term_average": 155510
    }, 
    {
        "accumulated_operating_revenue_yoy": 13.297854749096041, 
        "accumulated_operating_revenue": 822198, 
        "long_term_average": 162850, 
        "date": "2014-05-31", 
        "operating_revenue": 160255, 
        "short_term_average": 175113
    }, 
    {
        "accumulated_operating_revenue_yoy": 13.301108918303884, 
        "accumulated_operating_revenue": 1035111, 
        "long_term_average": 164935, 
        "date": "2014-06-30", 
        "operating_revenue": 212913, 
        "short_term_average": 176461
    }, 
    {
        "accumulated_operating_revenue_yoy": 14.954719928543463, 
        "accumulated_operating_revenue": 1168586, 
        "long_term_average": 167477, 
        "date": "2014-07-31", 
        "operating_revenue": 133475, 
        "short_term_average": 168881
    }, 
    {
        "accumulated_operating_revenue_yoy": 15.941675645492367, 
        "accumulated_operating_revenue": 1326789, 
        "long_term_average": 170011, 
        "date": "2014-08-31", 
        "operating_revenue": 158203, 
        "short_term_average": 168197
    }, 
    {
        "accumulated_operating_revenue_yoy": 17.543772302287113, 
        "accumulated_operating_revenue": 1581803, 
        "long_term_average": 174482, 
        "date": "2014-09-30", 
        "operating_revenue": 255014, 
        "short_term_average": 182230
    }, 
    {
        "accumulated_operating_revenue_yoy": 18.6550328849433, 
        "accumulated_operating_revenue": 1753579, 
        "long_term_average": 177783, 
        "date": "2014-10-31", 
        "operating_revenue": 171776, 
        "short_term_average": 194997
    }, 
    {
        "accumulated_operating_revenue_yoy": 18.509950283670502, 
        "accumulated_operating_revenue": 1942019, 
        "long_term_average": 180085, 
        "date": "2014-11-30", 
        "operating_revenue": 188440, 
        "short_term_average": 205076
    }, 
    {
        "accumulated_operating_revenue_yoy": 18.7885691154242, 
        "accumulated_operating_revenue": 2206740, 
        "long_term_average": 183895, 
        "date": "2014-12-31", 
        "operating_revenue": 264721, 
        "short_term_average": 208312
    }, 
    {
        "accumulated_operating_revenue_yoy": 27.928684011217324, 
        "accumulated_operating_revenue": 249988, 
        "long_term_average": 188443, 
        "date": "2015-01-31", 
        "operating_revenue": 249988, 
        "short_term_average": 234383
    }, 
    {
        "accumulated_operating_revenue_yoy": 34.621383359664755, 
        "accumulated_operating_revenue": 399633, 
        "long_term_average": 192459, 
        "date": "2015-02-28", 
        "operating_revenue": 149645, 
        "short_term_average": 221451
    }, 
    {
        "accumulated_operating_revenue_yoy": 24.692175818178583, 
        "accumulated_operating_revenue": 630602, 
        "long_term_average": 194301, 
        "date": "2015-03-31", 
        "operating_revenue": 230969, 
        "short_term_average": 210200
    }, 
    {
        "accumulated_operating_revenue_yoy": 23.078573230625597, 
        "accumulated_operating_revenue": 814710, 
        "long_term_average": 196625, 
        "date": "2015-04-30", 
        "operating_revenue": 184108, 
        "short_term_average": 188240
    }, 
    {
        "accumulated_operating_revenue_yoy": 23.19927803278529, 
        "accumulated_operating_revenue": 1012942, 
        "long_term_average": 199790, 
        "date": "2015-05-31", 
        "operating_revenue": 198232, 
        "short_term_average": 204436
    }, 
    {
        "accumulated_operating_revenue_yoy": 20.68396529454329, 
        "accumulated_operating_revenue": 1249213, 
        "long_term_average": 201736, 
        "date": "2015-06-30", 
        "operating_revenue": 236271, 
        "short_term_average": 206203
    }, 
    {
        "accumulated_operating_revenue_yoy": 25.954101794818698, 
        "accumulated_operating_revenue": 1471882, 
        "long_term_average": 209169, 
        "date": "2015-07-31", 
        "operating_revenue": 222669, 
        "short_term_average": 219057
    }, 
    {
        "accumulated_operating_revenue_yoy": 28.287617699573936, 
        "accumulated_operating_revenue": 1702106, 
        "long_term_average": 215171, 
        "date": "2015-08-31", 
        "operating_revenue": 230224, 
        "short_term_average": 229721
    }
]