[
    {
        "date": "2012-01-31", 
        "operating_revenue": 3346, 
        "accumulated_operating_revenue": 3346, 
        "long_term_average": 3346, 
        "short_term_average": 3346
    }, 
    {
        "date": "2012-02-29", 
        "operating_revenue": 3588, 
        "accumulated_operating_revenue": 6934, 
        "long_term_average": 3467, 
        "short_term_average": 3467
    }, 
    {
        "date": "2012-03-31", 
        "operating_revenue": 64686, 
        "accumulated_operating_revenue": 71620, 
        "long_term_average": 23873, 
        "short_term_average": 23873
    }, 
    {
        "date": "2012-04-30", 
        "operating_revenue": 38968, 
        "accumulated_operating_revenue": 110588, 
        "long_term_average": 27647, 
        "short_term_average": 35747
    }, 
    {
        "date": "2012-05-31", 
        "operating_revenue": 7357, 
        "accumulated_operating_revenue": 117945, 
        "long_term_average": 23589, 
        "short_term_average": 37003
    }, 
    {
        "date": "2012-06-30", 
        "operating_revenue": 7568, 
        "accumulated_operating_revenue": 125513, 
        "long_term_average": 20918, 
        "short_term_average": 17964
    }, 
    {
        "date": "2012-07-31", 
        "operating_revenue": 5154, 
        "accumulated_operating_revenue": 130667, 
        "long_term_average": 18666, 
        "short_term_average": 6693
    }, 
    {
        "date": "2012-08-31", 
        "operating_revenue": 19741, 
        "accumulated_operating_revenue": 150408, 
        "long_term_average": 18801, 
        "short_term_average": 10821
    }, 
    {
        "date": "2012-09-30", 
        "operating_revenue": 70584, 
        "accumulated_operating_revenue": 220992, 
        "long_term_average": 24554, 
        "short_term_average": 31826
    }, 
    {
        "date": "2012-10-31", 
        "operating_revenue": 4552, 
        "accumulated_operating_revenue": 225544, 
        "long_term_average": 22554, 
        "short_term_average": 31625
    }, 
    {
        "date": "2012-11-30", 
        "operating_revenue": 7651, 
        "accumulated_operating_revenue": 233195, 
        "long_term_average": 21199, 
        "short_term_average": 27595
    }, 
    {
        "date": "2012-12-31", 
        "operating_revenue": 7461, 
        "accumulated_operating_revenue": 240656, 
        "long_term_average": 20054, 
        "short_term_average": 6554
    }, 
    {
        "accumulated_operating_revenue_yoy": 1605.7083084279736, 
        "accumulated_operating_revenue": 57073, 
        "long_term_average": 24531, 
        "date": "2013-01-31", 
        "operating_revenue": 57073, 
        "short_term_average": 24061
    }, 
    {
        "accumulated_operating_revenue_yoy": 980.4441880588405, 
        "accumulated_operating_revenue": 74918, 
        "long_term_average": 25720, 
        "date": "2013-02-28", 
        "operating_revenue": 17845, 
        "short_term_average": 27459
    }, 
    {
        "accumulated_operating_revenue_yoy": 7.802289863166713, 
        "accumulated_operating_revenue": 77208, 
        "long_term_average": 20520, 
        "date": "2013-03-31", 
        "operating_revenue": 2290, 
        "short_term_average": 25736
    }, 
    {
        "accumulated_operating_revenue_yoy": -23.332549643722647, 
        "accumulated_operating_revenue": 84785, 
        "long_term_average": 17904, 
        "date": "2013-04-30", 
        "operating_revenue": 7577, 
        "short_term_average": 9237
    }, 
    {
        "accumulated_operating_revenue_yoy": -25.862054347365298, 
        "accumulated_operating_revenue": 87442, 
        "long_term_average": 17512, 
        "date": "2013-05-31", 
        "operating_revenue": 2657, 
        "short_term_average": 4174
    }, 
    {
        "accumulated_operating_revenue_yoy": 0.4294375881382805, 
        "accumulated_operating_revenue": 126052, 
        "long_term_average": 20099, 
        "date": "2013-06-30", 
        "operating_revenue": 38610, 
        "short_term_average": 16281
    }, 
    {
        "accumulated_operating_revenue_yoy": 2.5331568031714204, 
        "accumulated_operating_revenue": 133977, 
        "long_term_average": 20330, 
        "date": "2013-07-31", 
        "operating_revenue": 7925, 
        "short_term_average": 16397
    }, 
    {
        "accumulated_operating_revenue_yoy": -7.711690867507047, 
        "accumulated_operating_revenue": 138809, 
        "long_term_average": 19088, 
        "date": "2013-08-31", 
        "operating_revenue": 4832, 
        "short_term_average": 17122
    }, 
    {
        "accumulated_operating_revenue_yoy": -32.29664422241529, 
        "accumulated_operating_revenue": 149619, 
        "long_term_average": 14106, 
        "date": "2013-09-30", 
        "operating_revenue": 10810, 
        "short_term_average": 7855
    }, 
    {
        "accumulated_operating_revenue_yoy": -32.53467172702444, 
        "accumulated_operating_revenue": 152164, 
        "long_term_average": 13939, 
        "date": "2013-10-31", 
        "operating_revenue": 2545, 
        "short_term_average": 6062
    }, 
    {
        "accumulated_operating_revenue_yoy": -33.30388730461631, 
        "accumulated_operating_revenue": 155532, 
        "long_term_average": 13582, 
        "date": "2013-11-30", 
        "operating_revenue": 3368, 
        "short_term_average": 5574
    }, 
    {
        "accumulated_operating_revenue_yoy": -34.07851871551094, 
        "accumulated_operating_revenue": 158644, 
        "long_term_average": 13220, 
        "date": "2013-12-31", 
        "operating_revenue": 3112, 
        "short_term_average": 3008
    }, 
    {
        "accumulated_operating_revenue_yoy": -92.05578820107581, 
        "accumulated_operating_revenue": 4534, 
        "long_term_average": 8842, 
        "date": "2014-01-31", 
        "operating_revenue": 4534, 
        "short_term_average": 3671
    }, 
    {
        "accumulated_operating_revenue_yoy": -90.7378734082597, 
        "accumulated_operating_revenue": 6939, 
        "long_term_average": 7555, 
        "date": "2014-02-28", 
        "operating_revenue": 2405, 
        "short_term_average": 3350
    }, 
    {
        "accumulated_operating_revenue_yoy": -53.38954512485753, 
        "accumulated_operating_revenue": 35987, 
        "long_term_average": 9785, 
        "date": "2014-03-31", 
        "operating_revenue": 29048, 
        "short_term_average": 11995
    }, 
    {
        "accumulated_operating_revenue_yoy": -18.369994692457393, 
        "accumulated_operating_revenue": 69210, 
        "long_term_average": 11922, 
        "date": "2014-04-30", 
        "operating_revenue": 33223, 
        "short_term_average": 21558
    }, 
    {
        "accumulated_operating_revenue_yoy": -17.63797717344068, 
        "accumulated_operating_revenue": 72019, 
        "long_term_average": 11935, 
        "date": "2014-05-31", 
        "operating_revenue": 2809, 
        "short_term_average": 21693
    }, 
    {
        "accumulated_operating_revenue_yoy": -40.3309745184527, 
        "accumulated_operating_revenue": 75214, 
        "long_term_average": 8983, 
        "date": "2014-06-30", 
        "operating_revenue": 3195, 
        "short_term_average": 13075
    }, 
    {
        "accumulated_operating_revenue_yoy": -41.47950767669077, 
        "accumulated_operating_revenue": 78404, 
        "long_term_average": 8589, 
        "date": "2014-07-31", 
        "operating_revenue": 3190, 
        "short_term_average": 3064
    }, 
    {
        "accumulated_operating_revenue_yoy": -41.477137649576036, 
        "accumulated_operating_revenue": 81235, 
        "long_term_average": 8422, 
        "date": "2014-08-31", 
        "operating_revenue": 2831, 
        "short_term_average": 3072
    }, 
    {
        "accumulated_operating_revenue_yoy": -43.0640493520208, 
        "accumulated_operating_revenue": 85187, 
        "long_term_average": 7851, 
        "date": "2014-09-30", 
        "operating_revenue": 3952, 
        "short_term_average": 3324
    }, 
    {
        "accumulated_operating_revenue_yoy": -41.3323782234957, 
        "accumulated_operating_revenue": 89271, 
        "long_term_average": 7979, 
        "date": "2014-10-31", 
        "operating_revenue": 4084, 
        "short_term_average": 3622
    }, 
    {
        "accumulated_operating_revenue_yoy": -40.514492194532316, 
        "accumulated_operating_revenue": 92519, 
        "long_term_average": 7969, 
        "date": "2014-11-30", 
        "operating_revenue": 3248, 
        "short_term_average": 3761
    }, 
    {
        "accumulated_operating_revenue_yoy": -39.5363203146668, 
        "accumulated_operating_revenue": 95922, 
        "long_term_average": 7993, 
        "date": "2014-12-31", 
        "operating_revenue": 3403, 
        "short_term_average": 3578
    }, 
    {
        "accumulated_operating_revenue_yoy": 366.54168504631673, 
        "accumulated_operating_revenue": 21153, 
        "long_term_average": 9378, 
        "date": "2015-01-31", 
        "operating_revenue": 21153, 
        "short_term_average": 9268
    }, 
    {
        "accumulated_operating_revenue_yoy": 250.1945525291829, 
        "accumulated_operating_revenue": 24300, 
        "long_term_average": 9440, 
        "date": "2015-02-28", 
        "operating_revenue": 3147, 
        "short_term_average": 9234
    }, 
    {
        "accumulated_operating_revenue_yoy": -22.85269680718037, 
        "accumulated_operating_revenue": 27763, 
        "long_term_average": 7308, 
        "date": "2015-03-31", 
        "operating_revenue": 3463, 
        "short_term_average": 9254
    }, 
    {
        "accumulated_operating_revenue_yoy": -54.912584886577086, 
        "accumulated_operating_revenue": 31205, 
        "long_term_average": 4826, 
        "date": "2015-04-30", 
        "operating_revenue": 3442, 
        "short_term_average": 3350
    }, 
    {
        "accumulated_operating_revenue_yoy": -51.92518640914203, 
        "accumulated_operating_revenue": 34623, 
        "long_term_average": 4877, 
        "date": "2015-05-31", 
        "operating_revenue": 3418, 
        "short_term_average": 3441
    }, 
    {
        "accumulated_operating_revenue_yoy": -48.98556119871301, 
        "accumulated_operating_revenue": 38370, 
        "long_term_average": 4923, 
        "date": "2015-06-30", 
        "operating_revenue": 3747, 
        "short_term_average": 3535
    }, 
    {
        "accumulated_operating_revenue_yoy": -46.782051936125704, 
        "accumulated_operating_revenue": 41725, 
        "long_term_average": 4936, 
        "date": "2015-07-31", 
        "operating_revenue": 3355, 
        "short_term_average": 3506
    }, 
    {
        "accumulated_operating_revenue_yoy": -45.031082661414416, 
        "accumulated_operating_revenue": 44654, 
        "long_term_average": 4945, 
        "date": "2015-08-31", 
        "operating_revenue": 2929, 
        "short_term_average": 3343
    }, 
    {
        "accumulated_operating_revenue_yoy": -43.22842687264489, 
        "accumulated_operating_revenue": 48362, 
        "long_term_average": 4924, 
        "date": "2015-09-30", 
        "operating_revenue": 3708, 
        "short_term_average": 3330
    }
]