[
    {
        "date": "2012-01-31", 
        "operating_revenue": 39149, 
        "accumulated_operating_revenue": 39149, 
        "long_term_average": 39149, 
        "short_term_average": 39149
    }, 
    {
        "date": "2012-02-29", 
        "operating_revenue": 48539, 
        "accumulated_operating_revenue": 87688, 
        "long_term_average": 43844, 
        "short_term_average": 43844
    }, 
    {
        "date": "2012-03-31", 
        "operating_revenue": 65212, 
        "accumulated_operating_revenue": 152900, 
        "long_term_average": 50966, 
        "short_term_average": 50966
    }, 
    {
        "date": "2012-04-30", 
        "operating_revenue": 47144, 
        "accumulated_operating_revenue": 200044, 
        "long_term_average": 50011, 
        "short_term_average": 53631
    }, 
    {
        "date": "2012-05-31", 
        "operating_revenue": 67424, 
        "accumulated_operating_revenue": 267468, 
        "long_term_average": 53493, 
        "short_term_average": 59926
    }, 
    {
        "date": "2012-06-30", 
        "operating_revenue": 48255, 
        "accumulated_operating_revenue": 315723, 
        "long_term_average": 52620, 
        "short_term_average": 54274
    }, 
    {
        "date": "2012-07-31", 
        "operating_revenue": 60643, 
        "accumulated_operating_revenue": 376366, 
        "long_term_average": 53766, 
        "short_term_average": 58774
    }, 
    {
        "date": "2012-08-31", 
        "operating_revenue": 59396, 
        "accumulated_operating_revenue": 435762, 
        "long_term_average": 54470, 
        "short_term_average": 56098
    }, 
    {
        "date": "2012-09-30", 
        "operating_revenue": 58778, 
        "accumulated_operating_revenue": 494540, 
        "long_term_average": 54948, 
        "short_term_average": 59605
    }, 
    {
        "date": "2012-10-31", 
        "operating_revenue": 54385, 
        "accumulated_operating_revenue": 548925, 
        "long_term_average": 54892, 
        "short_term_average": 57519
    }, 
    {
        "date": "2012-11-30", 
        "operating_revenue": 55183, 
        "accumulated_operating_revenue": 604108, 
        "long_term_average": 54918, 
        "short_term_average": 56115
    }, 
    {
        "date": "2012-12-31", 
        "operating_revenue": 70807, 
        "accumulated_operating_revenue": 674915, 
        "long_term_average": 56242, 
        "short_term_average": 60125
    }, 
    {
        "accumulated_operating_revenue_yoy": 44.84661166313316, 
        "accumulated_operating_revenue": 56706, 
        "long_term_average": 57706, 
        "date": "2013-01-31", 
        "operating_revenue": 56706, 
        "short_term_average": 60898
    }, 
    {
        "accumulated_operating_revenue_yoy": 45.52276252166773, 
        "accumulated_operating_revenue": 127606, 
        "long_term_average": 59569, 
        "date": "2013-02-28", 
        "operating_revenue": 70900, 
        "short_term_average": 66137
    }, 
    {
        "accumulated_operating_revenue_yoy": 30.018312622629168, 
        "accumulated_operating_revenue": 198798, 
        "long_term_average": 60067, 
        "date": "2013-03-31", 
        "operating_revenue": 71192, 
        "short_term_average": 66266
    }, 
    {
        "accumulated_operating_revenue_yoy": 38.071124352642414, 
        "accumulated_operating_revenue": 276203, 
        "long_term_average": 62589, 
        "date": "2013-04-30", 
        "operating_revenue": 77405, 
        "short_term_average": 73165
    }, 
    {
        "accumulated_operating_revenue_yoy": 32.65586911331449, 
        "accumulated_operating_revenue": 354812, 
        "long_term_average": 63521, 
        "date": "2013-05-31", 
        "operating_revenue": 78609, 
        "short_term_average": 75735
    }, 
    {
        "accumulated_operating_revenue_yoy": 33.99879007864489, 
        "accumulated_operating_revenue": 423065, 
        "long_term_average": 65188, 
        "date": "2013-06-30", 
        "operating_revenue": 68253, 
        "short_term_average": 74755
    }, 
    {
        "accumulated_operating_revenue_yoy": 32.17665782775278, 
        "accumulated_operating_revenue": 497468, 
        "long_term_average": 66334, 
        "date": "2013-07-31", 
        "operating_revenue": 74403, 
        "short_term_average": 73755
    }, 
    {
        "accumulated_operating_revenue_yoy": 27.77135225191733, 
        "accumulated_operating_revenue": 556779, 
        "long_term_average": 66327, 
        "date": "2013-08-31", 
        "operating_revenue": 59311, 
        "short_term_average": 67322
    }, 
    {
        "accumulated_operating_revenue_yoy": 26.90257613135439, 
        "accumulated_operating_revenue": 627584, 
        "long_term_average": 67329, 
        "date": "2013-09-30", 
        "operating_revenue": 70805, 
        "short_term_average": 68173
    }, 
    {
        "accumulated_operating_revenue_yoy": 24.30495969394726, 
        "accumulated_operating_revenue": 682341, 
        "long_term_average": 67360, 
        "date": "2013-10-31", 
        "operating_revenue": 54757, 
        "short_term_average": 61624
    }, 
    {
        "accumulated_operating_revenue_yoy": 20.5161990902289, 
        "accumulated_operating_revenue": 728048, 
        "long_term_average": 66571, 
        "date": "2013-11-30", 
        "operating_revenue": 45707, 
        "short_term_average": 57089
    }, 
    {
        "accumulated_operating_revenue_yoy": 15.14724076365172, 
        "accumulated_operating_revenue": 777146, 
        "long_term_average": 64762, 
        "date": "2013-12-31", 
        "operating_revenue": 49098, 
        "short_term_average": 49854
    }, 
    {
        "accumulated_operating_revenue_yoy": 14.617500793566817, 
        "accumulated_operating_revenue": 64995, 
        "long_term_average": 65452, 
        "date": "2014-01-31", 
        "operating_revenue": 64995, 
        "short_term_average": 53266
    }, 
    {
        "accumulated_operating_revenue_yoy": -13.243107690860931, 
        "accumulated_operating_revenue": 110707, 
        "long_term_average": 63353, 
        "date": "2014-02-28", 
        "operating_revenue": 45712, 
        "short_term_average": 53268
    }, 
    {
        "accumulated_operating_revenue_yoy": -1.6222497208221411, 
        "accumulated_operating_revenue": 195573, 
        "long_term_average": 64493, 
        "date": "2014-03-31", 
        "operating_revenue": 84866, 
        "short_term_average": 65191
    }, 
    {
        "accumulated_operating_revenue_yoy": -6.823604377939414, 
        "accumulated_operating_revenue": 257356, 
        "long_term_average": 63191, 
        "date": "2014-04-30", 
        "operating_revenue": 61783, 
        "short_term_average": 64120
    }, 
    {
        "accumulated_operating_revenue_yoy": -10.457368972864503, 
        "accumulated_operating_revenue": 317708, 
        "long_term_average": 61670, 
        "date": "2014-05-31", 
        "operating_revenue": 60352, 
        "short_term_average": 69000
    }, 
    {
        "accumulated_operating_revenue_yoy": 0.07327479228960089, 
        "accumulated_operating_revenue": 423375, 
        "long_term_average": 64788, 
        "date": "2014-06-30", 
        "operating_revenue": 105667, 
        "short_term_average": 75934
    }, 
    {
        "accumulated_operating_revenue_yoy": 3.679432646924023, 
        "accumulated_operating_revenue": 515772, 
        "long_term_average": 66287, 
        "date": "2014-07-31", 
        "operating_revenue": 92397, 
        "short_term_average": 86138
    }, 
    {
        "accumulated_operating_revenue_yoy": 6.026268950517171, 
        "accumulated_operating_revenue": 590332, 
        "long_term_average": 67558, 
        "date": "2014-08-31", 
        "operating_revenue": 74560, 
        "short_term_average": 90874
    }, 
    {
        "accumulated_operating_revenue_yoy": 8.204479400367122, 
        "accumulated_operating_revenue": 679074, 
        "long_term_average": 69053, 
        "date": "2014-09-30", 
        "operating_revenue": 88742, 
        "short_term_average": 85233
    }, 
    {
        "accumulated_operating_revenue_yoy": 10.63852238103822, 
        "accumulated_operating_revenue": 754932, 
        "long_term_average": 70811, 
        "date": "2014-10-31", 
        "operating_revenue": 75858, 
        "short_term_average": 79720
    }, 
    {
        "accumulated_operating_revenue_yoy": 15.610646550776872, 
        "accumulated_operating_revenue": 841701, 
        "long_term_average": 74233, 
        "date": "2014-11-30", 
        "operating_revenue": 86769, 
        "short_term_average": 83789
    }, 
    {
        "accumulated_operating_revenue_yoy": 20.386516819233453, 
        "accumulated_operating_revenue": 935579, 
        "long_term_average": 77964, 
        "date": "2014-12-31", 
        "operating_revenue": 93878, 
        "short_term_average": 85501
    }, 
    {
        "accumulated_operating_revenue_yoy": 41.24163397184399, 
        "accumulated_operating_revenue": 91800, 
        "long_term_average": 80198, 
        "date": "2015-01-31", 
        "operating_revenue": 91800, 
        "short_term_average": 90815
    }, 
    {
        "accumulated_operating_revenue_yoy": 71.6811041758877, 
        "accumulated_operating_revenue": 190063, 
        "long_term_average": 84577, 
        "date": "2015-02-28", 
        "operating_revenue": 98263, 
        "short_term_average": 94647
    }, 
    {
        "accumulated_operating_revenue_yoy": 52.11148778205581, 
        "accumulated_operating_revenue": 297489, 
        "long_term_average": 86457, 
        "date": "2015-03-31", 
        "operating_revenue": 107426, 
        "short_term_average": 99163
    }, 
    {
        "accumulated_operating_revenue_yoy": 59.4818073019475, 
        "accumulated_operating_revenue": 410436, 
        "long_term_average": 90721, 
        "date": "2015-04-30", 
        "operating_revenue": 112947, 
        "short_term_average": 106212
    }, 
    {
        "accumulated_operating_revenue_yoy": 66.31624006949778, 
        "accumulated_operating_revenue": 528400, 
        "long_term_average": 95522, 
        "date": "2015-05-31", 
        "operating_revenue": 117964, 
        "short_term_average": 112779
    }, 
    {
        "accumulated_operating_revenue_yoy": 54.22379687038678, 
        "accumulated_operating_revenue": 652945, 
        "long_term_average": 97095, 
        "date": "2015-06-30", 
        "operating_revenue": 124545, 
        "short_term_average": 118485
    }, 
    {
        "accumulated_operating_revenue_yoy": 53.09439054465926, 
        "accumulated_operating_revenue": 789618, 
        "long_term_average": 100785, 
        "date": "2015-07-31", 
        "operating_revenue": 136673, 
        "short_term_average": 126394
    }, 
    {
        "accumulated_operating_revenue_yoy": 53.35370605015483, 
        "accumulated_operating_revenue": 905296, 
        "long_term_average": 104211, 
        "date": "2015-08-31", 
        "operating_revenue": 115678, 
        "short_term_average": 125632
    }, 
    {
        "accumulated_operating_revenue_yoy": 48.31152422269149, 
        "accumulated_operating_revenue": 1007145, 
        "long_term_average": 105304, 
        "date": "2015-09-30", 
        "operating_revenue": 101849, 
        "short_term_average": 118066
    }
]