[
    {
        "date": "2011-09-30", 
        "operating_revenue": 32078, 
        "accumulated_operating_revenue": 32078, 
        "long_term_average": 32078, 
        "short_term_average": 32078
    }, 
    {
        "date": "2011-10-31", 
        "operating_revenue": 32593, 
        "accumulated_operating_revenue": 64671, 
        "long_term_average": 32335, 
        "short_term_average": 32335
    }, 
    {
        "date": "2011-11-30", 
        "operating_revenue": 29797, 
        "accumulated_operating_revenue": 94468, 
        "long_term_average": 31489, 
        "short_term_average": 31489
    }, 
    {
        "date": "2011-12-31", 
        "operating_revenue": 28308, 
        "accumulated_operating_revenue": 122776, 
        "long_term_average": 30694, 
        "short_term_average": 30232
    }, 
    {
        "date": "2012-01-31", 
        "operating_revenue": 26803, 
        "accumulated_operating_revenue": 26803, 
        "long_term_average": 29915, 
        "short_term_average": 28302
    }, 
    {
        "date": "2012-02-29", 
        "operating_revenue": 29007, 
        "accumulated_operating_revenue": 55810, 
        "long_term_average": 29764, 
        "short_term_average": 28039
    }, 
    {
        "date": "2012-03-31", 
        "operating_revenue": 37385, 
        "accumulated_operating_revenue": 93195, 
        "long_term_average": 30853, 
        "short_term_average": 31065
    }, 
    {
        "date": "2012-04-30", 
        "operating_revenue": 27730, 
        "accumulated_operating_revenue": 120925, 
        "long_term_average": 30462, 
        "short_term_average": 31374
    }, 
    {
        "date": "2012-05-31", 
        "operating_revenue": 33834, 
        "accumulated_operating_revenue": 154759, 
        "long_term_average": 30837, 
        "short_term_average": 32983
    }, 
    {
        "date": "2012-06-30", 
        "operating_revenue": 38950, 
        "accumulated_operating_revenue": 193709, 
        "long_term_average": 31648, 
        "short_term_average": 33504
    }, 
    {
        "date": "2012-07-31", 
        "operating_revenue": 30837, 
        "accumulated_operating_revenue": 224546, 
        "long_term_average": 31574, 
        "short_term_average": 34540
    }, 
    {
        "date": "2012-08-31", 
        "operating_revenue": 22595, 
        "accumulated_operating_revenue": 247141, 
        "long_term_average": 30826, 
        "short_term_average": 30794
    }, 
    {
        "accumulated_operating_revenue_yoy": 808.984350645302, 
        "accumulated_operating_revenue": 291584, 
        "long_term_average": 31856, 
        "date": "2012-09-30", 
        "operating_revenue": 44443, 
        "short_term_average": 32625
    }, 
    {
        "accumulated_operating_revenue_yoy": 425.68075335157954, 
        "accumulated_operating_revenue": 339963, 
        "long_term_average": 33172, 
        "date": "2012-10-31", 
        "operating_revenue": 48379, 
        "short_term_average": 38472
    }, 
    {
        "accumulated_operating_revenue_yoy": 292.04492526569845, 
        "accumulated_operating_revenue": 370357, 
        "long_term_average": 33222, 
        "date": "2012-11-30", 
        "operating_revenue": 30394, 
        "short_term_average": 41072
    }, 
    {
        "accumulated_operating_revenue_yoy": 238.15077865380857, 
        "accumulated_operating_revenue": 415168, 
        "long_term_average": 34597, 
        "date": "2012-12-31", 
        "operating_revenue": 44811, 
        "short_term_average": 41194
    }, 
    {
        "accumulated_operating_revenue_yoy": -7.812558295713166, 
        "accumulated_operating_revenue": 24709, 
        "long_term_average": 34422, 
        "date": "2013-01-31", 
        "operating_revenue": 24709, 
        "short_term_average": 33304
    }, 
    {
        "accumulated_operating_revenue_yoy": -18.023651675327002, 
        "accumulated_operating_revenue": 45751, 
        "long_term_average": 33759, 
        "date": "2013-02-28", 
        "operating_revenue": 21042, 
        "short_term_average": 30187
    }, 
    {
        "accumulated_operating_revenue_yoy": -16.826009979076133, 
        "accumulated_operating_revenue": 77514, 
        "long_term_average": 33290, 
        "date": "2013-03-31", 
        "operating_revenue": 31763, 
        "short_term_average": 25838
    }, 
    {
        "accumulated_operating_revenue_yoy": -5.803597271035766, 
        "accumulated_operating_revenue": 113907, 
        "long_term_average": 34012, 
        "date": "2013-04-30", 
        "operating_revenue": 36393, 
        "short_term_average": 29732
    }, 
    {
        "accumulated_operating_revenue_yoy": -6.946284222565407, 
        "accumulated_operating_revenue": 144009, 
        "long_term_average": 33701, 
        "date": "2013-05-31", 
        "operating_revenue": 30102, 
        "short_term_average": 32752
    }, 
    {
        "accumulated_operating_revenue_yoy": -9.043462100367046, 
        "accumulated_operating_revenue": 176191, 
        "long_term_average": 33137, 
        "date": "2013-06-30", 
        "operating_revenue": 32182, 
        "short_term_average": 32892
    }, 
    {
        "accumulated_operating_revenue_yoy": -10.05673670428331, 
        "accumulated_operating_revenue": 201964, 
        "long_term_average": 32715, 
        "date": "2013-07-31", 
        "operating_revenue": 25773, 
        "short_term_average": 29352
    }, 
    {
        "accumulated_operating_revenue_yoy": -2.3456245624967123, 
        "accumulated_operating_revenue": 241344, 
        "long_term_average": 34114, 
        "date": "2013-08-31", 
        "operating_revenue": 39380, 
        "short_term_average": 32445
    }, 
    {
        "accumulated_operating_revenue_yoy": -5.989697651448639, 
        "accumulated_operating_revenue": 274119, 
        "long_term_average": 33141, 
        "date": "2013-09-30", 
        "operating_revenue": 32775, 
        "short_term_average": 32642
    }, 
    {
        "accumulated_operating_revenue_yoy": -8.292667143189112, 
        "accumulated_operating_revenue": 311771, 
        "long_term_average": 32248, 
        "date": "2013-10-31", 
        "operating_revenue": 37652, 
        "short_term_average": 36602
    }, 
    {
        "accumulated_operating_revenue_yoy": -10.135355886347497, 
        "accumulated_operating_revenue": 332820, 
        "long_term_average": 31469, 
        "date": "2013-11-30", 
        "operating_revenue": 21049, 
        "short_term_average": 30492
    }, 
    {
        "accumulated_operating_revenue_yoy": -12.481694157545862, 
        "accumulated_operating_revenue": 363348, 
        "long_term_average": 30279, 
        "date": "2013-12-31", 
        "operating_revenue": 30528, 
        "short_term_average": 29743
    }, 
    {
        "accumulated_operating_revenue_yoy": 15.678497713383788, 
        "accumulated_operating_revenue": 28583, 
        "long_term_average": 30601, 
        "date": "2014-01-31", 
        "operating_revenue": 28583, 
        "short_term_average": 26720
    }, 
    {
        "accumulated_operating_revenue_yoy": 26.902144215426986, 
        "accumulated_operating_revenue": 58059, 
        "long_term_average": 31304, 
        "date": "2014-02-28", 
        "operating_revenue": 29476, 
        "short_term_average": 29529
    }, 
    {
        "accumulated_operating_revenue_yoy": 33.44815130170034, 
        "accumulated_operating_revenue": 103441, 
        "long_term_average": 32439, 
        "date": "2014-03-31", 
        "operating_revenue": 45382, 
        "short_term_average": 34480
    }, 
    {
        "accumulated_operating_revenue_yoy": 18.582703433502772, 
        "accumulated_operating_revenue": 135074, 
        "long_term_average": 32042, 
        "date": "2014-04-30", 
        "operating_revenue": 31633, 
        "short_term_average": 35497
    }, 
    {
        "accumulated_operating_revenue_yoy": 26.195584998159838, 
        "accumulated_operating_revenue": 181733, 
        "long_term_average": 33422, 
        "date": "2014-05-31", 
        "operating_revenue": 46659, 
        "short_term_average": 41224
    }, 
    {
        "accumulated_operating_revenue_yoy": 21.59758443961383, 
        "accumulated_operating_revenue": 214244, 
        "long_term_average": 33450, 
        "date": "2014-06-30", 
        "operating_revenue": 32511, 
        "short_term_average": 36934
    }, 
    {
        "accumulated_operating_revenue_yoy": 21.241904497831296, 
        "accumulated_operating_revenue": 244865, 
        "long_term_average": 33854, 
        "date": "2014-07-31", 
        "operating_revenue": 30621, 
        "short_term_average": 36597
    }, 
    {
        "accumulated_operating_revenue_yoy": 17.01223150357995, 
        "accumulated_operating_revenue": 282402, 
        "long_term_average": 33700, 
        "date": "2014-08-31", 
        "operating_revenue": 37537, 
        "short_term_average": 33556
    }, 
    {
        "accumulated_operating_revenue_yoy": 15.209817633947301, 
        "accumulated_operating_revenue": 315812, 
        "long_term_average": 33753, 
        "date": "2014-09-30", 
        "operating_revenue": 33410, 
        "short_term_average": 33856
    }, 
    {
        "accumulated_operating_revenue_yoy": 16.03003486533385, 
        "accumulated_operating_revenue": 361748, 
        "long_term_average": 34443, 
        "date": "2014-10-31", 
        "operating_revenue": 45936, 
        "short_term_average": 38961
    }, 
    {
        "accumulated_operating_revenue_yoy": 20.262904873505196, 
        "accumulated_operating_revenue": 400259, 
        "long_term_average": 35898, 
        "date": "2014-11-30", 
        "operating_revenue": 38511, 
        "short_term_average": 39285
    }, 
    {
        "accumulated_operating_revenue_yoy": 26.129495690082233, 
        "accumulated_operating_revenue": 458289, 
        "long_term_average": 38190, 
        "date": "2014-12-31", 
        "operating_revenue": 58030, 
        "short_term_average": 47492
    }, 
    {
        "accumulated_operating_revenue_yoy": 41.878039394045416, 
        "accumulated_operating_revenue": 40553, 
        "long_term_average": 39188, 
        "date": "2015-01-31", 
        "operating_revenue": 40553, 
        "short_term_average": 45698
    }, 
    {
        "accumulated_operating_revenue_yoy": 30.02463011763895, 
        "accumulated_operating_revenue": 75491, 
        "long_term_average": 39643, 
        "date": "2015-02-28", 
        "operating_revenue": 34938, 
        "short_term_average": 44507
    }, 
    {
        "accumulated_operating_revenue_yoy": 3.669724770642202, 
        "accumulated_operating_revenue": 107237, 
        "long_term_average": 38507, 
        "date": "2015-03-31", 
        "operating_revenue": 31746, 
        "short_term_average": 35745
    }, 
    {
        "accumulated_operating_revenue_yoy": 6.185498319439715, 
        "accumulated_operating_revenue": 143429, 
        "long_term_average": 38887, 
        "date": "2015-04-30", 
        "operating_revenue": 36192, 
        "short_term_average": 34292
    }, 
    {
        "accumulated_operating_revenue_yoy": 0.49963407856580805, 
        "accumulated_operating_revenue": 182641, 
        "long_term_average": 38266, 
        "date": "2015-05-31", 
        "operating_revenue": 39212, 
        "short_term_average": 35716
    }, 
    {
        "accumulated_operating_revenue_yoy": 5.047049158902933, 
        "accumulated_operating_revenue": 225057, 
        "long_term_average": 39091, 
        "date": "2015-06-30", 
        "operating_revenue": 42416, 
        "short_term_average": 39273
    }, 
    {
        "accumulated_operating_revenue_yoy": 9.125844853286505, 
        "accumulated_operating_revenue": 267211, 
        "long_term_average": 40052, 
        "date": "2015-07-31", 
        "operating_revenue": 42154, 
        "short_term_average": 41260
    }, 
    {
        "accumulated_operating_revenue_yoy": 10.045608742147719, 
        "accumulated_operating_revenue": 310771, 
        "long_term_average": 40554, 
        "date": "2015-08-31", 
        "operating_revenue": 43560, 
        "short_term_average": 42710
    }
]