[
    {
        "date": "2012-07-31", 
        "operating_revenue": 1365, 
        "accumulated_operating_revenue": 1365, 
        "long_term_average": 1365, 
        "short_term_average": 1365
    }, 
    {
        "date": "2012-08-31", 
        "operating_revenue": 9262, 
        "accumulated_operating_revenue": 10627, 
        "long_term_average": 5313, 
        "short_term_average": 5313
    }, 
    {
        "date": "2012-09-30", 
        "operating_revenue": 5494, 
        "accumulated_operating_revenue": 16121, 
        "long_term_average": 5373, 
        "short_term_average": 5373
    }, 
    {
        "date": "2012-10-31", 
        "operating_revenue": 5347, 
        "accumulated_operating_revenue": 21468, 
        "long_term_average": 5367, 
        "short_term_average": 6701
    }, 
    {
        "date": "2012-11-30", 
        "operating_revenue": 5306, 
        "accumulated_operating_revenue": 26774, 
        "long_term_average": 5354, 
        "short_term_average": 5382
    }, 
    {
        "date": "2012-12-31", 
        "operating_revenue": 6107, 
        "accumulated_operating_revenue": 32881, 
        "long_term_average": 5480, 
        "short_term_average": 5586
    }, 
    {
        "date": "2013-01-31", 
        "operating_revenue": 5240, 
        "accumulated_operating_revenue": 5240, 
        "long_term_average": 5445, 
        "short_term_average": 5551
    }, 
    {
        "date": "2013-02-28", 
        "operating_revenue": 5519, 
        "accumulated_operating_revenue": 10759, 
        "long_term_average": 5455, 
        "short_term_average": 5622
    }, 
    {
        "date": "2013-03-31", 
        "operating_revenue": 5889, 
        "accumulated_operating_revenue": 16648, 
        "long_term_average": 5503, 
        "short_term_average": 5549
    }, 
    {
        "date": "2013-04-30", 
        "operating_revenue": 5603, 
        "accumulated_operating_revenue": 22251, 
        "long_term_average": 5513, 
        "short_term_average": 5670
    }, 
    {
        "date": "2013-05-31", 
        "operating_revenue": 5619, 
        "accumulated_operating_revenue": 27870, 
        "long_term_average": 5522, 
        "short_term_average": 5703
    }, 
    {
        "date": "2013-06-30", 
        "operating_revenue": 6431, 
        "accumulated_operating_revenue": 34301, 
        "long_term_average": 5598, 
        "short_term_average": 5884
    }, 
    {
        "accumulated_operating_revenue_yoy": 2827.106227106227, 
        "accumulated_operating_revenue": 39955, 
        "long_term_average": 5955, 
        "date": "2013-07-31", 
        "operating_revenue": 5654, 
        "short_term_average": 5901
    }, 
    {
        "accumulated_operating_revenue_yoy": 329.6038392773125, 
        "accumulated_operating_revenue": 45654, 
        "long_term_average": 5659, 
        "date": "2013-08-31", 
        "operating_revenue": 5699, 
        "short_term_average": 5928
    }, 
    {
        "accumulated_operating_revenue_yoy": 220.16624278890887, 
        "accumulated_operating_revenue": 51614, 
        "long_term_average": 5697, 
        "date": "2013-09-30", 
        "operating_revenue": 5960, 
        "short_term_average": 5771
    }, 
    {
        "accumulated_operating_revenue_yoy": 167.7240544065586, 
        "accumulated_operating_revenue": 57475, 
        "long_term_average": 5740, 
        "date": "2013-10-31", 
        "operating_revenue": 5861, 
        "short_term_average": 5840
    }, 
    {
        "accumulated_operating_revenue_yoy": 136.84918204227984, 
        "accumulated_operating_revenue": 63414, 
        "long_term_average": 5793, 
        "date": "2013-11-30", 
        "operating_revenue": 5939, 
        "short_term_average": 5920
    }, 
    {
        "accumulated_operating_revenue_yoy": 112.5087436513488, 
        "accumulated_operating_revenue": 69875, 
        "long_term_average": 5822, 
        "date": "2013-12-31", 
        "operating_revenue": 6461, 
        "short_term_average": 6087
    }, 
    {
        "accumulated_operating_revenue_yoy": 587.9198473282443, 
        "accumulated_operating_revenue": 36047, 
        "long_term_average": 8390, 
        "date": "2014-01-31", 
        "operating_revenue": 36047, 
        "short_term_average": 16149
    }, 
    {
        "accumulated_operating_revenue_yoy": 291.1608885584162, 
        "accumulated_operating_revenue": 42085, 
        "long_term_average": 8433, 
        "date": "2014-02-28", 
        "operating_revenue": 6038, 
        "short_term_average": 16182
    }, 
    {
        "accumulated_operating_revenue_yoy": 190.2691013935608, 
        "accumulated_operating_revenue": 48324, 
        "long_term_average": 8462, 
        "date": "2014-03-31", 
        "operating_revenue": 6239, 
        "short_term_average": 16108
    }, 
    {
        "accumulated_operating_revenue_yoy": 144.00701092085748, 
        "accumulated_operating_revenue": 54294, 
        "long_term_average": 8493, 
        "date": "2014-04-30", 
        "operating_revenue": 5970, 
        "short_term_average": 6082
    }, 
    {
        "accumulated_operating_revenue_yoy": 118.16289917473985, 
        "accumulated_operating_revenue": 60802, 
        "long_term_average": 8567, 
        "date": "2014-05-31", 
        "operating_revenue": 6508, 
        "short_term_average": 6239
    }, 
    {
        "accumulated_operating_revenue_yoy": 95.06719920702021, 
        "accumulated_operating_revenue": 66910, 
        "long_term_average": 8540, 
        "date": "2014-06-30", 
        "operating_revenue": 6108, 
        "short_term_average": 6195
    }, 
    {
        "accumulated_operating_revenue_yoy": 83.17357026654987, 
        "accumulated_operating_revenue": 73187, 
        "long_term_average": 8592, 
        "date": "2014-07-31", 
        "operating_revenue": 6277, 
        "short_term_average": 6297
    }, 
    {
        "accumulated_operating_revenue_yoy": 73.17212073421825, 
        "accumulated_operating_revenue": 79060, 
        "long_term_average": 8606, 
        "date": "2014-08-31", 
        "operating_revenue": 5873, 
        "short_term_average": 6086
    }, 
    {
        "accumulated_operating_revenue_yoy": 65.90266206843106, 
        "accumulated_operating_revenue": 85629, 
        "long_term_average": 8657, 
        "date": "2014-09-30", 
        "operating_revenue": 6569, 
        "short_term_average": 6239
    }, 
    {
        "accumulated_operating_revenue_yoy": 60.08699434536755, 
        "accumulated_operating_revenue": 92010, 
        "long_term_average": 8700, 
        "date": "2014-10-31", 
        "operating_revenue": 6381, 
        "short_term_average": 6274
    }, 
    {
        "accumulated_operating_revenue_yoy": 54.89797205664364, 
        "accumulated_operating_revenue": 98227, 
        "long_term_average": 8724, 
        "date": "2014-11-30", 
        "operating_revenue": 6217, 
        "short_term_average": 6389
    }, 
    {
        "accumulated_operating_revenue_yoy": 49.69159212880143, 
        "accumulated_operating_revenue": 104597, 
        "long_term_average": 8716, 
        "date": "2014-12-31", 
        "operating_revenue": 6370, 
        "short_term_average": 6322
    }, 
    {
        "accumulated_operating_revenue_yoy": -82.81965212084224, 
        "accumulated_operating_revenue": 6193, 
        "long_term_average": 6228, 
        "date": "2015-01-31", 
        "operating_revenue": 6193, 
        "short_term_average": 6260
    }, 
    {
        "accumulated_operating_revenue_yoy": -69.76357371985267, 
        "accumulated_operating_revenue": 12725, 
        "long_term_average": 6269, 
        "date": "2015-02-28", 
        "operating_revenue": 6532, 
        "short_term_average": 6365
    }, 
    {
        "accumulated_operating_revenue_yoy": -61.116629418094526, 
        "accumulated_operating_revenue": 18790, 
        "long_term_average": 6255, 
        "date": "2015-03-31", 
        "operating_revenue": 6065, 
        "short_term_average": 6263
    }, 
    {
        "accumulated_operating_revenue_yoy": -51.67974361807934, 
        "accumulated_operating_revenue": 26235, 
        "long_term_average": 6378, 
        "date": "2015-04-30", 
        "operating_revenue": 7445, 
        "short_term_average": 6680
    }, 
    {
        "accumulated_operating_revenue_yoy": -45.774810039143446, 
        "accumulated_operating_revenue": 32970, 
        "long_term_average": 6397, 
        "date": "2015-05-31", 
        "operating_revenue": 6735, 
        "short_term_average": 6748
    }, 
    {
        "accumulated_operating_revenue_yoy": -41.39739949185473, 
        "accumulated_operating_revenue": 39211, 
        "long_term_average": 6408, 
        "date": "2015-06-30", 
        "operating_revenue": 6241, 
        "short_term_average": 6807
    }, 
    {
        "accumulated_operating_revenue_yoy": -36.56387063276265, 
        "accumulated_operating_revenue": 46427, 
        "long_term_average": 6486, 
        "date": "2015-07-31", 
        "operating_revenue": 7216, 
        "short_term_average": 6730
    }, 
    {
        "accumulated_operating_revenue_yoy": -33.00404755881609, 
        "accumulated_operating_revenue": 52967, 
        "long_term_average": 6542, 
        "date": "2015-08-31", 
        "operating_revenue": 6540, 
        "short_term_average": 6665
    }, 
    {
        "accumulated_operating_revenue_yoy": -31.19971037849327, 
        "accumulated_operating_revenue": 58913, 
        "long_term_average": 6490, 
        "date": "2015-09-30", 
        "operating_revenue": 5946, 
        "short_term_average": 6567
    }, 
    {
        "accumulated_operating_revenue_yoy": -28.180632539941307, 
        "accumulated_operating_revenue": 66081, 
        "long_term_average": 6555, 
        "date": "2015-10-31", 
        "operating_revenue": 7168, 
        "short_term_average": 6551
    }
]