[
    {
        "date": "2012-01-31", 
        "operating_revenue": 18196, 
        "accumulated_operating_revenue": 18196, 
        "long_term_average": 18196, 
        "short_term_average": 18196
    }, 
    {
        "date": "2012-02-29", 
        "operating_revenue": 18294, 
        "accumulated_operating_revenue": 36490, 
        "long_term_average": 18245, 
        "short_term_average": 18245
    }, 
    {
        "date": "2012-03-31", 
        "operating_revenue": 34951, 
        "accumulated_operating_revenue": 71441, 
        "long_term_average": 23813, 
        "short_term_average": 23813
    }, 
    {
        "date": "2012-04-30", 
        "operating_revenue": 24959, 
        "accumulated_operating_revenue": 96400, 
        "long_term_average": 24100, 
        "short_term_average": 26068
    }, 
    {
        "date": "2012-05-31", 
        "operating_revenue": 29147, 
        "accumulated_operating_revenue": 125547, 
        "long_term_average": 25109, 
        "short_term_average": 29685
    }, 
    {
        "date": "2012-06-30", 
        "operating_revenue": 27632, 
        "accumulated_operating_revenue": 153179, 
        "long_term_average": 25529, 
        "short_term_average": 27246
    }, 
    {
        "date": "2012-07-31", 
        "operating_revenue": 23787, 
        "accumulated_operating_revenue": 176966, 
        "long_term_average": 25280, 
        "short_term_average": 26855
    }, 
    {
        "date": "2012-08-31", 
        "operating_revenue": 24169, 
        "accumulated_operating_revenue": 201135, 
        "long_term_average": 25141, 
        "short_term_average": 25196
    }, 
    {
        "date": "2012-09-30", 
        "operating_revenue": 24172, 
        "accumulated_operating_revenue": 225307, 
        "long_term_average": 25034, 
        "short_term_average": 24042
    }, 
    {
        "date": "2012-10-31", 
        "operating_revenue": 17277, 
        "accumulated_operating_revenue": 242584, 
        "long_term_average": 24258, 
        "short_term_average": 21872
    }, 
    {
        "date": "2012-11-30", 
        "operating_revenue": 16856, 
        "accumulated_operating_revenue": 259440, 
        "long_term_average": 23585, 
        "short_term_average": 19435
    }, 
    {
        "date": "2012-12-31", 
        "operating_revenue": 10331, 
        "accumulated_operating_revenue": 269771, 
        "long_term_average": 22480, 
        "short_term_average": 14821
    }, 
    {
        "accumulated_operating_revenue_yoy": -16.09694438338096, 
        "accumulated_operating_revenue": 15267, 
        "long_term_average": 22236, 
        "date": "2013-01-31", 
        "operating_revenue": 15267, 
        "short_term_average": 14151
    }, 
    {
        "accumulated_operating_revenue_yoy": 1.2935050698821595, 
        "accumulated_operating_revenue": 36962, 
        "long_term_average": 22520, 
        "date": "2013-02-28", 
        "operating_revenue": 21695, 
        "short_term_average": 15764
    }, 
    {
        "accumulated_operating_revenue_yoy": -25.542755560532466, 
        "accumulated_operating_revenue": 53193, 
        "long_term_average": 20960, 
        "date": "2013-03-31", 
        "operating_revenue": 16231, 
        "short_term_average": 17731
    }, 
    {
        "accumulated_operating_revenue_yoy": -27.18775933609959, 
        "accumulated_operating_revenue": 70191, 
        "long_term_average": 20296, 
        "date": "2013-04-30", 
        "operating_revenue": 16998, 
        "short_term_average": 18308
    }, 
    {
        "accumulated_operating_revenue_yoy": -29.38501119102806, 
        "accumulated_operating_revenue": 88655, 
        "long_term_average": 19406, 
        "date": "2013-05-31", 
        "operating_revenue": 18464, 
        "short_term_average": 17231
    }, 
    {
        "accumulated_operating_revenue_yoy": -27.475045534962366, 
        "accumulated_operating_revenue": 111093, 
        "long_term_average": 18973, 
        "date": "2013-06-30", 
        "operating_revenue": 22438, 
        "short_term_average": 19300
    }, 
    {
        "accumulated_operating_revenue_yoy": -26.085801792434705, 
        "accumulated_operating_revenue": 130803, 
        "long_term_average": 18634, 
        "date": "2013-07-31", 
        "operating_revenue": 19710, 
        "short_term_average": 20204
    }, 
    {
        "accumulated_operating_revenue_yoy": -25.58828647425858, 
        "accumulated_operating_revenue": 149668, 
        "long_term_average": 18192, 
        "date": "2013-08-31", 
        "operating_revenue": 18865, 
        "short_term_average": 20337
    }, 
    {
        "accumulated_operating_revenue_yoy": -25.575326110595764, 
        "accumulated_operating_revenue": 167684, 
        "long_term_average": 17679, 
        "date": "2013-09-30", 
        "operating_revenue": 18016, 
        "short_term_average": 18863
    }, 
    {
        "accumulated_operating_revenue_yoy": -21.525739537644693, 
        "accumulated_operating_revenue": 190366, 
        "long_term_average": 18129, 
        "date": "2013-10-31", 
        "operating_revenue": 22682, 
        "short_term_average": 19854
    }, 
    {
        "accumulated_operating_revenue_yoy": -15.928538390379279, 
        "accumulated_operating_revenue": 218115, 
        "long_term_average": 19037, 
        "date": "2013-11-30", 
        "operating_revenue": 27749, 
        "short_term_average": 22815
    }, 
    {
        "accumulated_operating_revenue_yoy": -11.560545796249412, 
        "accumulated_operating_revenue": 238584, 
        "long_term_average": 19882, 
        "date": "2013-12-31", 
        "operating_revenue": 20469, 
        "short_term_average": 23633
    }, 
    {
        "accumulated_operating_revenue_yoy": 35.756861203903846, 
        "accumulated_operating_revenue": 20726, 
        "long_term_average": 20336, 
        "date": "2014-01-31", 
        "operating_revenue": 20726, 
        "short_term_average": 22981
    }, 
    {
        "accumulated_operating_revenue_yoy": -6.260483740057356, 
        "accumulated_operating_revenue": 34648, 
        "long_term_average": 19689, 
        "date": "2014-02-28", 
        "operating_revenue": 13922, 
        "short_term_average": 18372
    }, 
    {
        "accumulated_operating_revenue_yoy": 13.174665839490157, 
        "accumulated_operating_revenue": 60201, 
        "long_term_average": 20466, 
        "date": "2014-03-31", 
        "operating_revenue": 25553, 
        "short_term_average": 20067
    }, 
    {
        "accumulated_operating_revenue_yoy": 17.287116581897962, 
        "accumulated_operating_revenue": 82325, 
        "long_term_average": 20893, 
        "date": "2014-04-30", 
        "operating_revenue": 22124, 
        "short_term_average": 20533
    }, 
    {
        "accumulated_operating_revenue_yoy": 22.088996672494503, 
        "accumulated_operating_revenue": 108238, 
        "long_term_average": 21513, 
        "date": "2014-05-31", 
        "operating_revenue": 25913, 
        "short_term_average": 24530
    }, 
    {
        "accumulated_operating_revenue_yoy": 16.563599866778283, 
        "accumulated_operating_revenue": 129494, 
        "long_term_average": 21415, 
        "date": "2014-06-30", 
        "operating_revenue": 21256, 
        "short_term_average": 23097
    }, 
    {
        "accumulated_operating_revenue_yoy": 8.84154033164377, 
        "accumulated_operating_revenue": 142368, 
        "long_term_average": 20845, 
        "date": "2014-07-31", 
        "operating_revenue": 12874, 
        "short_term_average": 20014
    }, 
    {
        "accumulated_operating_revenue_yoy": 3.354758532217976, 
        "accumulated_operating_revenue": 154689, 
        "long_term_average": 20300, 
        "date": "2014-08-31", 
        "operating_revenue": 12321, 
        "short_term_average": 15483
    }, 
    {
        "accumulated_operating_revenue_yoy": -1.6077860738054912, 
        "accumulated_operating_revenue": 164988, 
        "long_term_average": 19657, 
        "date": "2014-09-30", 
        "operating_revenue": 10299, 
        "short_term_average": 11831
    }, 
    {
        "accumulated_operating_revenue_yoy": -4.347940283453978, 
        "accumulated_operating_revenue": 182089, 
        "long_term_average": 19192, 
        "date": "2014-10-31", 
        "operating_revenue": 17101, 
        "short_term_average": 13240
    }, 
    {
        "accumulated_operating_revenue_yoy": -9.935584439401234, 
        "accumulated_operating_revenue": 196444, 
        "long_term_average": 18076, 
        "date": "2014-11-30", 
        "operating_revenue": 14355, 
        "short_term_average": 13918
    }, 
    {
        "accumulated_operating_revenue_yoy": -8.450692418603092, 
        "accumulated_operating_revenue": 218422, 
        "long_term_average": 18201, 
        "date": "2014-12-31", 
        "operating_revenue": 21978, 
        "short_term_average": 17811
    }, 
    {
        "accumulated_operating_revenue_yoy": -29.817620380198782, 
        "accumulated_operating_revenue": 14546, 
        "long_term_average": 17686, 
        "date": "2015-01-31", 
        "operating_revenue": 14546, 
        "short_term_average": 16959
    }, 
    {
        "accumulated_operating_revenue_yoy": -23.868621565458323, 
        "accumulated_operating_revenue": 26378, 
        "long_term_average": 17512, 
        "date": "2015-02-28", 
        "operating_revenue": 11832, 
        "short_term_average": 16118
    }, 
    {
        "accumulated_operating_revenue_yoy": -19.446520821913257, 
        "accumulated_operating_revenue": 48494, 
        "long_term_average": 17226, 
        "date": "2015-03-31", 
        "operating_revenue": 22116, 
        "short_term_average": 16164
    }, 
    {
        "accumulated_operating_revenue_yoy": -14.503492256301245, 
        "accumulated_operating_revenue": 70385, 
        "long_term_average": 17206, 
        "date": "2015-04-30", 
        "operating_revenue": 21891, 
        "short_term_average": 18613
    }, 
    {
        "accumulated_operating_revenue_yoy": -4.110386370775513, 
        "accumulated_operating_revenue": 103789, 
        "long_term_average": 17831, 
        "date": "2015-05-31", 
        "operating_revenue": 33404, 
        "short_term_average": 25803
    }, 
    {
        "accumulated_operating_revenue_yoy": -0.7459805087494401, 
        "accumulated_operating_revenue": 128528, 
        "long_term_average": 18121, 
        "date": "2015-06-30", 
        "operating_revenue": 24739, 
        "short_term_average": 26678
    }, 
    {
        "accumulated_operating_revenue_yoy": 6.635620364126769, 
        "accumulated_operating_revenue": 151815, 
        "long_term_average": 18989, 
        "date": "2015-07-31", 
        "operating_revenue": 23287, 
        "short_term_average": 27143
    }, 
    {
        "accumulated_operating_revenue_yoy": 11.337587029459108, 
        "accumulated_operating_revenue": 172227, 
        "long_term_average": 19663, 
        "date": "2015-08-31", 
        "operating_revenue": 20412, 
        "short_term_average": 22812
    }, 
    {
        "accumulated_operating_revenue_yoy": 17.84978301452227, 
        "accumulated_operating_revenue": 194438, 
        "long_term_average": 20656, 
        "date": "2015-09-30", 
        "operating_revenue": 22211, 
        "short_term_average": 21970
    }
]