[
    {
        "date": "2012-01-31", 
        "operating_revenue": 23063, 
        "accumulated_operating_revenue": 23063, 
        "long_term_average": 23063, 
        "short_term_average": 23063
    }, 
    {
        "date": "2012-02-29", 
        "operating_revenue": 18084, 
        "accumulated_operating_revenue": 41147, 
        "long_term_average": 20573, 
        "short_term_average": 20573
    }, 
    {
        "date": "2012-03-31", 
        "operating_revenue": 32289, 
        "accumulated_operating_revenue": 73436, 
        "long_term_average": 24478, 
        "short_term_average": 24478
    }, 
    {
        "date": "2012-04-30", 
        "operating_revenue": 31620, 
        "accumulated_operating_revenue": 105056, 
        "long_term_average": 26264, 
        "short_term_average": 27331
    }, 
    {
        "date": "2012-05-31", 
        "operating_revenue": 34752, 
        "accumulated_operating_revenue": 139808, 
        "long_term_average": 27961, 
        "short_term_average": 32887
    }, 
    {
        "date": "2012-06-30", 
        "operating_revenue": 21605, 
        "accumulated_operating_revenue": 161413, 
        "long_term_average": 26902, 
        "short_term_average": 29325
    }, 
    {
        "date": "2012-07-31", 
        "operating_revenue": 31258, 
        "accumulated_operating_revenue": 192671, 
        "long_term_average": 27524, 
        "short_term_average": 29205
    }, 
    {
        "date": "2012-08-31", 
        "operating_revenue": 26740, 
        "accumulated_operating_revenue": 219411, 
        "long_term_average": 27426, 
        "short_term_average": 26534
    }, 
    {
        "date": "2012-09-30", 
        "operating_revenue": 22093, 
        "accumulated_operating_revenue": 241504, 
        "long_term_average": 26833, 
        "short_term_average": 26697
    }, 
    {
        "date": "2012-10-31", 
        "operating_revenue": 32747, 
        "accumulated_operating_revenue": 274251, 
        "long_term_average": 27425, 
        "short_term_average": 27193
    }, 
    {
        "date": "2012-11-30", 
        "operating_revenue": 31274, 
        "accumulated_operating_revenue": 305525, 
        "long_term_average": 27775, 
        "short_term_average": 28704
    }, 
    {
        "date": "2012-12-31", 
        "operating_revenue": 28610, 
        "accumulated_operating_revenue": 334135, 
        "long_term_average": 27844, 
        "short_term_average": 30877
    }, 
    {
        "accumulated_operating_revenue_yoy": 38.221393574123056, 
        "accumulated_operating_revenue": 31878, 
        "long_term_average": 28579, 
        "date": "2013-01-31", 
        "operating_revenue": 31878, 
        "short_term_average": 30587
    }, 
    {
        "accumulated_operating_revenue_yoy": 54.261550052251685, 
        "accumulated_operating_revenue": 63474, 
        "long_term_average": 29705, 
        "date": "2013-02-28", 
        "operating_revenue": 31596, 
        "short_term_average": 30694
    }, 
    {
        "accumulated_operating_revenue_yoy": 32.3778528242279, 
        "accumulated_operating_revenue": 97213, 
        "long_term_average": 29826, 
        "date": "2013-03-31", 
        "operating_revenue": 33739, 
        "short_term_average": 32404
    }, 
    {
        "accumulated_operating_revenue_yoy": 26.845682302771856, 
        "accumulated_operating_revenue": 133259, 
        "long_term_average": 30194, 
        "date": "2013-04-30", 
        "operating_revenue": 36046, 
        "short_term_average": 33793
    }, 
    {
        "accumulated_operating_revenue_yoy": 21.442978942549782, 
        "accumulated_operating_revenue": 169787, 
        "long_term_average": 30342, 
        "date": "2013-05-31", 
        "operating_revenue": 36528, 
        "short_term_average": 35437
    }, 
    {
        "accumulated_operating_revenue_yoy": 29.270876571279885, 
        "accumulated_operating_revenue": 208660, 
        "long_term_average": 31781, 
        "date": "2013-06-30", 
        "operating_revenue": 38873, 
        "short_term_average": 37149
    }, 
    {
        "accumulated_operating_revenue_yoy": 28.540880568430122, 
        "accumulated_operating_revenue": 247661, 
        "long_term_average": 32427, 
        "date": "2013-07-31", 
        "operating_revenue": 39001, 
        "short_term_average": 38134
    }, 
    {
        "accumulated_operating_revenue_yoy": 32.27686852527904, 
        "accumulated_operating_revenue": 290230, 
        "long_term_average": 33746, 
        "date": "2013-08-31", 
        "operating_revenue": 42569, 
        "short_term_average": 40147
    }, 
    {
        "accumulated_operating_revenue_yoy": 37.93229097654697, 
        "accumulated_operating_revenue": 333112, 
        "long_term_average": 35478, 
        "date": "2013-09-30", 
        "operating_revenue": 42882, 
        "short_term_average": 41484
    }, 
    {
        "accumulated_operating_revenue_yoy": 36.07315925921875, 
        "accumulated_operating_revenue": 373182, 
        "long_term_average": 36088, 
        "date": "2013-10-31", 
        "operating_revenue": 40070, 
        "short_term_average": 41840
    }, 
    {
        "accumulated_operating_revenue_yoy": 35.941412323050486, 
        "accumulated_operating_revenue": 415335, 
        "long_term_average": 36995, 
        "date": "2013-11-30", 
        "operating_revenue": 42153, 
        "short_term_average": 41701
    }, 
    {
        "accumulated_operating_revenue_yoy": 35.242641447319194, 
        "accumulated_operating_revenue": 451893, 
        "long_term_average": 37657, 
        "date": "2013-12-31", 
        "operating_revenue": 36558, 
        "short_term_average": 39593
    }, 
    {
        "accumulated_operating_revenue_yoy": 2.189597841771755, 
        "accumulated_operating_revenue": 32576, 
        "long_term_average": 37715, 
        "date": "2014-01-31", 
        "operating_revenue": 32576, 
        "short_term_average": 37095
    }, 
    {
        "accumulated_operating_revenue_yoy": 2.667233828024073, 
        "accumulated_operating_revenue": 65167, 
        "long_term_average": 37798, 
        "date": "2014-02-28", 
        "operating_revenue": 32591, 
        "short_term_average": 33908
    }, 
    {
        "accumulated_operating_revenue_yoy": -0.16767304784339543, 
        "accumulated_operating_revenue": 97050, 
        "long_term_average": 37644, 
        "date": "2014-03-31", 
        "operating_revenue": 31883, 
        "short_term_average": 32350
    }, 
    {
        "accumulated_operating_revenue_yoy": 0.6993899098747551, 
        "accumulated_operating_revenue": 134191, 
        "long_term_average": 37735, 
        "date": "2014-04-30", 
        "operating_revenue": 37141, 
        "short_term_average": 33871
    }, 
    {
        "accumulated_operating_revenue_yoy": 1.8711679928380853, 
        "accumulated_operating_revenue": 172964, 
        "long_term_average": 37922, 
        "date": "2014-05-31", 
        "operating_revenue": 38773, 
        "short_term_average": 35932
    }, 
    {
        "accumulated_operating_revenue_yoy": 1.993673919294546, 
        "accumulated_operating_revenue": 212820, 
        "long_term_average": 38004, 
        "date": "2014-06-30", 
        "operating_revenue": 39856, 
        "short_term_average": 38590
    }, 
    {
        "accumulated_operating_revenue_yoy": -0.39247196773008264, 
        "accumulated_operating_revenue": 246689, 
        "long_term_average": 37576, 
        "date": "2014-07-31", 
        "operating_revenue": 33869, 
        "short_term_average": 37499
    }, 
    {
        "accumulated_operating_revenue_yoy": -2.749888019846329, 
        "accumulated_operating_revenue": 282249, 
        "long_term_average": 36992, 
        "date": "2014-08-31", 
        "operating_revenue": 35560, 
        "short_term_average": 36428
    }, 
    {
        "accumulated_operating_revenue_yoy": -3.5492567064530847, 
        "accumulated_operating_revenue": 321289, 
        "long_term_average": 36672, 
        "date": "2014-09-30", 
        "operating_revenue": 39040, 
        "short_term_average": 36156
    }, 
    {
        "accumulated_operating_revenue_yoy": -4.164187983343249, 
        "accumulated_operating_revenue": 357642, 
        "long_term_average": 36362, 
        "date": "2014-10-31", 
        "operating_revenue": 36353, 
        "short_term_average": 36984
    }, 
    {
        "accumulated_operating_revenue_yoy": -5.577906990742413, 
        "accumulated_operating_revenue": 392168, 
        "long_term_average": 35727, 
        "date": "2014-11-30", 
        "operating_revenue": 34526, 
        "short_term_average": 36639
    }, 
    {
        "accumulated_operating_revenue_yoy": -0.3730971712330131, 
        "accumulated_operating_revenue": 450207, 
        "long_term_average": 37517, 
        "date": "2014-12-31", 
        "operating_revenue": 58039, 
        "short_term_average": 42972
    }, 
    {
        "accumulated_operating_revenue_yoy": 30.83251473477407, 
        "accumulated_operating_revenue": 42620, 
        "long_term_average": 38354, 
        "date": "2015-01-31", 
        "operating_revenue": 42620, 
        "short_term_average": 45061
    }, 
    {
        "accumulated_operating_revenue_yoy": 13.77844614605552, 
        "accumulated_operating_revenue": 74146, 
        "long_term_average": 38265, 
        "date": "2015-02-28", 
        "operating_revenue": 31526, 
        "short_term_average": 44061
    }, 
    {
        "accumulated_operating_revenue_yoy": 18.705821741370425, 
        "accumulated_operating_revenue": 115204, 
        "long_term_average": 39030, 
        "date": "2015-03-31", 
        "operating_revenue": 41058, 
        "short_term_average": 38401
    }, 
    {
        "accumulated_operating_revenue_yoy": 16.5644491806455, 
        "accumulated_operating_revenue": 156419, 
        "long_term_average": 39369, 
        "date": "2015-04-30", 
        "operating_revenue": 41215, 
        "short_term_average": 37933
    }, 
    {
        "accumulated_operating_revenue_yoy": 13.576235517217455, 
        "accumulated_operating_revenue": 196446, 
        "long_term_average": 39474, 
        "date": "2015-05-31", 
        "operating_revenue": 40027, 
        "short_term_average": 40766
    }, 
    {
        "accumulated_operating_revenue_yoy": 9.522601259280144, 
        "accumulated_operating_revenue": 233086, 
        "long_term_average": 39206, 
        "date": "2015-06-30", 
        "operating_revenue": 36640, 
        "short_term_average": 39294
    }, 
    {
        "accumulated_operating_revenue_yoy": 7.951712480086262, 
        "accumulated_operating_revenue": 266305, 
        "long_term_average": 39151, 
        "date": "2015-07-31", 
        "operating_revenue": 33219, 
        "short_term_average": 36628
    }, 
    {
        "accumulated_operating_revenue_yoy": 5.353429064407669, 
        "accumulated_operating_revenue": 297359, 
        "long_term_average": 38776, 
        "date": "2015-08-31", 
        "operating_revenue": 31054, 
        "short_term_average": 33637
    }, 
    {
        "accumulated_operating_revenue_yoy": 3.862877347185867, 
        "accumulated_operating_revenue": 333700, 
        "long_term_average": 38551, 
        "date": "2015-09-30", 
        "operating_revenue": 36341, 
        "short_term_average": 33538
    }
]