[
    {
        "date": "2012-02-29", 
        "operating_revenue": 149650, 
        "accumulated_operating_revenue": 149650, 
        "long_term_average": 149650, 
        "short_term_average": 149650
    }, 
    {
        "date": "2012-03-31", 
        "operating_revenue": 7528, 
        "accumulated_operating_revenue": 157178, 
        "long_term_average": 78589, 
        "short_term_average": 78589
    }, 
    {
        "date": "2012-06-30", 
        "operating_revenue": 8798, 
        "accumulated_operating_revenue": 165976, 
        "long_term_average": 55325, 
        "short_term_average": 55325
    }, 
    {
        "date": "2012-09-30", 
        "operating_revenue": 8050, 
        "accumulated_operating_revenue": 174026, 
        "long_term_average": 43506, 
        "short_term_average": 8125
    }, 
    {
        "date": "2012-12-31", 
        "operating_revenue": 9999, 
        "accumulated_operating_revenue": 184025, 
        "long_term_average": 36805, 
        "short_term_average": 8949
    }, 
    {
        "date": "2013-01-31", 
        "operating_revenue": 2292, 
        "accumulated_operating_revenue": 2292, 
        "long_term_average": 31052, 
        "short_term_average": 6780
    }, 
    {
        "accumulated_operating_revenue_yoy": -97.49682592716337, 
        "accumulated_operating_revenue": 3746, 
        "long_term_average": 26824, 
        "date": "2013-02-28", 
        "operating_revenue": 1454, 
        "short_term_average": 4581
    }, 
    {
        "accumulated_operating_revenue_yoy": -94.87523699245442, 
        "accumulated_operating_revenue": 8055, 
        "long_term_average": 24010, 
        "date": "2013-03-31", 
        "operating_revenue": 4309, 
        "short_term_average": 2685
    }, 
    {
        "date": "2013-04-30", 
        "operating_revenue": 2266, 
        "accumulated_operating_revenue": 10321, 
        "long_term_average": 21594, 
        "short_term_average": 2676
    }, 
    {
        "date": "2013-05-31", 
        "operating_revenue": 3917, 
        "accumulated_operating_revenue": 14238, 
        "long_term_average": 19826, 
        "short_term_average": 3497
    }, 
    {
        "accumulated_operating_revenue_yoy": -89.26772545428254, 
        "accumulated_operating_revenue": 17813, 
        "long_term_average": 18348, 
        "date": "2013-06-30", 
        "operating_revenue": 3575, 
        "short_term_average": 3252
    }, 
    {
        "date": "2013-07-31", 
        "operating_revenue": 2509, 
        "accumulated_operating_revenue": 20322, 
        "long_term_average": 17028, 
        "short_term_average": 3333
    }, 
    {
        "date": "2013-08-31", 
        "operating_revenue": 2130, 
        "accumulated_operating_revenue": 22452, 
        "long_term_average": 4735, 
        "short_term_average": 2738
    }, 
    {
        "accumulated_operating_revenue_yoy": -84.54139036695666, 
        "accumulated_operating_revenue": 26902, 
        "long_term_average": 4479, 
        "date": "2013-09-30", 
        "operating_revenue": 4450, 
        "short_term_average": 3029
    }, 
    {
        "date": "2013-10-31", 
        "operating_revenue": 532, 
        "accumulated_operating_revenue": 27434, 
        "long_term_average": 3790, 
        "short_term_average": 2370
    }, 
    {
        "date": "2013-11-30", 
        "operating_revenue": 4118, 
        "accumulated_operating_revenue": 31552, 
        "long_term_average": 3462, 
        "short_term_average": 3033
    }, 
    {
        "accumulated_operating_revenue_yoy": -79.67721776932481, 
        "accumulated_operating_revenue": 37399, 
        "long_term_average": 3116, 
        "date": "2013-12-31", 
        "operating_revenue": 5847, 
        "short_term_average": 3499
    }, 
    {
        "accumulated_operating_revenue_yoy": -37.04188481675393, 
        "accumulated_operating_revenue": 1443, 
        "long_term_average": 3045, 
        "date": "2014-01-31", 
        "operating_revenue": 1443, 
        "short_term_average": 3802
    }, 
    {
        "accumulated_operating_revenue_yoy": -16.17725573945542, 
        "accumulated_operating_revenue": 3140, 
        "long_term_average": 3066, 
        "date": "2014-02-28", 
        "operating_revenue": 1697, 
        "short_term_average": 2995
    }, 
    {
        "accumulated_operating_revenue_yoy": -45.263811297330854, 
        "accumulated_operating_revenue": 4409, 
        "long_term_average": 2812, 
        "date": "2014-03-31", 
        "operating_revenue": 1269, 
        "short_term_average": 1469
    }, 
    {
        "accumulated_operating_revenue_yoy": -31.043503536479022, 
        "accumulated_operating_revenue": 7117, 
        "long_term_average": 2849, 
        "date": "2014-04-30", 
        "operating_revenue": 2708, 
        "short_term_average": 1891
    }, 
    {
        "accumulated_operating_revenue_yoy": -42.66750948166877, 
        "accumulated_operating_revenue": 8163, 
        "long_term_average": 2610, 
        "date": "2014-05-31", 
        "operating_revenue": 1046, 
        "short_term_average": 1674
    }, 
    {
        "accumulated_operating_revenue_yoy": -52.209060798293386, 
        "accumulated_operating_revenue": 8513, 
        "long_term_average": 2341, 
        "date": "2014-06-30", 
        "operating_revenue": 350, 
        "short_term_average": 1368
    }, 
    {
        "accumulated_operating_revenue_yoy": -47.58881999803169, 
        "accumulated_operating_revenue": 10651, 
        "long_term_average": 2310, 
        "date": "2014-07-31", 
        "operating_revenue": 2138, 
        "short_term_average": 1178
    }, 
    {
        "accumulated_operating_revenue_yoy": -49.91537502226973, 
        "accumulated_operating_revenue": 11245, 
        "long_term_average": 2182, 
        "date": "2014-08-31", 
        "operating_revenue": 594, 
        "short_term_average": 1027
    }, 
    {
        "accumulated_operating_revenue_yoy": 730.0832651847446, 
        "accumulated_operating_revenue": 223309, 
        "long_term_average": 19483, 
        "date": "2014-09-30", 
        "operating_revenue": 212064, 
        "short_term_average": 71598
    }, 
    {
        "accumulated_operating_revenue_yoy": 725.2606255012029, 
        "accumulated_operating_revenue": 226402, 
        "long_term_average": 19697, 
        "date": "2014-10-31", 
        "operating_revenue": 3093, 
        "short_term_average": 71917
    }, 
    {
        "accumulated_operating_revenue_yoy": 617.754817444219, 
        "accumulated_operating_revenue": 226466, 
        "long_term_average": 19359, 
        "date": "2014-11-30", 
        "operating_revenue": 64, 
        "short_term_average": 71740
    }, 
    {
        "accumulated_operating_revenue_yoy": 512.2810770341454, 
        "accumulated_operating_revenue": 228987, 
        "long_term_average": 19082, 
        "date": "2014-12-31", 
        "operating_revenue": 2521, 
        "short_term_average": 1892
    }, 
    {
        "accumulated_operating_revenue_yoy": -81.98198198198197, 
        "accumulated_operating_revenue": 260, 
        "long_term_average": 18983, 
        "date": "2015-01-31", 
        "operating_revenue": 260, 
        "short_term_average": 948
    }, 
    {
        "accumulated_operating_revenue_yoy": 33.566878980891715, 
        "accumulated_operating_revenue": 4194, 
        "long_term_average": 19170, 
        "date": "2015-02-28", 
        "operating_revenue": 3934, 
        "short_term_average": 2238
    }, 
    {
        "accumulated_operating_revenue_yoy": 44.97618507598094, 
        "accumulated_operating_revenue": 6392, 
        "long_term_average": 19247, 
        "date": "2015-03-31", 
        "operating_revenue": 2198, 
        "short_term_average": 2130
    }, 
    {
        "accumulated_operating_revenue_yoy": 2139.707742026135, 
        "accumulated_operating_revenue": 159400, 
        "long_term_average": 31772, 
        "date": "2015-04-30", 
        "operating_revenue": 153008, 
        "short_term_average": 53046
    }, 
    {
        "accumulated_operating_revenue_yoy": 1860.529217199559, 
        "accumulated_operating_revenue": 160038, 
        "long_term_average": 31738, 
        "date": "2015-05-31", 
        "operating_revenue": 638, 
        "short_term_average": 51948
    }, 
    {
        "accumulated_operating_revenue_yoy": 5809.279924820862, 
        "accumulated_operating_revenue": 503057, 
        "long_term_average": 60294, 
        "date": "2015-06-30", 
        "operating_revenue": 343019, 
        "short_term_average": 165555
    }, 
    {
        "accumulated_operating_revenue_yoy": 4637.235940287296, 
        "accumulated_operating_revenue": 504563, 
        "long_term_average": 60241, 
        "date": "2015-07-31", 
        "operating_revenue": 1506, 
        "short_term_average": 115054
    }, 
    {
        "accumulated_operating_revenue_yoy": 4392.770120053357, 
        "accumulated_operating_revenue": 505212, 
        "long_term_average": 60246, 
        "date": "2015-08-31", 
        "operating_revenue": 649, 
        "short_term_average": 115058
    }, 
    {
        "accumulated_operating_revenue_yoy": 126.48885624851663, 
        "accumulated_operating_revenue": 505770, 
        "long_term_average": 42620, 
        "date": "2015-09-30", 
        "operating_revenue": 558, 
        "short_term_average": 904
    }
]