[
    {
        "date": "2012-01-31", 
        "operating_revenue": 105290, 
        "accumulated_operating_revenue": 105290, 
        "long_term_average": 105290, 
        "short_term_average": 105290
    }, 
    {
        "date": "2012-02-29", 
        "operating_revenue": 107493, 
        "accumulated_operating_revenue": 212783, 
        "long_term_average": 106391, 
        "short_term_average": 106391
    }, 
    {
        "date": "2012-03-31", 
        "operating_revenue": 100164, 
        "accumulated_operating_revenue": 312947, 
        "long_term_average": 104315, 
        "short_term_average": 104315
    }, 
    {
        "date": "2012-04-30", 
        "operating_revenue": 116890, 
        "accumulated_operating_revenue": 429837, 
        "long_term_average": 107459, 
        "short_term_average": 108182
    }, 
    {
        "date": "2012-05-31", 
        "operating_revenue": 137412, 
        "accumulated_operating_revenue": 567249, 
        "long_term_average": 113449, 
        "short_term_average": 118155
    }, 
    {
        "date": "2012-06-30", 
        "operating_revenue": 111306, 
        "accumulated_operating_revenue": 678555, 
        "long_term_average": 113092, 
        "short_term_average": 121869
    }, 
    {
        "date": "2012-07-31", 
        "operating_revenue": 122522, 
        "accumulated_operating_revenue": 801077, 
        "long_term_average": 114439, 
        "short_term_average": 123746
    }, 
    {
        "date": "2012-08-31", 
        "operating_revenue": 111392, 
        "accumulated_operating_revenue": 912469, 
        "long_term_average": 114058, 
        "short_term_average": 115073
    }, 
    {
        "date": "2012-09-30", 
        "operating_revenue": 112365, 
        "accumulated_operating_revenue": 1024834, 
        "long_term_average": 113870, 
        "short_term_average": 115426
    }, 
    {
        "date": "2012-10-31", 
        "operating_revenue": 106408, 
        "accumulated_operating_revenue": 1131242, 
        "long_term_average": 113124, 
        "short_term_average": 110055
    }, 
    {
        "date": "2012-11-30", 
        "operating_revenue": 115958, 
        "accumulated_operating_revenue": 1247200, 
        "long_term_average": 113381, 
        "short_term_average": 111577
    }, 
    {
        "date": "2012-12-31", 
        "operating_revenue": 101086, 
        "accumulated_operating_revenue": 1348286, 
        "long_term_average": 112357, 
        "short_term_average": 107817
    }, 
    {
        "accumulated_operating_revenue_yoy": 6.922784689904074, 
        "accumulated_operating_revenue": 112579, 
        "long_term_average": 112964, 
        "date": "2013-01-31", 
        "operating_revenue": 112579, 
        "short_term_average": 109874
    }, 
    {
        "accumulated_operating_revenue_yoy": -1.3732300042766574, 
        "accumulated_operating_revenue": 209861, 
        "long_term_average": 112113, 
        "date": "2013-02-28", 
        "operating_revenue": 97282, 
        "short_term_average": 103649
    }, 
    {
        "accumulated_operating_revenue_yoy": 5.354580807612791, 
        "accumulated_operating_revenue": 329704, 
        "long_term_average": 113753, 
        "date": "2013-03-31", 
        "operating_revenue": 119843, 
        "short_term_average": 109901
    }, 
    {
        "accumulated_operating_revenue_yoy": 6.230268683245043, 
        "accumulated_operating_revenue": 456617, 
        "long_term_average": 114588, 
        "date": "2013-04-30", 
        "operating_revenue": 126913, 
        "short_term_average": 114679
    }, 
    {
        "accumulated_operating_revenue_yoy": 2.864703155051838, 
        "accumulated_operating_revenue": 583499, 
        "long_term_average": 113711, 
        "date": "2013-05-31", 
        "operating_revenue": 126882, 
        "short_term_average": 124546
    }, 
    {
        "accumulated_operating_revenue_yoy": 7.132804267892802, 
        "accumulated_operating_revenue": 726955, 
        "long_term_average": 116390, 
        "date": "2013-06-30", 
        "operating_revenue": 143456, 
        "short_term_average": 132417
    }, 
    {
        "accumulated_operating_revenue_yoy": 6.9663715223380525, 
        "accumulated_operating_revenue": 856883, 
        "long_term_average": 117007, 
        "date": "2013-07-31", 
        "operating_revenue": 129928, 
        "short_term_average": 133422
    }, 
    {
        "accumulated_operating_revenue_yoy": 9.971955211629108, 
        "accumulated_operating_revenue": 1003460, 
        "long_term_average": 119939, 
        "date": "2013-08-31", 
        "operating_revenue": 146577, 
        "short_term_average": 139987
    }, 
    {
        "accumulated_operating_revenue_yoy": 10.49682192433116, 
        "accumulated_operating_revenue": 1132409, 
        "long_term_average": 121321, 
        "date": "2013-09-30", 
        "operating_revenue": 128949, 
        "short_term_average": 135151
    }, 
    {
        "accumulated_operating_revenue_yoy": 12.178472864338488, 
        "accumulated_operating_revenue": 1269010, 
        "long_term_average": 123837, 
        "date": "2013-10-31", 
        "operating_revenue": 136601, 
        "short_term_average": 137375
    }, 
    {
        "accumulated_operating_revenue_yoy": 12.976747915330339, 
        "accumulated_operating_revenue": 1409046, 
        "long_term_average": 125844, 
        "date": "2013-11-30", 
        "operating_revenue": 140036, 
        "short_term_average": 135195
    }, 
    {
        "accumulated_operating_revenue_yoy": 12.312595398899047, 
        "accumulated_operating_revenue": 1514295, 
        "long_term_average": 126191, 
        "date": "2013-12-31", 
        "operating_revenue": 105249, 
        "short_term_average": 127295
    }, 
    {
        "accumulated_operating_revenue_yoy": 22.732481190985883, 
        "accumulated_operating_revenue": 138171, 
        "long_term_average": 128323, 
        "date": "2014-01-31", 
        "operating_revenue": 138171, 
        "short_term_average": 127818
    }, 
    {
        "accumulated_operating_revenue_yoy": 26.081072710031876, 
        "accumulated_operating_revenue": 264595, 
        "long_term_average": 130752, 
        "date": "2014-02-28", 
        "operating_revenue": 126424, 
        "short_term_average": 123281
    }, 
    {
        "accumulated_operating_revenue_yoy": 16.560915245189626, 
        "accumulated_operating_revenue": 384306, 
        "long_term_average": 130741, 
        "date": "2014-03-31", 
        "operating_revenue": 119711, 
        "short_term_average": 128102
    }, 
    {
        "accumulated_operating_revenue_yoy": 17.94107534323076, 
        "accumulated_operating_revenue": 538539, 
        "long_term_average": 133018, 
        "date": "2014-04-30", 
        "operating_revenue": 154233, 
        "short_term_average": 133456
    }, 
    {
        "accumulated_operating_revenue_yoy": 16.479205619889665, 
        "accumulated_operating_revenue": 679655, 
        "long_term_average": 134204, 
        "date": "2014-05-31", 
        "operating_revenue": 141116, 
        "short_term_average": 138353
    }, 
    {
        "accumulated_operating_revenue_yoy": 16.059728593929474, 
        "accumulated_operating_revenue": 843702, 
        "long_term_average": 135920, 
        "date": "2014-06-30", 
        "operating_revenue": 164047, 
        "short_term_average": 153132
    }, 
    {
        "accumulated_operating_revenue_yoy": 19.846700191274653, 
        "accumulated_operating_revenue": 1026946, 
        "long_term_average": 140363, 
        "date": "2014-07-31", 
        "operating_revenue": 183244, 
        "short_term_average": 162802
    }, 
    {
        "accumulated_operating_revenue_yoy": 18.028322005859724, 
        "accumulated_operating_revenue": 1184367, 
        "long_term_average": 141266, 
        "date": "2014-08-31", 
        "operating_revenue": 157421, 
        "short_term_average": 168237
    }, 
    {
        "accumulated_operating_revenue_yoy": 20.076315182941855, 
        "accumulated_operating_revenue": 1359755, 
        "long_term_average": 145136, 
        "date": "2014-09-30", 
        "operating_revenue": 175388, 
        "short_term_average": 172017
    }, 
    {
        "accumulated_operating_revenue_yoy": 21.705581516300107, 
        "accumulated_operating_revenue": 1544456, 
        "long_term_average": 149145, 
        "date": "2014-10-31", 
        "operating_revenue": 184701, 
        "short_term_average": 172503
    }, 
    {
        "accumulated_operating_revenue_yoy": 18.405502730216046, 
        "accumulated_operating_revenue": 1668388, 
        "long_term_average": 147803, 
        "date": "2014-11-30", 
        "operating_revenue": 123932, 
        "short_term_average": 161340
    }, 
    {
        "accumulated_operating_revenue_yoy": 19.150231625938144, 
        "accumulated_operating_revenue": 1804286, 
        "long_term_average": 150357, 
        "date": "2014-12-31", 
        "operating_revenue": 135898, 
        "short_term_average": 148177
    }, 
    {
        "accumulated_operating_revenue_yoy": 11.307727381288403, 
        "accumulated_operating_revenue": 153795, 
        "long_term_average": 151659, 
        "date": "2015-01-31", 
        "operating_revenue": 153795, 
        "short_term_average": 137875
    }, 
    {
        "accumulated_operating_revenue_yoy": 15.883898032842648, 
        "accumulated_operating_revenue": 306623, 
        "long_term_average": 153859, 
        "date": "2015-02-28", 
        "operating_revenue": 152828, 
        "short_term_average": 147507
    }, 
    {
        "accumulated_operating_revenue_yoy": 24.81824379530895, 
        "accumulated_operating_revenue": 479684, 
        "long_term_average": 158305, 
        "date": "2015-03-31", 
        "operating_revenue": 173061, 
        "short_term_average": 159894
    }, 
    {
        "accumulated_operating_revenue_yoy": 17.296983133997724, 
        "accumulated_operating_revenue": 631690, 
        "long_term_average": 158119, 
        "date": "2015-04-30", 
        "operating_revenue": 152006, 
        "short_term_average": 159298
    }, 
    {
        "accumulated_operating_revenue_yoy": 14.038004575850982, 
        "accumulated_operating_revenue": 775065, 
        "long_term_average": 158308, 
        "date": "2015-05-31", 
        "operating_revenue": 143375, 
        "short_term_average": 156147
    }, 
    {
        "accumulated_operating_revenue_yoy": 12.256934320411709, 
        "accumulated_operating_revenue": 947114, 
        "long_term_average": 158974, 
        "date": "2015-06-30", 
        "operating_revenue": 172049, 
        "short_term_average": 155810
    }, 
    {
        "accumulated_operating_revenue_yoy": 9.046337392618502, 
        "accumulated_operating_revenue": 1119847, 
        "long_term_average": 158098, 
        "date": "2015-07-31", 
        "operating_revenue": 172733, 
        "short_term_average": 162719
    }, 
    {
        "accumulated_operating_revenue_yoy": 6.929524378845409, 
        "accumulated_operating_revenue": 1266438, 
        "long_term_average": 157196, 
        "date": "2015-08-31", 
        "operating_revenue": 146591, 
        "short_term_average": 163791
    }
]