[
    {
        "date": "2012-01-31", 
        "operating_revenue": 89681, 
        "accumulated_operating_revenue": 89681, 
        "long_term_average": 89681, 
        "short_term_average": 89681
    }, 
    {
        "date": "2012-02-29", 
        "operating_revenue": 78577, 
        "accumulated_operating_revenue": 168258, 
        "long_term_average": 84129, 
        "short_term_average": 84129
    }, 
    {
        "date": "2012-03-31", 
        "operating_revenue": 174943, 
        "accumulated_operating_revenue": 343201, 
        "long_term_average": 114400, 
        "short_term_average": 114400
    }, 
    {
        "date": "2012-04-30", 
        "operating_revenue": 102816, 
        "accumulated_operating_revenue": 446017, 
        "long_term_average": 111504, 
        "short_term_average": 118778
    }, 
    {
        "date": "2012-05-31", 
        "operating_revenue": 155224, 
        "accumulated_operating_revenue": 601241, 
        "long_term_average": 120248, 
        "short_term_average": 144327
    }, 
    {
        "date": "2012-06-30", 
        "operating_revenue": 237000, 
        "accumulated_operating_revenue": 838241, 
        "long_term_average": 139706, 
        "short_term_average": 165013
    }, 
    {
        "date": "2012-07-31", 
        "operating_revenue": 87896, 
        "accumulated_operating_revenue": 926137, 
        "long_term_average": 132305, 
        "short_term_average": 160040
    }, 
    {
        "date": "2012-08-31", 
        "operating_revenue": 150739, 
        "accumulated_operating_revenue": 1076876, 
        "long_term_average": 134609, 
        "short_term_average": 158545
    }, 
    {
        "date": "2012-09-30", 
        "operating_revenue": 187428, 
        "accumulated_operating_revenue": 1264304, 
        "long_term_average": 140478, 
        "short_term_average": 142021
    }, 
    {
        "date": "2012-10-31", 
        "operating_revenue": 196541, 
        "accumulated_operating_revenue": 1460845, 
        "long_term_average": 146084, 
        "short_term_average": 178236
    }, 
    {
        "date": "2012-11-30", 
        "operating_revenue": 228532, 
        "accumulated_operating_revenue": 1689377, 
        "long_term_average": 153579, 
        "short_term_average": 204167
    }, 
    {
        "date": "2012-12-31", 
        "operating_revenue": 300293, 
        "accumulated_operating_revenue": 1989670, 
        "long_term_average": 165805, 
        "short_term_average": 241788
    }, 
    {
        "accumulated_operating_revenue_yoy": 5.207346037622239, 
        "accumulated_operating_revenue": 94351, 
        "long_term_average": 166195, 
        "date": "2013-01-31", 
        "operating_revenue": 94351, 
        "short_term_average": 207725
    }, 
    {
        "accumulated_operating_revenue_yoy": 12.307289995126531, 
        "accumulated_operating_revenue": 188966, 
        "long_term_average": 167531, 
        "date": "2013-02-28", 
        "operating_revenue": 94615, 
        "short_term_average": 163086
    }, 
    {
        "accumulated_operating_revenue_yoy": 7.163440665965426, 
        "accumulated_operating_revenue": 367786, 
        "long_term_average": 167854, 
        "date": "2013-03-31", 
        "operating_revenue": 178820, 
        "short_term_average": 122595
    }, 
    {
        "accumulated_operating_revenue_yoy": 3.4855173681720655, 
        "accumulated_operating_revenue": 461563, 
        "long_term_average": 167101, 
        "date": "2013-04-30", 
        "operating_revenue": 93777, 
        "short_term_average": 122404
    }, 
    {
        "accumulated_operating_revenue_yoy": 2.3908881796151626, 
        "accumulated_operating_revenue": 615616, 
        "long_term_average": 167003, 
        "date": "2013-05-31", 
        "operating_revenue": 154053, 
        "short_term_average": 142216
    }, 
    {
        "accumulated_operating_revenue_yoy": -8.377542973918002, 
        "accumulated_operating_revenue": 768017, 
        "long_term_average": 159953, 
        "date": "2013-06-30", 
        "operating_revenue": 152401, 
        "short_term_average": 133410
    }, 
    {
        "accumulated_operating_revenue_yoy": -4.445346638780224, 
        "accumulated_operating_revenue": 884967, 
        "long_term_average": 162375, 
        "date": "2013-07-31", 
        "operating_revenue": 116950, 
        "short_term_average": 141134
    }, 
    {
        "accumulated_operating_revenue_yoy": 12.990446439515784, 
        "accumulated_operating_revenue": 1216767, 
        "long_term_average": 177463, 
        "date": "2013-08-31", 
        "operating_revenue": 331800, 
        "short_term_average": 200383
    }, 
    {
        "accumulated_operating_revenue_yoy": 12.185993242131639, 
        "accumulated_operating_revenue": 1418372, 
        "long_term_average": 178644, 
        "date": "2013-09-30", 
        "operating_revenue": 201605, 
        "short_term_average": 216785
    }, 
    {
        "accumulated_operating_revenue_yoy": 4.824057309297016, 
        "accumulated_operating_revenue": 1531317, 
        "long_term_average": 171678, 
        "date": "2013-10-31", 
        "operating_revenue": 112945, 
        "short_term_average": 215450
    }, 
    {
        "accumulated_operating_revenue_yoy": 10.569399251913575, 
        "accumulated_operating_revenue": 1867934, 
        "long_term_average": 180685, 
        "date": "2013-11-30", 
        "operating_revenue": 336617, 
        "short_term_average": 217055
    }, 
    {
        "accumulated_operating_revenue_yoy": 3.5471208793418003, 
        "accumulated_operating_revenue": 2060246, 
        "long_term_average": 171687, 
        "date": "2013-12-31", 
        "operating_revenue": 192312, 
        "short_term_average": 213958
    }, 
    {
        "accumulated_operating_revenue_yoy": 1.7699865396233214, 
        "accumulated_operating_revenue": 96021, 
        "long_term_average": 171826, 
        "date": "2014-01-31", 
        "operating_revenue": 96021, 
        "short_term_average": 208316
    }, 
    {
        "accumulated_operating_revenue_yoy": 12.536646804186995, 
        "accumulated_operating_revenue": 212656, 
        "long_term_average": 173661, 
        "date": "2014-02-28", 
        "operating_revenue": 116635, 
        "short_term_average": 134989
    }, 
    {
        "accumulated_operating_revenue_yoy": 14.681907413550272, 
        "accumulated_operating_revenue": 421784, 
        "long_term_average": 176187, 
        "date": "2014-03-31", 
        "operating_revenue": 209128, 
        "short_term_average": 140594
    }, 
    {
        "accumulated_operating_revenue_yoy": 15.975933946178527, 
        "accumulated_operating_revenue": 535302, 
        "long_term_average": 177832, 
        "date": "2014-04-30", 
        "operating_revenue": 113518, 
        "short_term_average": 146427
    }, 
    {
        "accumulated_operating_revenue_yoy": 21.035678085040026, 
        "accumulated_operating_revenue": 745115, 
        "long_term_average": 182478, 
        "date": "2014-05-31", 
        "operating_revenue": 209813, 
        "short_term_average": 177486
    }, 
    {
        "accumulated_operating_revenue_yoy": 23.033865135797775, 
        "accumulated_operating_revenue": 944921, 
        "long_term_average": 186429, 
        "date": "2014-06-30", 
        "operating_revenue": 199806, 
        "short_term_average": 174379
    }, 
    {
        "accumulated_operating_revenue_yoy": 20.04741419736555, 
        "accumulated_operating_revenue": 1062380, 
        "long_term_average": 186471, 
        "date": "2014-07-31", 
        "operating_revenue": 117459, 
        "short_term_average": 175692
    }, 
    {
        "accumulated_operating_revenue_yoy": -4.124783134322348, 
        "accumulated_operating_revenue": 1166578, 
        "long_term_average": 167504, 
        "date": "2014-08-31", 
        "operating_revenue": 104198, 
        "short_term_average": 140487
    }, 
    {
        "accumulated_operating_revenue_yoy": -4.196571844339849, 
        "accumulated_operating_revenue": 1358849, 
        "long_term_average": 166726, 
        "date": "2014-09-30", 
        "operating_revenue": 192271, 
        "short_term_average": 137976
    }, 
    {
        "accumulated_operating_revenue_yoy": -4.256923941940173, 
        "accumulated_operating_revenue": 1466130, 
        "long_term_average": 166254, 
        "date": "2014-10-31", 
        "operating_revenue": 107281, 
        "short_term_average": 134583
    }, 
    {
        "accumulated_operating_revenue_yoy": -8.731250675880412, 
        "accumulated_operating_revenue": 1704840, 
        "long_term_average": 158096, 
        "date": "2014-11-30", 
        "operating_revenue": 238710, 
        "short_term_average": 179420
    }, 
    {
        "accumulated_operating_revenue_yoy": 0.8907674132118203, 
        "accumulated_operating_revenue": 2078598, 
        "long_term_average": 173216, 
        "date": "2014-12-31", 
        "operating_revenue": 373758, 
        "short_term_average": 239916
    }, 
    {
        "accumulated_operating_revenue_yoy": 2.1151623082450715, 
        "accumulated_operating_revenue": 98052, 
        "long_term_average": 173385, 
        "date": "2015-01-31", 
        "operating_revenue": 98052, 
        "short_term_average": 236840
    }, 
    {
        "accumulated_operating_revenue_yoy": -10.819821683846213, 
        "accumulated_operating_revenue": 189647, 
        "long_term_average": 171299, 
        "date": "2015-02-28", 
        "operating_revenue": 91595, 
        "short_term_average": 187801
    }, 
    {
        "accumulated_operating_revenue_yoy": -27.838893841397493, 
        "accumulated_operating_revenue": 304364, 
        "long_term_average": 163431, 
        "date": "2015-03-31", 
        "operating_revenue": 114717, 
        "short_term_average": 101454
    }, 
    {
        "accumulated_operating_revenue_yoy": -17.238680221631903, 
        "accumulated_operating_revenue": 443023, 
        "long_term_average": 165526, 
        "date": "2015-04-30", 
        "operating_revenue": 138659, 
        "short_term_average": 114990
    }, 
    {
        "accumulated_operating_revenue_yoy": -7.128027217275186, 
        "accumulated_operating_revenue": 692003, 
        "long_term_average": 168790, 
        "date": "2015-05-31", 
        "operating_revenue": 248980, 
        "short_term_average": 167452
    }, 
    {
        "accumulated_operating_revenue_yoy": 8.95217695447556, 
        "accumulated_operating_revenue": 1029512, 
        "long_term_average": 180265, 
        "date": "2015-06-30", 
        "operating_revenue": 337509, 
        "short_term_average": 241716
    }, 
    {
        "accumulated_operating_revenue_yoy": 8.439259022195449, 
        "accumulated_operating_revenue": 1152037, 
        "long_term_average": 180687, 
        "date": "2015-07-31", 
        "operating_revenue": 122525, 
        "short_term_average": 236338
    }, 
    {
        "accumulated_operating_revenue_yoy": 8.835500069433849, 
        "accumulated_operating_revenue": 1269651, 
        "long_term_average": 181805, 
        "date": "2015-08-31", 
        "operating_revenue": 117614, 
        "short_term_average": 192549
    }
]