[
    {
        "date": "2012-01-31", 
        "operating_revenue": 50039, 
        "accumulated_operating_revenue": 50039, 
        "long_term_average": 50039, 
        "short_term_average": 50039
    }, 
    {
        "date": "2012-02-29", 
        "operating_revenue": 36648, 
        "accumulated_operating_revenue": 86687, 
        "long_term_average": 43343, 
        "short_term_average": 43343
    }, 
    {
        "date": "2012-03-31", 
        "operating_revenue": 51505, 
        "accumulated_operating_revenue": 138192, 
        "long_term_average": 46064, 
        "short_term_average": 46064
    }, 
    {
        "date": "2012-04-30", 
        "operating_revenue": 66519, 
        "accumulated_operating_revenue": 204711, 
        "long_term_average": 51177, 
        "short_term_average": 51557
    }, 
    {
        "date": "2012-05-31", 
        "operating_revenue": 72881, 
        "accumulated_operating_revenue": 277592, 
        "long_term_average": 55518, 
        "short_term_average": 63635
    }, 
    {
        "date": "2012-06-30", 
        "operating_revenue": 78810, 
        "accumulated_operating_revenue": 356402, 
        "long_term_average": 59400, 
        "short_term_average": 72736
    }, 
    {
        "date": "2012-07-31", 
        "operating_revenue": 65209, 
        "accumulated_operating_revenue": 421611, 
        "long_term_average": 60230, 
        "short_term_average": 72300
    }, 
    {
        "date": "2012-08-31", 
        "operating_revenue": 61198, 
        "accumulated_operating_revenue": 482809, 
        "long_term_average": 60351, 
        "short_term_average": 68405
    }, 
    {
        "date": "2012-09-30", 
        "operating_revenue": 121147, 
        "accumulated_operating_revenue": 603956, 
        "long_term_average": 67106, 
        "short_term_average": 82518
    }, 
    {
        "date": "2012-10-31", 
        "operating_revenue": 95709, 
        "accumulated_operating_revenue": 699665, 
        "long_term_average": 69966, 
        "short_term_average": 92684
    }, 
    {
        "date": "2012-11-30", 
        "operating_revenue": 153931, 
        "accumulated_operating_revenue": 853596, 
        "long_term_average": 77599, 
        "short_term_average": 123595
    }, 
    {
        "date": "2012-12-31", 
        "operating_revenue": 30644, 
        "accumulated_operating_revenue": 884240, 
        "long_term_average": 73686, 
        "short_term_average": 93428
    }, 
    {
        "accumulated_operating_revenue_yoy": 0.0, 
        "accumulated_operating_revenue": 50039, 
        "long_term_average": 73686, 
        "date": "2013-01-31", 
        "operating_revenue": 50039, 
        "short_term_average": 78204
    }, 
    {
        "accumulated_operating_revenue_yoy": 59.094212511679956, 
        "accumulated_operating_revenue": 137914, 
        "long_term_average": 77955, 
        "date": "2013-02-28", 
        "operating_revenue": 87875, 
        "short_term_average": 56186
    }, 
    {
        "accumulated_operating_revenue_yoy": 62.688867662382776, 
        "accumulated_operating_revenue": 224823, 
        "long_term_average": 80905, 
        "date": "2013-03-31", 
        "operating_revenue": 86909, 
        "short_term_average": 74941
    }, 
    {
        "accumulated_operating_revenue_yoy": 46.744434837404924, 
        "accumulated_operating_revenue": 300402, 
        "long_term_average": 81660, 
        "date": "2013-04-30", 
        "operating_revenue": 75579, 
        "short_term_average": 83454
    }, 
    {
        "accumulated_operating_revenue_yoy": 43.180639211504655, 
        "accumulated_operating_revenue": 397458, 
        "long_term_average": 83675, 
        "date": "2013-05-31", 
        "operating_revenue": 97056, 
        "short_term_average": 86514
    }, 
    {
        "accumulated_operating_revenue_yoy": 34.46950353813952, 
        "accumulated_operating_revenue": 479252, 
        "long_term_average": 83924, 
        "date": "2013-06-30", 
        "operating_revenue": 81794, 
        "short_term_average": 84809
    }, 
    {
        "accumulated_operating_revenue_yoy": 35.89778255311175, 
        "accumulated_operating_revenue": 572960, 
        "long_term_average": 86299, 
        "date": "2013-07-31", 
        "operating_revenue": 93708, 
        "short_term_average": 90852
    }, 
    {
        "accumulated_operating_revenue_yoy": 33.4997897719388, 
        "accumulated_operating_revenue": 644549, 
        "long_term_average": 87165, 
        "date": "2013-08-31", 
        "operating_revenue": 71589, 
        "short_term_average": 82363
    }, 
    {
        "accumulated_operating_revenue_yoy": 19.50241408314513, 
        "accumulated_operating_revenue": 721742, 
        "long_term_average": 83502, 
        "date": "2013-09-30", 
        "operating_revenue": 77193, 
        "short_term_average": 80830
    }, 
    {
        "accumulated_operating_revenue_yoy": 12.868872960631158, 
        "accumulated_operating_revenue": 789704, 
        "long_term_average": 81189, 
        "date": "2013-10-31", 
        "operating_revenue": 67962, 
        "short_term_average": 72248
    }, 
    {
        "accumulated_operating_revenue_yoy": 1.991808771362565, 
        "accumulated_operating_revenue": 870598, 
        "long_term_average": 75103, 
        "date": "2013-11-30", 
        "operating_revenue": 80894, 
        "short_term_average": 75349
    }, 
    {
        "accumulated_operating_revenue_yoy": 8.941011490093187, 
        "accumulated_operating_revenue": 963300, 
        "long_term_average": 80275, 
        "date": "2013-12-31", 
        "operating_revenue": 92702, 
        "short_term_average": 80519
    }, 
    {
        "accumulated_operating_revenue_yoy": 35.80207438198205, 
        "accumulated_operating_revenue": 67954, 
        "long_term_average": 81767, 
        "date": "2014-01-31", 
        "operating_revenue": 67954, 
        "short_term_average": 80516
    }, 
    {
        "accumulated_operating_revenue_yoy": -8.091999361921197, 
        "accumulated_operating_revenue": 126754, 
        "long_term_average": 79345, 
        "date": "2014-02-28", 
        "operating_revenue": 58800, 
        "short_term_average": 73152
    }, 
    {
        "accumulated_operating_revenue_yoy": 0.3522771246714082, 
        "accumulated_operating_revenue": 225615, 
        "long_term_average": 80341, 
        "date": "2014-03-31", 
        "operating_revenue": 98861, 
        "short_term_average": 75205
    }, 
    {
        "accumulated_operating_revenue_yoy": 1.2449983688524044, 
        "accumulated_operating_revenue": 304142, 
        "long_term_average": 80586, 
        "date": "2014-04-30", 
        "operating_revenue": 78527, 
        "short_term_average": 78729
    }, 
    {
        "accumulated_operating_revenue_yoy": 0.34569690382380025, 
        "accumulated_operating_revenue": 398832, 
        "long_term_average": 80389, 
        "date": "2014-05-31", 
        "operating_revenue": 94690, 
        "short_term_average": 90692
    }, 
    {
        "accumulated_operating_revenue_yoy": -0.45696209927136455, 
        "accumulated_operating_revenue": 477062, 
        "long_term_average": 80092, 
        "date": "2014-06-30", 
        "operating_revenue": 78230, 
        "short_term_average": 83815
    }, 
    {
        "accumulated_operating_revenue_yoy": -3.8630969003071765, 
        "accumulated_operating_revenue": 550826, 
        "long_term_average": 78430, 
        "date": "2014-07-31", 
        "operating_revenue": 73764, 
        "short_term_average": 82228
    }, 
    {
        "accumulated_operating_revenue_yoy": -2.7015789334868257, 
        "accumulated_operating_revenue": 627136, 
        "long_term_average": 78823, 
        "date": "2014-08-31", 
        "operating_revenue": 76310, 
        "short_term_average": 76101
    }, 
    {
        "accumulated_operating_revenue_yoy": -4.13707391283866, 
        "accumulated_operating_revenue": 691883, 
        "long_term_average": 77786, 
        "date": "2014-09-30", 
        "operating_revenue": 64747, 
        "short_term_average": 71607
    }, 
    {
        "accumulated_operating_revenue_yoy": 1.0592576459027687, 
        "accumulated_operating_revenue": 798069, 
        "long_term_average": 80972, 
        "date": "2014-10-31", 
        "operating_revenue": 106186, 
        "short_term_average": 82414
    }, 
    {
        "accumulated_operating_revenue_yoy": 4.516091238436109, 
        "accumulated_operating_revenue": 909915, 
        "long_term_average": 83551, 
        "date": "2014-11-30", 
        "operating_revenue": 111846, 
        "short_term_average": 94259
    }, 
    {
        "accumulated_operating_revenue_yoy": 5.761548842520503, 
        "accumulated_operating_revenue": 1018801, 
        "long_term_average": 84900, 
        "date": "2014-12-31", 
        "operating_revenue": 108886, 
        "short_term_average": 108972
    }, 
    {
        "accumulated_operating_revenue_yoy": 26.709244488918976, 
        "accumulated_operating_revenue": 86104, 
        "long_term_average": 86412, 
        "date": "2015-01-31", 
        "operating_revenue": 86104, 
        "short_term_average": 102278
    }, 
    {
        "accumulated_operating_revenue_yoy": 42.519368225065875, 
        "accumulated_operating_revenue": 180649, 
        "long_term_average": 89391, 
        "date": "2015-02-28", 
        "operating_revenue": 94545, 
        "short_term_average": 96511
    }, 
    {
        "accumulated_operating_revenue_yoy": 27.64089267114332, 
        "accumulated_operating_revenue": 287977, 
        "long_term_average": 90096, 
        "date": "2015-03-31", 
        "operating_revenue": 107328, 
        "short_term_average": 95992
    }, 
    {
        "accumulated_operating_revenue_yoy": 27.544699515357955, 
        "accumulated_operating_revenue": 387917, 
        "long_term_average": 91881, 
        "date": "2015-04-30", 
        "operating_revenue": 99940, 
        "short_term_average": 100604
    }, 
    {
        "accumulated_operating_revenue_yoy": 20.37399205680587, 
        "accumulated_operating_revenue": 480090, 
        "long_term_average": 91671, 
        "date": "2015-05-31", 
        "operating_revenue": 92173, 
        "short_term_average": 99813
    }, 
    {
        "accumulated_operating_revenue_yoy": 21.040870997899646, 
        "accumulated_operating_revenue": 577440, 
        "long_term_average": 93264, 
        "date": "2015-06-30", 
        "operating_revenue": 97350, 
        "short_term_average": 96487
    }, 
    {
        "accumulated_operating_revenue_yoy": 19.796088056845537, 
        "accumulated_operating_revenue": 659868, 
        "long_term_average": 93986, 
        "date": "2015-07-31", 
        "operating_revenue": 82428, 
        "short_term_average": 90650
    }, 
    {
        "accumulated_operating_revenue_yoy": 21.94946550668436, 
        "accumulated_operating_revenue": 764789, 
        "long_term_average": 96371, 
        "date": "2015-08-31", 
        "operating_revenue": 104921, 
        "short_term_average": 94899
    }
]