[
    {
        "date": "2012-01-31", 
        "operating_revenue": 1427, 
        "accumulated_operating_revenue": 1427, 
        "long_term_average": 1427, 
        "short_term_average": 1427
    }, 
    {
        "date": "2012-02-29", 
        "operating_revenue": 1427, 
        "accumulated_operating_revenue": 2854, 
        "long_term_average": 1427, 
        "short_term_average": 1427
    }, 
    {
        "date": "2012-03-31", 
        "operating_revenue": 1427, 
        "accumulated_operating_revenue": 4281, 
        "long_term_average": 1427, 
        "short_term_average": 1427
    }, 
    {
        "date": "2012-04-30", 
        "operating_revenue": 1427, 
        "accumulated_operating_revenue": 5708, 
        "long_term_average": 1427, 
        "short_term_average": 1427
    }, 
    {
        "date": "2012-05-31", 
        "operating_revenue": 1102, 
        "accumulated_operating_revenue": 6810, 
        "long_term_average": 1362, 
        "short_term_average": 1318
    }, 
    {
        "date": "2012-06-30", 
        "operating_revenue": 1051, 
        "accumulated_operating_revenue": 7861, 
        "long_term_average": 1310, 
        "short_term_average": 1193
    }, 
    {
        "date": "2012-07-31", 
        "operating_revenue": 1177, 
        "accumulated_operating_revenue": 9038, 
        "long_term_average": 1291, 
        "short_term_average": 1110
    }, 
    {
        "date": "2012-08-31", 
        "operating_revenue": 1051, 
        "accumulated_operating_revenue": 10089, 
        "long_term_average": 1261, 
        "short_term_average": 1093
    }, 
    {
        "date": "2012-09-30", 
        "operating_revenue": 1156, 
        "accumulated_operating_revenue": 11245, 
        "long_term_average": 1249, 
        "short_term_average": 1128
    }, 
    {
        "date": "2012-10-31", 
        "operating_revenue": 49883, 
        "accumulated_operating_revenue": 61128, 
        "long_term_average": 6112, 
        "short_term_average": 17363
    }, 
    {
        "date": "2012-11-30", 
        "operating_revenue": 1051, 
        "accumulated_operating_revenue": 62179, 
        "long_term_average": 5652, 
        "short_term_average": 17363
    }, 
    {
        "date": "2012-12-31", 
        "operating_revenue": 1051, 
        "accumulated_operating_revenue": 63230, 
        "long_term_average": 5269, 
        "short_term_average": 17328
    }, 
    {
        "accumulated_operating_revenue_yoy": -16.888577435178696, 
        "accumulated_operating_revenue": 1186, 
        "long_term_average": 5249, 
        "date": "2013-01-31", 
        "operating_revenue": 1186, 
        "short_term_average": 1096
    }, 
    {
        "accumulated_operating_revenue_yoy": -21.6187806587246, 
        "accumulated_operating_revenue": 2237, 
        "long_term_average": 5217, 
        "date": "2013-02-28", 
        "operating_revenue": 1051, 
        "short_term_average": 1096
    }, 
    {
        "accumulated_operating_revenue_yoy": -23.19551506657323, 
        "accumulated_operating_revenue": 3288, 
        "long_term_average": 5186, 
        "date": "2013-03-31", 
        "operating_revenue": 1051, 
        "short_term_average": 1096
    }, 
    {
        "accumulated_operating_revenue_yoy": -23.983882270497546, 
        "accumulated_operating_revenue": 4339, 
        "long_term_average": 5155, 
        "date": "2013-04-30", 
        "operating_revenue": 1051, 
        "short_term_average": 1051
    }, 
    {
        "accumulated_operating_revenue_yoy": -20.851688693098385, 
        "accumulated_operating_revenue": 5390, 
        "long_term_average": 5150, 
        "date": "2013-05-31", 
        "operating_revenue": 1051, 
        "short_term_average": 1051
    }, 
    {
        "accumulated_operating_revenue_yoy": -18.063859559852435, 
        "accumulated_operating_revenue": 6441, 
        "long_term_average": 5150, 
        "date": "2013-06-30", 
        "operating_revenue": 1051, 
        "short_term_average": 1051
    }, 
    {
        "accumulated_operating_revenue_yoy": -14.350520026554548, 
        "accumulated_operating_revenue": 7741, 
        "long_term_average": 5161, 
        "date": "2013-07-31", 
        "operating_revenue": 1300, 
        "short_term_average": 1134
    }, 
    {
        "accumulated_operating_revenue_yoy": -12.855585290910893, 
        "accumulated_operating_revenue": 8792, 
        "long_term_average": 5161, 
        "date": "2013-08-31", 
        "operating_revenue": 1051, 
        "short_term_average": 1134
    }, 
    {
        "accumulated_operating_revenue_yoy": -12.46776345042241, 
        "accumulated_operating_revenue": 9843, 
        "long_term_average": 5152, 
        "date": "2013-09-30", 
        "operating_revenue": 1051, 
        "short_term_average": 1134
    }, 
    {
        "accumulated_operating_revenue_yoy": -42.12472189503992, 
        "accumulated_operating_revenue": 35378, 
        "long_term_average": 3123, 
        "date": "2013-10-31", 
        "operating_revenue": 25535, 
        "short_term_average": 9212
    }, 
    {
        "accumulated_operating_revenue_yoy": -42.794190964795185, 
        "accumulated_operating_revenue": 35570, 
        "long_term_average": 3051, 
        "date": "2013-11-30", 
        "operating_revenue": 192, 
        "short_term_average": 8926
    }, 
    {
        "accumulated_operating_revenue_yoy": -43.54104064526332, 
        "accumulated_operating_revenue": 35699, 
        "long_term_average": 2974, 
        "date": "2013-12-31", 
        "operating_revenue": 129, 
        "short_term_average": 8618
    }, 
    {
        "accumulated_operating_revenue_yoy": -87.94266441821247, 
        "accumulated_operating_revenue": 143, 
        "long_term_average": 2888, 
        "date": "2014-01-31", 
        "operating_revenue": 143, 
        "short_term_average": 154
    }, 
    {
        "accumulated_operating_revenue_yoy": -92.3661800486618, 
        "accumulated_operating_revenue": 251, 
        "long_term_average": 2809, 
        "date": "2014-03-31", 
        "operating_revenue": 108, 
        "short_term_average": 126
    }, 
    {
        "accumulated_operating_revenue_yoy": -93.56994699239456, 
        "accumulated_operating_revenue": 279, 
        "long_term_average": 2724, 
        "date": "2014-04-30", 
        "operating_revenue": 28, 
        "short_term_average": 93
    }, 
    {
        "accumulated_operating_revenue_yoy": -94.32282003710574, 
        "accumulated_operating_revenue": 306, 
        "long_term_average": 2638, 
        "date": "2014-05-31", 
        "operating_revenue": 27, 
        "short_term_average": 54
    }, 
    {
        "accumulated_operating_revenue_yoy": -94.53501009160068, 
        "accumulated_operating_revenue": 352, 
        "long_term_average": 2555, 
        "date": "2014-06-30", 
        "operating_revenue": 46, 
        "short_term_average": 33
    }, 
    {
        "accumulated_operating_revenue_yoy": -95.10399173233432, 
        "accumulated_operating_revenue": 379, 
        "long_term_average": 2469, 
        "date": "2014-07-31", 
        "operating_revenue": 27, 
        "short_term_average": 33
    }, 
    {
        "accumulated_operating_revenue_yoy": -95.00682438580527, 
        "accumulated_operating_revenue": 439, 
        "long_term_average": 2366, 
        "date": "2014-08-31", 
        "operating_revenue": 60, 
        "short_term_average": 44
    }, 
    {
        "accumulated_operating_revenue_yoy": -95.21487351417251, 
        "accumulated_operating_revenue": 471, 
        "long_term_average": 2281, 
        "date": "2014-09-30", 
        "operating_revenue": 32, 
        "short_term_average": 39
    }, 
    {
        "accumulated_operating_revenue_yoy": -98.59799875628921, 
        "accumulated_operating_revenue": 496, 
        "long_term_average": 2196, 
        "date": "2014-10-31", 
        "operating_revenue": 25, 
        "short_term_average": 39
    }, 
    {
        "accumulated_operating_revenue_yoy": -98.23165588979477, 
        "accumulated_operating_revenue": 629, 
        "long_term_average": 79, 
        "date": "2014-11-30", 
        "operating_revenue": 133, 
        "short_term_average": 63
    }, 
    {
        "accumulated_operating_revenue_yoy": -76.15339365248326, 
        "accumulated_operating_revenue": 8513, 
        "long_term_average": 720, 
        "date": "2014-12-31", 
        "operating_revenue": 7884, 
        "short_term_average": 2680
    }, 
    {
        "accumulated_operating_revenue_yoy": -77.62237762237763, 
        "accumulated_operating_revenue": 32, 
        "long_term_average": 712, 
        "date": "2015-01-31", 
        "operating_revenue": 32, 
        "short_term_average": 2683
    }, 
    {
        "date": "2015-02-28", 
        "operating_revenue": 98, 
        "accumulated_operating_revenue": 130, 
        "long_term_average": 708, 
        "short_term_average": 2671
    }, 
    {
        "accumulated_operating_revenue_yoy": 333.06772908366537, 
        "accumulated_operating_revenue": 1087, 
        "long_term_average": 779, 
        "date": "2015-03-31", 
        "operating_revenue": 957, 
        "short_term_average": 362
    }, 
    {
        "accumulated_operating_revenue_yoy": 399.64157706093187, 
        "accumulated_operating_revenue": 1394, 
        "long_term_average": 802, 
        "date": "2015-04-30", 
        "operating_revenue": 307, 
        "short_term_average": 454
    }, 
    {
        "accumulated_operating_revenue_yoy": 1668.3006535947711, 
        "accumulated_operating_revenue": 5411, 
        "long_term_average": 1134, 
        "date": "2015-05-31", 
        "operating_revenue": 4017, 
        "short_term_average": 1760
    }, 
    {
        "accumulated_operating_revenue_yoy": 1480.9659090909092, 
        "accumulated_operating_revenue": 5565, 
        "long_term_average": 1143, 
        "date": "2015-06-30", 
        "operating_revenue": 154, 
        "short_term_average": 1492
    }, 
    {
        "accumulated_operating_revenue_yoy": 1286.8951612903227, 
        "accumulated_operating_revenue": 6879, 
        "long_term_average": 1251, 
        "date": "2015-10-31", 
        "operating_revenue": 1314, 
        "short_term_average": 1828
    }
]