[
    {
        "date": "2012-01-31", 
        "operating_revenue": 3823, 
        "accumulated_operating_revenue": 3823, 
        "long_term_average": 3823, 
        "short_term_average": 3823
    }, 
    {
        "date": "2012-02-29", 
        "operating_revenue": 4493, 
        "accumulated_operating_revenue": 8316, 
        "long_term_average": 4158, 
        "short_term_average": 4158
    }, 
    {
        "date": "2012-03-31", 
        "operating_revenue": 11026, 
        "accumulated_operating_revenue": 19342, 
        "long_term_average": 6447, 
        "short_term_average": 6447
    }, 
    {
        "date": "2012-04-30", 
        "operating_revenue": 7544, 
        "accumulated_operating_revenue": 26886, 
        "long_term_average": 6721, 
        "short_term_average": 7687
    }, 
    {
        "date": "2012-05-31", 
        "operating_revenue": 13136, 
        "accumulated_operating_revenue": 40022, 
        "long_term_average": 8004, 
        "short_term_average": 10568
    }, 
    {
        "date": "2012-06-30", 
        "operating_revenue": 5678, 
        "accumulated_operating_revenue": 45700, 
        "long_term_average": 7616, 
        "short_term_average": 8786
    }, 
    {
        "date": "2012-07-31", 
        "operating_revenue": 6899, 
        "accumulated_operating_revenue": 52599, 
        "long_term_average": 7514, 
        "short_term_average": 8571
    }, 
    {
        "date": "2012-08-31", 
        "operating_revenue": 6357, 
        "accumulated_operating_revenue": 58956, 
        "long_term_average": 7369, 
        "short_term_average": 6311
    }, 
    {
        "date": "2012-09-30", 
        "operating_revenue": 12441, 
        "accumulated_operating_revenue": 71397, 
        "long_term_average": 7933, 
        "short_term_average": 8565
    }, 
    {
        "date": "2012-10-31", 
        "operating_revenue": 12143, 
        "accumulated_operating_revenue": 83540, 
        "long_term_average": 8354, 
        "short_term_average": 10313
    }, 
    {
        "date": "2012-11-30", 
        "operating_revenue": 5820, 
        "accumulated_operating_revenue": 89360, 
        "long_term_average": 8123, 
        "short_term_average": 10134
    }, 
    {
        "date": "2012-12-31", 
        "operating_revenue": 7920, 
        "accumulated_operating_revenue": 97280, 
        "long_term_average": 8106, 
        "short_term_average": 8627
    }, 
    {
        "accumulated_operating_revenue_yoy": 128.3546952654983, 
        "accumulated_operating_revenue": 8730, 
        "long_term_average": 8515, 
        "date": "2013-01-31", 
        "operating_revenue": 8730, 
        "short_term_average": 7490
    }, 
    {
        "accumulated_operating_revenue_yoy": 58.393458393458396, 
        "accumulated_operating_revenue": 13172, 
        "long_term_average": 8511, 
        "date": "2013-02-28", 
        "operating_revenue": 4442, 
        "short_term_average": 7030
    }, 
    {
        "accumulated_operating_revenue_yoy": 0.1447626925860821, 
        "accumulated_operating_revenue": 19370, 
        "long_term_average": 8109, 
        "date": "2013-03-31", 
        "operating_revenue": 6198, 
        "short_term_average": 6456
    }, 
    {
        "accumulated_operating_revenue_yoy": 12.679461429740385, 
        "accumulated_operating_revenue": 30295, 
        "long_term_average": 8390, 
        "date": "2013-04-30", 
        "operating_revenue": 10925, 
        "short_term_average": 7188
    }, 
    {
        "accumulated_operating_revenue_yoy": -4.42506621358253, 
        "accumulated_operating_revenue": 38251, 
        "long_term_average": 7959, 
        "date": "2013-05-31", 
        "operating_revenue": 7956, 
        "short_term_average": 8359
    }, 
    {
        "accumulated_operating_revenue_yoy": 9.301969365426697, 
        "accumulated_operating_revenue": 49951, 
        "long_term_average": 8460, 
        "date": "2013-06-30", 
        "operating_revenue": 11700, 
        "short_term_average": 10193
    }, 
    {
        "accumulated_operating_revenue_yoy": 14.67138158520124, 
        "accumulated_operating_revenue": 60316, 
        "long_term_average": 8749, 
        "date": "2013-07-31", 
        "operating_revenue": 10365, 
        "short_term_average": 10007
    }, 
    {
        "accumulated_operating_revenue_yoy": 13.399823597258973, 
        "accumulated_operating_revenue": 66856, 
        "long_term_average": 8765, 
        "date": "2013-08-31", 
        "operating_revenue": 6540, 
        "short_term_average": 9535
    }, 
    {
        "accumulated_operating_revenue_yoy": 2.9455019118450356, 
        "accumulated_operating_revenue": 73500, 
        "long_term_average": 8281, 
        "date": "2013-09-30", 
        "operating_revenue": 6644, 
        "short_term_average": 7849
    }, 
    {
        "accumulated_operating_revenue_yoy": -4.139334450562605, 
        "accumulated_operating_revenue": 80082, 
        "long_term_average": 7818, 
        "date": "2013-10-31", 
        "operating_revenue": 6582, 
        "short_term_average": 6588
    }, 
    {
        "accumulated_operating_revenue_yoy": -3.287824529991047, 
        "accumulated_operating_revenue": 86422, 
        "long_term_average": 7861, 
        "date": "2013-11-30", 
        "operating_revenue": 6340, 
        "short_term_average": 6522
    }, 
    {
        "accumulated_operating_revenue_yoy": -1.3826069078947367, 
        "accumulated_operating_revenue": 95935, 
        "long_term_average": 7994, 
        "date": "2013-12-31", 
        "operating_revenue": 9513, 
        "short_term_average": 7478
    }, 
    {
        "accumulated_operating_revenue_yoy": 30.080183276059564, 
        "accumulated_operating_revenue": 11356, 
        "long_term_average": 8213, 
        "date": "2014-01-31", 
        "operating_revenue": 11356, 
        "short_term_average": 9069
    }, 
    {
        "accumulated_operating_revenue_yoy": 57.7588824779836, 
        "accumulated_operating_revenue": 20780, 
        "long_term_average": 8628, 
        "date": "2014-02-28", 
        "operating_revenue": 9424, 
        "short_term_average": 10097
    }, 
    {
        "accumulated_operating_revenue_yoy": 52.111512648425396, 
        "accumulated_operating_revenue": 29464, 
        "long_term_average": 8835, 
        "date": "2014-03-31", 
        "operating_revenue": 8684, 
        "short_term_average": 9821
    }, 
    {
        "accumulated_operating_revenue_yoy": 38.567420366397094, 
        "accumulated_operating_revenue": 41979, 
        "long_term_average": 8968, 
        "date": "2014-04-30", 
        "operating_revenue": 12515, 
        "short_term_average": 10207
    }, 
    {
        "accumulated_operating_revenue_yoy": 33.570364173485665, 
        "accumulated_operating_revenue": 51092, 
        "long_term_average": 9064, 
        "date": "2014-05-31", 
        "operating_revenue": 9113, 
        "short_term_average": 10104
    }, 
    {
        "accumulated_operating_revenue_yoy": 20.20179776180657, 
        "accumulated_operating_revenue": 60042, 
        "long_term_average": 8835, 
        "date": "2014-06-30", 
        "operating_revenue": 8950, 
        "short_term_average": 10192
    }, 
    {
        "accumulated_operating_revenue_yoy": 23.315538165660854, 
        "accumulated_operating_revenue": 74379, 
        "long_term_average": 9166, 
        "date": "2014-07-31", 
        "operating_revenue": 14337, 
        "short_term_average": 10800
    }, 
    {
        "accumulated_operating_revenue_yoy": 41.31416776355151, 
        "accumulated_operating_revenue": 94477, 
        "long_term_average": 10296, 
        "date": "2014-08-31", 
        "operating_revenue": 20098, 
        "short_term_average": 14461
    }, 
    {
        "accumulated_operating_revenue_yoy": 45.2, 
        "accumulated_operating_revenue": 106722, 
        "long_term_average": 10763, 
        "date": "2014-09-30", 
        "operating_revenue": 12245, 
        "short_term_average": 15560
    }, 
    {
        "accumulated_operating_revenue_yoy": 44.50063684723159, 
        "accumulated_operating_revenue": 115719, 
        "long_term_average": 10964, 
        "date": "2014-10-31", 
        "operating_revenue": 8997, 
        "short_term_average": 13780
    }, 
    {
        "accumulated_operating_revenue_yoy": 45.38659137719562, 
        "accumulated_operating_revenue": 125646, 
        "long_term_average": 11263, 
        "date": "2014-11-30", 
        "operating_revenue": 9927, 
        "short_term_average": 10389
    }, 
    {
        "accumulated_operating_revenue_yoy": 39.31620367957471, 
        "accumulated_operating_revenue": 133653, 
        "long_term_average": 11137, 
        "date": "2014-12-31", 
        "operating_revenue": 8007, 
        "short_term_average": 8977
    }, 
    {
        "accumulated_operating_revenue_yoy": -10.021134202183868, 
        "accumulated_operating_revenue": 10218, 
        "long_term_average": 11042, 
        "date": "2015-01-31", 
        "operating_revenue": 10218, 
        "short_term_average": 9384
    }, 
    {
        "accumulated_operating_revenue_yoy": -14.590952839268528, 
        "accumulated_operating_revenue": 17748, 
        "long_term_average": 10885, 
        "date": "2015-02-28", 
        "operating_revenue": 7530, 
        "short_term_average": 8585
    }, 
    {
        "accumulated_operating_revenue_yoy": 17.45859353787673, 
        "accumulated_operating_revenue": 34608, 
        "long_term_average": 11566, 
        "date": "2015-03-31", 
        "operating_revenue": 16860, 
        "short_term_average": 11536
    }, 
    {
        "accumulated_operating_revenue_yoy": 14.049882083899092, 
        "accumulated_operating_revenue": 47877, 
        "long_term_average": 11629, 
        "date": "2015-04-30", 
        "operating_revenue": 13269, 
        "short_term_average": 12553
    }, 
    {
        "accumulated_operating_revenue_yoy": 22.326391607296642, 
        "accumulated_operating_revenue": 62499, 
        "long_term_average": 12088, 
        "date": "2015-05-31", 
        "operating_revenue": 14622, 
        "short_term_average": 14917
    }, 
    {
        "accumulated_operating_revenue_yoy": 24.539489024349624, 
        "accumulated_operating_revenue": 74776, 
        "long_term_average": 12365, 
        "date": "2015-06-30", 
        "operating_revenue": 12277, 
        "short_term_average": 13389
    }, 
    {
        "accumulated_operating_revenue_yoy": 20.090348082119952, 
        "accumulated_operating_revenue": 89322, 
        "long_term_average": 12383, 
        "date": "2015-07-31", 
        "operating_revenue": 14546, 
        "short_term_average": 13815
    }, 
    {
        "accumulated_operating_revenue_yoy": 6.5359823025709956, 
        "accumulated_operating_revenue": 100652, 
        "long_term_average": 11652, 
        "date": "2015-08-31", 
        "operating_revenue": 11330, 
        "short_term_average": 12717
    }
]