[
    {
        "date": "2012-01-31", 
        "operating_revenue": 122294, 
        "accumulated_operating_revenue": 122294, 
        "long_term_average": 122294, 
        "short_term_average": 122294
    }, 
    {
        "date": "2012-02-29", 
        "operating_revenue": 125735, 
        "accumulated_operating_revenue": 248029, 
        "long_term_average": 124014, 
        "short_term_average": 124014
    }, 
    {
        "date": "2012-03-31", 
        "operating_revenue": 133924, 
        "accumulated_operating_revenue": 381953, 
        "long_term_average": 127317, 
        "short_term_average": 127317
    }, 
    {
        "date": "2012-04-30", 
        "operating_revenue": 142866, 
        "accumulated_operating_revenue": 524819, 
        "long_term_average": 131204, 
        "short_term_average": 134175
    }, 
    {
        "date": "2012-05-31", 
        "operating_revenue": 146519, 
        "accumulated_operating_revenue": 671338, 
        "long_term_average": 134267, 
        "short_term_average": 141103
    }, 
    {
        "date": "2012-06-30", 
        "operating_revenue": 113997, 
        "accumulated_operating_revenue": 785335, 
        "long_term_average": 130889, 
        "short_term_average": 134460
    }, 
    {
        "date": "2012-07-31", 
        "operating_revenue": 123018, 
        "accumulated_operating_revenue": 908353, 
        "long_term_average": 129764, 
        "short_term_average": 127844
    }, 
    {
        "date": "2012-08-31", 
        "operating_revenue": 136570, 
        "accumulated_operating_revenue": 1044923, 
        "long_term_average": 130615, 
        "short_term_average": 124528
    }, 
    {
        "date": "2012-09-30", 
        "operating_revenue": 110449, 
        "accumulated_operating_revenue": 1155372, 
        "long_term_average": 128374, 
        "short_term_average": 123345
    }, 
    {
        "date": "2012-10-31", 
        "operating_revenue": 130004, 
        "accumulated_operating_revenue": 1285376, 
        "long_term_average": 128537, 
        "short_term_average": 125674
    }, 
    {
        "date": "2012-11-30", 
        "operating_revenue": 138154, 
        "accumulated_operating_revenue": 1423530, 
        "long_term_average": 129411, 
        "short_term_average": 126202
    }, 
    {
        "date": "2012-12-31", 
        "operating_revenue": 98896, 
        "accumulated_operating_revenue": 1522426, 
        "long_term_average": 126868, 
        "short_term_average": 122351
    }, 
    {
        "accumulated_operating_revenue_yoy": 8.95955647864981, 
        "accumulated_operating_revenue": 133251, 
        "long_term_average": 127781, 
        "date": "2013-01-31", 
        "operating_revenue": 133251, 
        "short_term_average": 123433
    }, 
    {
        "accumulated_operating_revenue_yoy": -4.560757008253067, 
        "accumulated_operating_revenue": 236717, 
        "long_term_average": 125926, 
        "date": "2013-02-28", 
        "operating_revenue": 103466, 
        "short_term_average": 111871
    }, 
    {
        "accumulated_operating_revenue_yoy": -10.166695902375423, 
        "accumulated_operating_revenue": 343121, 
        "long_term_average": 123632, 
        "date": "2013-03-31", 
        "operating_revenue": 106404, 
        "short_term_average": 114373
    }, 
    {
        "accumulated_operating_revenue_yoy": -10.012213734639943, 
        "accumulated_operating_revenue": 472273, 
        "long_term_average": 122490, 
        "date": "2013-04-30", 
        "operating_revenue": 129152, 
        "short_term_average": 113007
    }, 
    {
        "accumulated_operating_revenue_yoy": -9.18374946748136, 
        "accumulated_operating_revenue": 609684, 
        "long_term_average": 121731, 
        "date": "2013-05-31", 
        "operating_revenue": 137411, 
        "short_term_average": 124322
    }, 
    {
        "accumulated_operating_revenue_yoy": -10.27192217334004, 
        "accumulated_operating_revenue": 704666, 
        "long_term_average": 120146, 
        "date": "2013-06-30", 
        "operating_revenue": 94982, 
        "short_term_average": 120515
    }, 
    {
        "accumulated_operating_revenue_yoy": -9.07829885518075, 
        "accumulated_operating_revenue": 825890, 
        "long_term_average": 119996, 
        "date": "2013-07-31", 
        "operating_revenue": 121224, 
        "short_term_average": 117872
    }, 
    {
        "accumulated_operating_revenue_yoy": -8.471629009984467, 
        "accumulated_operating_revenue": 956401, 
        "long_term_average": 119492, 
        "date": "2013-08-31", 
        "operating_revenue": 130511, 
        "short_term_average": 115572
    }, 
    {
        "accumulated_operating_revenue_yoy": -7.725217505703791, 
        "accumulated_operating_revenue": 1066117, 
        "long_term_average": 119430, 
        "date": "2013-09-30", 
        "operating_revenue": 109716, 
        "short_term_average": 120483
    }, 
    {
        "accumulated_operating_revenue_yoy": -6.913619049990041, 
        "accumulated_operating_revenue": 1196510, 
        "long_term_average": 119463, 
        "date": "2013-10-31", 
        "operating_revenue": 130393, 
        "short_term_average": 123540
    }, 
    {
        "accumulated_operating_revenue_yoy": -5.628824120320611, 
        "accumulated_operating_revenue": 1343402, 
        "long_term_average": 120191, 
        "date": "2013-11-30", 
        "operating_revenue": 146892, 
        "short_term_average": 129000
    }, 
    {
        "accumulated_operating_revenue_yoy": -5.02875016585371, 
        "accumulated_operating_revenue": 1445867, 
        "long_term_average": 120488, 
        "date": "2013-12-31", 
        "operating_revenue": 102465, 
        "short_term_average": 126583
    }, 
    {
        "accumulated_operating_revenue_yoy": -18.272283134835764, 
        "accumulated_operating_revenue": 108903, 
        "long_term_average": 118459, 
        "date": "2014-01-31", 
        "operating_revenue": 108903, 
        "short_term_average": 119420
    }, 
    {
        "accumulated_operating_revenue_yoy": -6.840657831925887, 
        "accumulated_operating_revenue": 220524, 
        "long_term_average": 119139, 
        "date": "2014-02-28", 
        "operating_revenue": 111621, 
        "short_term_average": 107663
    }, 
    {
        "accumulated_operating_revenue_yoy": -6.677236310222924, 
        "accumulated_operating_revenue": 320210, 
        "long_term_average": 118579, 
        "date": "2014-03-31", 
        "operating_revenue": 99686, 
        "short_term_average": 106736
    }, 
    {
        "accumulated_operating_revenue_yoy": -6.087157216271097, 
        "accumulated_operating_revenue": 443525, 
        "long_term_average": 118093, 
        "date": "2014-04-30", 
        "operating_revenue": 123315, 
        "short_term_average": 111540
    }, 
    {
        "accumulated_operating_revenue_yoy": -5.081812873554169, 
        "accumulated_operating_revenue": 578701, 
        "long_term_average": 117907, 
        "date": "2014-05-31", 
        "operating_revenue": 135176, 
        "short_term_average": 119392
    }, 
    {
        "accumulated_operating_revenue_yoy": -3.8442325867857967, 
        "accumulated_operating_revenue": 677577, 
        "long_term_average": 118231, 
        "date": "2014-06-30", 
        "operating_revenue": 98876, 
        "short_term_average": 119122
    }, 
    {
        "accumulated_operating_revenue_yoy": -4.356149123975348, 
        "accumulated_operating_revenue": 789913, 
        "long_term_average": 117490, 
        "date": "2014-07-31", 
        "operating_revenue": 112336, 
        "short_term_average": 115462
    }, 
    {
        "accumulated_operating_revenue_yoy": -5.655472965837551, 
        "accumulated_operating_revenue": 902312, 
        "long_term_average": 115981, 
        "date": "2014-08-31", 
        "operating_revenue": 112399, 
        "short_term_average": 107870
    }, 
    {
        "accumulated_operating_revenue_yoy": -5.144369708015162, 
        "accumulated_operating_revenue": 1011272, 
        "long_term_average": 115918, 
        "date": "2014-09-30", 
        "operating_revenue": 108960, 
        "short_term_average": 111231
    }, 
    {
        "accumulated_operating_revenue_yoy": -5.627867715271916, 
        "accumulated_operating_revenue": 1129172, 
        "long_term_average": 114877, 
        "date": "2014-10-31", 
        "operating_revenue": 117900, 
        "short_term_average": 113086
    }, 
    {
        "accumulated_operating_revenue_yoy": -7.590207547703518, 
        "accumulated_operating_revenue": 1241435, 
        "long_term_average": 111991, 
        "date": "2014-11-30", 
        "operating_revenue": 112263, 
        "short_term_average": 113041
    }, 
    {
        "accumulated_operating_revenue_yoy": -5.969912861971398, 
        "accumulated_operating_revenue": 1359550, 
        "long_term_average": 113295, 
        "date": "2014-12-31", 
        "operating_revenue": 118115, 
        "short_term_average": 116092
    }, 
    {
        "accumulated_operating_revenue_yoy": 2.5343654444781136, 
        "accumulated_operating_revenue": 111663, 
        "long_term_average": 113525, 
        "date": "2015-01-31", 
        "operating_revenue": 111663, 
        "short_term_average": 114013
    }, 
    {
        "accumulated_operating_revenue_yoy": -1.278772378516624, 
        "accumulated_operating_revenue": 217704, 
        "long_term_average": 113060, 
        "date": "2015-02-28", 
        "operating_revenue": 106041, 
        "short_term_average": 111939
    }, 
    {
        "accumulated_operating_revenue_yoy": 3.136066956060086, 
        "accumulated_operating_revenue": 330252, 
        "long_term_average": 114132, 
        "date": "2015-03-31", 
        "operating_revenue": 112548, 
        "short_term_average": 110084
    }, 
    {
        "accumulated_operating_revenue_yoy": 0.15038611126768503, 
        "accumulated_operating_revenue": 444192, 
        "long_term_average": 113351, 
        "date": "2015-04-30", 
        "operating_revenue": 113940, 
        "short_term_average": 110843
    }, 
    {
        "accumulated_operating_revenue_yoy": 0.11439413444939614, 
        "accumulated_operating_revenue": 579363, 
        "long_term_average": 113351, 
        "date": "2015-05-31", 
        "operating_revenue": 135171, 
        "short_term_average": 120553
    }, 
    {
        "accumulated_operating_revenue_yoy": -0.22403357847152428, 
        "accumulated_operating_revenue": 676059, 
        "long_term_average": 113169, 
        "date": "2015-06-30", 
        "operating_revenue": 96696, 
        "short_term_average": 115269
    }, 
    {
        "accumulated_operating_revenue_yoy": -1.0531539549292137, 
        "accumulated_operating_revenue": 781594, 
        "long_term_average": 112602, 
        "date": "2015-07-31", 
        "operating_revenue": 105535, 
        "short_term_average": 112467
    }, 
    {
        "accumulated_operating_revenue_yoy": -0.3673895503994184, 
        "accumulated_operating_revenue": 898997, 
        "long_term_average": 113019, 
        "date": "2015-08-31", 
        "operating_revenue": 117403, 
        "short_term_average": 106544
    }
]