[
    {
        "date": "2012-01-31", 
        "operating_revenue": 237616, 
        "accumulated_operating_revenue": 237616, 
        "long_term_average": 237616, 
        "short_term_average": 237616
    }, 
    {
        "date": "2012-02-29", 
        "operating_revenue": 236875, 
        "accumulated_operating_revenue": 474491, 
        "long_term_average": 237245, 
        "short_term_average": 237245
    }, 
    {
        "date": "2012-03-31", 
        "operating_revenue": 262610, 
        "accumulated_operating_revenue": 737101, 
        "long_term_average": 245700, 
        "short_term_average": 245700
    }, 
    {
        "date": "2012-04-30", 
        "operating_revenue": 242861, 
        "accumulated_operating_revenue": 979962, 
        "long_term_average": 244990, 
        "short_term_average": 247448
    }, 
    {
        "date": "2012-05-31", 
        "operating_revenue": 245186, 
        "accumulated_operating_revenue": 1225148, 
        "long_term_average": 245029, 
        "short_term_average": 250219
    }, 
    {
        "date": "2012-06-30", 
        "operating_revenue": 277555, 
        "accumulated_operating_revenue": 1502703, 
        "long_term_average": 250450, 
        "short_term_average": 255200
    }, 
    {
        "date": "2012-07-31", 
        "operating_revenue": 257704, 
        "accumulated_operating_revenue": 1760407, 
        "long_term_average": 251486, 
        "short_term_average": 260148
    }, 
    {
        "date": "2012-08-31", 
        "operating_revenue": 268863, 
        "accumulated_operating_revenue": 2029270, 
        "long_term_average": 253658, 
        "short_term_average": 268040
    }, 
    {
        "date": "2012-09-30", 
        "operating_revenue": 265141, 
        "accumulated_operating_revenue": 2294411, 
        "long_term_average": 254934, 
        "short_term_average": 263902
    }, 
    {
        "date": "2012-10-31", 
        "operating_revenue": 276430, 
        "accumulated_operating_revenue": 2570841, 
        "long_term_average": 257084, 
        "short_term_average": 270144
    }, 
    {
        "date": "2012-11-30", 
        "operating_revenue": 257856, 
        "accumulated_operating_revenue": 2828697, 
        "long_term_average": 257154, 
        "short_term_average": 266475
    }, 
    {
        "date": "2012-12-31", 
        "operating_revenue": 317347, 
        "accumulated_operating_revenue": 3146044, 
        "long_term_average": 262170, 
        "short_term_average": 283877
    }, 
    {
        "accumulated_operating_revenue_yoy": 17.314911453774158, 
        "accumulated_operating_revenue": 278759, 
        "long_term_average": 265598, 
        "date": "2013-01-31", 
        "operating_revenue": 278759, 
        "short_term_average": 284654
    }, 
    {
        "accumulated_operating_revenue_yoy": 9.97637468360833, 
        "accumulated_operating_revenue": 521828, 
        "long_term_average": 266115, 
        "date": "2013-02-28", 
        "operating_revenue": 243069, 
        "short_term_average": 279725
    }, 
    {
        "accumulated_operating_revenue_yoy": 9.341189334975804, 
        "accumulated_operating_revenue": 805955, 
        "long_term_average": 267908, 
        "date": "2013-03-31", 
        "operating_revenue": 284127, 
        "short_term_average": 268651
    }, 
    {
        "accumulated_operating_revenue_yoy": 10.193660570511918, 
        "accumulated_operating_revenue": 1079856, 
        "long_term_average": 270494, 
        "date": "2013-04-30", 
        "operating_revenue": 273901, 
        "short_term_average": 267032
    }, 
    {
        "accumulated_operating_revenue_yoy": 10.761638593867843, 
        "accumulated_operating_revenue": 1356994, 
        "long_term_average": 273157, 
        "date": "2013-05-31", 
        "operating_revenue": 277138, 
        "short_term_average": 278388
    }, 
    {
        "accumulated_operating_revenue_yoy": 10.840332387704024, 
        "accumulated_operating_revenue": 1665601, 
        "long_term_average": 275745, 
        "date": "2013-06-30", 
        "operating_revenue": 308607, 
        "short_term_average": 286548
    }, 
    {
        "accumulated_operating_revenue_yoy": 9.95559549581432, 
        "accumulated_operating_revenue": 1935666, 
        "long_term_average": 276775, 
        "date": "2013-07-31", 
        "operating_revenue": 270065, 
        "short_term_average": 285270
    }, 
    {
        "accumulated_operating_revenue_yoy": 9.070355349460643, 
        "accumulated_operating_revenue": 2213332, 
        "long_term_average": 277508, 
        "date": "2013-08-31", 
        "operating_revenue": 277666, 
        "short_term_average": 285446
    }, 
    {
        "accumulated_operating_revenue_yoy": 8.605040683643864, 
        "accumulated_operating_revenue": 2491846, 
        "long_term_average": 278623, 
        "date": "2013-09-30", 
        "operating_revenue": 278514, 
        "short_term_average": 275415
    }, 
    {
        "accumulated_operating_revenue_yoy": 7.747775922353814, 
        "accumulated_operating_revenue": 2770024, 
        "long_term_average": 278768, 
        "date": "2013-10-31", 
        "operating_revenue": 278178, 
        "short_term_average": 278119
    }, 
    {
        "accumulated_operating_revenue_yoy": 7.051373830424397, 
        "accumulated_operating_revenue": 3028159, 
        "long_term_average": 278792, 
        "date": "2013-11-30", 
        "operating_revenue": 258135, 
        "short_term_average": 271609
    }, 
    {
        "accumulated_operating_revenue_yoy": 7.012680051518669, 
        "accumulated_operating_revenue": 3366666, 
        "long_term_average": 280555, 
        "date": "2013-12-31", 
        "operating_revenue": 338507, 
        "short_term_average": 291606
    }, 
    {
        "accumulated_operating_revenue_yoy": 1.6038944034093967, 
        "accumulated_operating_revenue": 283230, 
        "long_term_average": 280928, 
        "date": "2014-01-31", 
        "operating_revenue": 283230, 
        "short_term_average": 293290
    }, 
    {
        "accumulated_operating_revenue_yoy": 1.828955134642066, 
        "accumulated_operating_revenue": 531372, 
        "long_term_average": 281350, 
        "date": "2014-02-28", 
        "operating_revenue": 248142, 
        "short_term_average": 289959
    }, 
    {
        "accumulated_operating_revenue_yoy": 2.3045951697055047, 
        "accumulated_operating_revenue": 824529, 
        "long_term_average": 282103, 
        "date": "2014-03-31", 
        "operating_revenue": 293157, 
        "short_term_average": 274843
    }, 
    {
        "accumulated_operating_revenue_yoy": 2.3029922508186274, 
        "accumulated_operating_revenue": 1104725, 
        "long_term_average": 282627, 
        "date": "2014-04-30", 
        "operating_revenue": 280196, 
        "short_term_average": 273831
    }, 
    {
        "accumulated_operating_revenue_yoy": 2.5897682672141515, 
        "accumulated_operating_revenue": 1392137, 
        "long_term_average": 283484, 
        "date": "2014-05-31", 
        "operating_revenue": 287412, 
        "short_term_average": 286921
    }, 
    {
        "accumulated_operating_revenue_yoy": 3.451546919100073, 
        "accumulated_operating_revenue": 1723090, 
        "long_term_average": 285346, 
        "date": "2014-06-30", 
        "operating_revenue": 330953, 
        "short_term_average": 299520
    }, 
    {
        "accumulated_operating_revenue_yoy": 4.85708794802409, 
        "accumulated_operating_revenue": 2029683, 
        "long_term_average": 288390, 
        "date": "2014-07-31", 
        "operating_revenue": 306593, 
        "short_term_average": 308319
    }, 
    {
        "accumulated_operating_revenue_yoy": 5.426976160829013, 
        "accumulated_operating_revenue": 2333449, 
        "long_term_average": 290565, 
        "date": "2014-08-31", 
        "operating_revenue": 303766, 
        "short_term_average": 313770
    }, 
    {
        "accumulated_operating_revenue_yoy": 6.085127251041999, 
        "accumulated_operating_revenue": 2643478, 
        "long_term_average": 293191, 
        "date": "2014-09-30", 
        "operating_revenue": 310029, 
        "short_term_average": 306796
    }, 
    {
        "accumulated_operating_revenue_yoy": 6.604780319592899, 
        "accumulated_operating_revenue": 2952978, 
        "long_term_average": 295801, 
        "date": "2014-10-31", 
        "operating_revenue": 309500, 
        "short_term_average": 307765
    }, 
    {
        "accumulated_operating_revenue_yoy": 6.83329376033425, 
        "accumulated_operating_revenue": 3235082, 
        "long_term_average": 297799, 
        "date": "2014-11-30", 
        "operating_revenue": 282104, 
        "short_term_average": 300544
    }, 
    {
        "accumulated_operating_revenue_yoy": 7.168130132302997, 
        "accumulated_operating_revenue": 3607993, 
        "long_term_average": 300666, 
        "date": "2014-12-31", 
        "operating_revenue": 372911, 
        "short_term_average": 321505
    }, 
    {
        "accumulated_operating_revenue_yoy": 4.2650849133213296, 
        "accumulated_operating_revenue": 295310, 
        "long_term_average": 301672, 
        "date": "2015-01-31", 
        "operating_revenue": 295310, 
        "short_term_average": 316775
    }, 
    {
        "accumulated_operating_revenue_yoy": 6.761364919491429, 
        "accumulated_operating_revenue": 567300, 
        "long_term_average": 303660, 
        "date": "2015-02-28", 
        "operating_revenue": 271990, 
        "short_term_average": 313403
    }, 
    {
        "accumulated_operating_revenue_yoy": 9.189124942846158, 
        "accumulated_operating_revenue": 900296, 
        "long_term_average": 306980, 
        "date": "2015-03-31", 
        "operating_revenue": 332996, 
        "short_term_average": 300098
    }, 
    {
        "accumulated_operating_revenue_yoy": 9.152051415510648, 
        "accumulated_operating_revenue": 1205830, 
        "long_term_average": 309091, 
        "date": "2015-04-30", 
        "operating_revenue": 305534, 
        "short_term_average": 303506
    }, 
    {
        "accumulated_operating_revenue_yoy": 8.9226132198196, 
        "accumulated_operating_revenue": 1516352, 
        "long_term_average": 311017, 
        "date": "2015-05-31", 
        "operating_revenue": 310522, 
        "short_term_average": 316350
    }, 
    {
        "accumulated_operating_revenue_yoy": 8.753924635393393, 
        "accumulated_operating_revenue": 1873928, 
        "long_term_average": 313235, 
        "date": "2015-06-30", 
        "operating_revenue": 357576, 
        "short_term_average": 324544
    }, 
    {
        "accumulated_operating_revenue_yoy": 7.86802668199911, 
        "accumulated_operating_revenue": 2189379, 
        "long_term_average": 313974, 
        "date": "2015-07-31", 
        "operating_revenue": 315451, 
        "short_term_average": 327849
    }, 
    {
        "accumulated_operating_revenue_yoy": 7.159702226189644, 
        "accumulated_operating_revenue": 2500517, 
        "long_term_average": 314588, 
        "date": "2015-08-31", 
        "operating_revenue": 311138, 
        "short_term_average": 328055
    }
]