[
    {
        "date": "2012-01-31", 
        "operating_revenue": 12465, 
        "accumulated_operating_revenue": 12465, 
        "long_term_average": 12465, 
        "short_term_average": 12465
    }, 
    {
        "date": "2012-02-29", 
        "operating_revenue": 20452, 
        "accumulated_operating_revenue": 32917, 
        "long_term_average": 16458, 
        "short_term_average": 16458
    }, 
    {
        "date": "2012-03-31", 
        "operating_revenue": 40590, 
        "accumulated_operating_revenue": 73507, 
        "long_term_average": 24502, 
        "short_term_average": 24502
    }, 
    {
        "date": "2012-04-30", 
        "operating_revenue": 35190, 
        "accumulated_operating_revenue": 108697, 
        "long_term_average": 27174, 
        "short_term_average": 32077
    }, 
    {
        "date": "2012-05-31", 
        "operating_revenue": 34175, 
        "accumulated_operating_revenue": 142872, 
        "long_term_average": 28574, 
        "short_term_average": 36651
    }, 
    {
        "date": "2012-06-30", 
        "operating_revenue": 34172, 
        "accumulated_operating_revenue": 177044, 
        "long_term_average": 29507, 
        "short_term_average": 34512
    }, 
    {
        "date": "2012-07-31", 
        "operating_revenue": 35550, 
        "accumulated_operating_revenue": 212594, 
        "long_term_average": 30370, 
        "short_term_average": 34632
    }, 
    {
        "date": "2012-08-31", 
        "operating_revenue": 35938, 
        "accumulated_operating_revenue": 248532, 
        "long_term_average": 31066, 
        "short_term_average": 35220
    }, 
    {
        "date": "2012-09-30", 
        "operating_revenue": 29240, 
        "accumulated_operating_revenue": 277772, 
        "long_term_average": 30863, 
        "short_term_average": 33576
    }, 
    {
        "date": "2012-10-31", 
        "operating_revenue": 40885, 
        "accumulated_operating_revenue": 318657, 
        "long_term_average": 31865, 
        "short_term_average": 35354
    }, 
    {
        "date": "2012-11-30", 
        "operating_revenue": 22385, 
        "accumulated_operating_revenue": 341042, 
        "long_term_average": 31003, 
        "short_term_average": 30836
    }, 
    {
        "date": "2012-12-31", 
        "operating_revenue": 13662, 
        "accumulated_operating_revenue": 354704, 
        "long_term_average": 29558, 
        "short_term_average": 25644
    }, 
    {
        "accumulated_operating_revenue_yoy": -15.395106297633374, 
        "accumulated_operating_revenue": 10546, 
        "long_term_average": 29398, 
        "date": "2013-01-31", 
        "operating_revenue": 10546, 
        "short_term_average": 15531
    }, 
    {
        "accumulated_operating_revenue_yoy": -31.163228726797705, 
        "accumulated_operating_revenue": 22659, 
        "long_term_average": 28703, 
        "date": "2013-02-28", 
        "operating_revenue": 12113, 
        "short_term_average": 12107
    }, 
    {
        "accumulated_operating_revenue_yoy": -50.42104833553267, 
        "accumulated_operating_revenue": 36444, 
        "long_term_average": 26470, 
        "date": "2013-03-31", 
        "operating_revenue": 13785, 
        "short_term_average": 12148
    }, 
    {
        "accumulated_operating_revenue_yoy": -55.495551855157, 
        "accumulated_operating_revenue": 48375, 
        "long_term_average": 24531, 
        "date": "2013-04-30", 
        "operating_revenue": 11931, 
        "short_term_average": 12609
    }, 
    {
        "accumulated_operating_revenue_yoy": -56.6969035220337, 
        "accumulated_operating_revenue": 61868, 
        "long_term_average": 22808, 
        "date": "2013-05-31", 
        "operating_revenue": 13493, 
        "short_term_average": 13069
    }, 
    {
        "accumulated_operating_revenue_yoy": -61.98515623234903, 
        "accumulated_operating_revenue": 67303, 
        "long_term_average": 20413, 
        "date": "2013-06-30", 
        "operating_revenue": 5435, 
        "short_term_average": 10286
    }, 
    {
        "accumulated_operating_revenue_yoy": -51.18676914682446, 
        "accumulated_operating_revenue": 103774, 
        "long_term_average": 20490, 
        "date": "2013-07-31", 
        "operating_revenue": 36471, 
        "short_term_average": 18466
    }, 
    {
        "accumulated_operating_revenue_yoy": -38.593822928234594, 
        "accumulated_operating_revenue": 152614, 
        "long_term_average": 21565, 
        "date": "2013-08-31", 
        "operating_revenue": 48840, 
        "short_term_average": 30248
    }, 
    {
        "accumulated_operating_revenue_yoy": -30.827441210777184, 
        "accumulated_operating_revenue": 192142, 
        "long_term_average": 22422, 
        "date": "2013-09-30", 
        "operating_revenue": 39528, 
        "short_term_average": 41613
    }, 
    {
        "accumulated_operating_revenue_yoy": -23.07496775529802, 
        "accumulated_operating_revenue": 245127, 
        "long_term_average": 23431, 
        "date": "2013-10-31", 
        "operating_revenue": 52985, 
        "short_term_average": 47117
    }, 
    {
        "accumulated_operating_revenue_yoy": -5.640067792236733, 
        "accumulated_operating_revenue": 321807, 
        "long_term_average": 27955, 
        "date": "2013-11-30", 
        "operating_revenue": 76680, 
        "short_term_average": 56397
    }, 
    {
        "accumulated_operating_revenue_yoy": 4.449343678109071, 
        "accumulated_operating_revenue": 370486, 
        "long_term_average": 30873, 
        "date": "2013-12-31", 
        "operating_revenue": 48679, 
        "short_term_average": 59448
    }, 
    {
        "accumulated_operating_revenue_yoy": 501.6309501232695, 
        "accumulated_operating_revenue": 63448, 
        "long_term_average": 35282, 
        "date": "2014-01-31", 
        "operating_revenue": 63448, 
        "short_term_average": 62935
    }, 
    {
        "accumulated_operating_revenue_yoy": 250.78335319299177, 
        "accumulated_operating_revenue": 79484, 
        "long_term_average": 35609, 
        "date": "2014-02-28", 
        "operating_revenue": 16036, 
        "short_term_average": 42721
    }, 
    {
        "accumulated_operating_revenue_yoy": 156.22324662495885, 
        "accumulated_operating_revenue": 93378, 
        "long_term_average": 35618, 
        "date": "2014-03-31", 
        "operating_revenue": 13894, 
        "short_term_average": 31126
    }, 
    {
        "accumulated_operating_revenue_yoy": 229.21343669250643, 
        "accumulated_operating_revenue": 159257, 
        "long_term_average": 40114, 
        "date": "2014-04-30", 
        "operating_revenue": 65879, 
        "short_term_average": 31936
    }, 
    {
        "accumulated_operating_revenue_yoy": 174.35992758776752, 
        "accumulated_operating_revenue": 169741, 
        "long_term_average": 39863, 
        "date": "2014-05-31", 
        "operating_revenue": 10484, 
        "short_term_average": 30085
    }, 
    {
        "accumulated_operating_revenue_yoy": 165.06545027710504, 
        "accumulated_operating_revenue": 178397, 
        "long_term_average": 40131, 
        "date": "2014-06-30", 
        "operating_revenue": 8656, 
        "short_term_average": 28339
    }, 
    {
        "accumulated_operating_revenue_yoy": 81.9819993447299, 
        "accumulated_operating_revenue": 188850, 
        "long_term_average": 37963, 
        "date": "2014-07-31", 
        "operating_revenue": 10453, 
        "short_term_average": 9864
    }, 
    {
        "accumulated_operating_revenue_yoy": 68.30172854390815, 
        "accumulated_operating_revenue": 256852, 
        "long_term_average": 39560, 
        "date": "2014-08-31", 
        "operating_revenue": 68002, 
        "short_term_average": 29037
    }, 
    {
        "accumulated_operating_revenue_yoy": 34.60461533657399, 
        "accumulated_operating_revenue": 258632, 
        "long_term_average": 36414, 
        "date": "2014-09-30", 
        "operating_revenue": 1780, 
        "short_term_average": 26745
    }, 
    {
        "accumulated_operating_revenue_yoy": 11.850999685877117, 
        "accumulated_operating_revenue": 274177, 
        "long_term_average": 33294, 
        "date": "2014-10-31", 
        "operating_revenue": 15545, 
        "short_term_average": 28442
    }, 
    {
        "accumulated_operating_revenue_yoy": -2.3100802655007504, 
        "accumulated_operating_revenue": 314373, 
        "long_term_average": 30254, 
        "date": "2014-11-30", 
        "operating_revenue": 40196, 
        "short_term_average": 19173
    }, 
    {
        "accumulated_operating_revenue_yoy": -4.823124220618323, 
        "accumulated_operating_revenue": 352617, 
        "long_term_average": 29384, 
        "date": "2014-12-31", 
        "operating_revenue": 38244, 
        "short_term_average": 31328
    }, 
    {
        "accumulated_operating_revenue_yoy": -74.68320514437019, 
        "accumulated_operating_revenue": 16063, 
        "long_term_average": 25436, 
        "date": "2015-01-31", 
        "operating_revenue": 16063, 
        "short_term_average": 31501
    }, 
    {
        "accumulated_operating_revenue_yoy": -56.94982638015198, 
        "accumulated_operating_revenue": 34218, 
        "long_term_average": 25612, 
        "date": "2015-02-28", 
        "operating_revenue": 18155, 
        "short_term_average": 24154
    }, 
    {
        "accumulated_operating_revenue_yoy": -20.90642335453747, 
        "accumulated_operating_revenue": 73856, 
        "long_term_average": 27757, 
        "date": "2015-03-31", 
        "operating_revenue": 39638, 
        "short_term_average": 24618
    }, 
    {
        "accumulated_operating_revenue_yoy": -41.488286229176744, 
        "accumulated_operating_revenue": 93184, 
        "long_term_average": 23878, 
        "date": "2015-04-30", 
        "operating_revenue": 19328, 
        "short_term_average": 25707
    }, 
    {
        "accumulated_operating_revenue_yoy": -33.88574357403338, 
        "accumulated_operating_revenue": 112223, 
        "long_term_average": 24591, 
        "date": "2015-05-31", 
        "operating_revenue": 19039, 
        "short_term_average": 26001
    }, 
    {
        "accumulated_operating_revenue_yoy": -17.376973828035226, 
        "accumulated_operating_revenue": 147397, 
        "long_term_average": 26801, 
        "date": "2015-06-30", 
        "operating_revenue": 35174, 
        "short_term_average": 24513
    }, 
    {
        "accumulated_operating_revenue_yoy": -1.4212337834259994, 
        "accumulated_operating_revenue": 186166, 
        "long_term_average": 29161, 
        "date": "2015-07-31", 
        "operating_revenue": 38769, 
        "short_term_average": 30994
    }, 
    {
        "accumulated_operating_revenue_yoy": -6.483500225810973, 
        "accumulated_operating_revenue": 240199, 
        "long_term_average": 27997, 
        "date": "2015-08-31", 
        "operating_revenue": 54033, 
        "short_term_average": 42658
    }, 
    {
        "accumulated_operating_revenue_yoy": 11.382968851495562, 
        "accumulated_operating_revenue": 288072, 
        "long_term_average": 31838, 
        "date": "2015-09-30", 
        "operating_revenue": 47873, 
        "short_term_average": 46891
    }
]