[
    {
        "date": "2013-10-31", 
        "operating_revenue": 216, 
        "accumulated_operating_revenue": 216, 
        "long_term_average": 216, 
        "short_term_average": 216
    }, 
    {
        "date": "2013-11-30", 
        "operating_revenue": 264, 
        "accumulated_operating_revenue": 480, 
        "long_term_average": 240, 
        "short_term_average": 240
    }, 
    {
        "date": "2013-12-31", 
        "operating_revenue": 283, 
        "accumulated_operating_revenue": 763, 
        "long_term_average": 254, 
        "short_term_average": 254
    }, 
    {
        "date": "2014-01-31", 
        "operating_revenue": 250, 
        "accumulated_operating_revenue": 250, 
        "long_term_average": 253, 
        "short_term_average": 265
    }, 
    {
        "date": "2014-02-28", 
        "operating_revenue": 397, 
        "accumulated_operating_revenue": 647, 
        "long_term_average": 282, 
        "short_term_average": 310
    }, 
    {
        "date": "2014-03-31", 
        "operating_revenue": 396, 
        "accumulated_operating_revenue": 1043, 
        "long_term_average": 301, 
        "short_term_average": 347
    }, 
    {
        "date": "2014-04-30", 
        "operating_revenue": 473, 
        "accumulated_operating_revenue": 1516, 
        "long_term_average": 325, 
        "short_term_average": 422
    }, 
    {
        "date": "2014-05-31", 
        "operating_revenue": 431, 
        "accumulated_operating_revenue": 1947, 
        "long_term_average": 338, 
        "short_term_average": 433
    }, 
    {
        "date": "2014-06-30", 
        "operating_revenue": 306, 
        "accumulated_operating_revenue": 2253, 
        "long_term_average": 335, 
        "short_term_average": 403
    }, 
    {
        "date": "2014-07-31", 
        "operating_revenue": 463, 
        "accumulated_operating_revenue": 2716, 
        "long_term_average": 347, 
        "short_term_average": 400
    }, 
    {
        "date": "2014-08-31", 
        "operating_revenue": 409, 
        "accumulated_operating_revenue": 3125, 
        "long_term_average": 353, 
        "short_term_average": 392
    }, 
    {
        "date": "2014-09-30", 
        "operating_revenue": 423, 
        "accumulated_operating_revenue": 3548, 
        "long_term_average": 359, 
        "short_term_average": 431
    }, 
    {
        "accumulated_operating_revenue_yoy": 1820.3703703703702, 
        "accumulated_operating_revenue": 4148, 
        "long_term_average": 391, 
        "date": "2014-10-31", 
        "operating_revenue": 600, 
        "short_term_average": 477
    }, 
    {
        "accumulated_operating_revenue_yoy": 852.2916666666667, 
        "accumulated_operating_revenue": 4571, 
        "long_term_average": 404, 
        "date": "2014-11-30", 
        "operating_revenue": 423, 
        "short_term_average": 482
    }, 
    {
        "accumulated_operating_revenue_yoy": 564.2201834862385, 
        "accumulated_operating_revenue": 5068, 
        "long_term_average": 422, 
        "date": "2014-12-31", 
        "operating_revenue": 497, 
        "short_term_average": 506
    }, 
    {
        "accumulated_operating_revenue_yoy": 56.39999999999999, 
        "accumulated_operating_revenue": 391, 
        "long_term_average": 434, 
        "date": "2015-01-31", 
        "operating_revenue": 391, 
        "short_term_average": 437
    }, 
    {
        "accumulated_operating_revenue_yoy": 10.819165378670787, 
        "accumulated_operating_revenue": 717, 
        "long_term_average": 428, 
        "date": "2015-02-28", 
        "operating_revenue": 326, 
        "short_term_average": 404
    }, 
    {
        "accumulated_operating_revenue_yoy": 25.69511025886865, 
        "accumulated_operating_revenue": 1311, 
        "long_term_average": 444, 
        "date": "2015-03-31", 
        "operating_revenue": 594, 
        "short_term_average": 437
    }, 
    {
        "accumulated_operating_revenue_yoy": 17.54617414248021, 
        "accumulated_operating_revenue": 1782, 
        "long_term_average": 444, 
        "date": "2015-04-30", 
        "operating_revenue": 471, 
        "short_term_average": 463
    }, 
    {
        "accumulated_operating_revenue_yoy": 15.562403697996919, 
        "accumulated_operating_revenue": 2250, 
        "long_term_average": 447, 
        "date": "2015-05-31", 
        "operating_revenue": 468, 
        "short_term_average": 511
    }, 
    {
        "accumulated_operating_revenue_yoy": 426.6755437194852, 
        "accumulated_operating_revenue": 11866, 
        "long_term_average": 1223, 
        "date": "2015-06-30", 
        "operating_revenue": 9616, 
        "short_term_average": 3518
    }, 
    {
        "accumulated_operating_revenue_yoy": 357.84241531664213, 
        "accumulated_operating_revenue": 12435, 
        "long_term_average": 1232, 
        "date": "2015-07-31", 
        "operating_revenue": 569, 
        "short_term_average": 3551
    }, 
    {
        "accumulated_operating_revenue_yoy": 314.94399999999996, 
        "accumulated_operating_revenue": 12967, 
        "long_term_average": 1242, 
        "date": "2015-08-31", 
        "operating_revenue": 532, 
        "short_term_average": 3572
    }
]