[
    {
        "date": "2013-04-30", 
        "operating_revenue": 41517, 
        "accumulated_operating_revenue": 41517, 
        "long_term_average": 41517, 
        "short_term_average": 41517
    }, 
    {
        "date": "2013-05-31", 
        "operating_revenue": 31578, 
        "accumulated_operating_revenue": 73095, 
        "long_term_average": 36547, 
        "short_term_average": 36547
    }, 
    {
        "date": "2013-06-30", 
        "operating_revenue": 32854, 
        "accumulated_operating_revenue": 105949, 
        "long_term_average": 35316, 
        "short_term_average": 35316
    }, 
    {
        "date": "2013-07-31", 
        "operating_revenue": 37492, 
        "accumulated_operating_revenue": 143441, 
        "long_term_average": 35860, 
        "short_term_average": 33974
    }, 
    {
        "date": "2013-08-31", 
        "operating_revenue": 40385, 
        "accumulated_operating_revenue": 183826, 
        "long_term_average": 36765, 
        "short_term_average": 36910
    }, 
    {
        "date": "2013-09-30", 
        "operating_revenue": 47708, 
        "accumulated_operating_revenue": 231534, 
        "long_term_average": 38589, 
        "short_term_average": 41861
    }, 
    {
        "date": "2013-10-31", 
        "operating_revenue": 36315, 
        "accumulated_operating_revenue": 267849, 
        "long_term_average": 38264, 
        "short_term_average": 41469
    }, 
    {
        "date": "2013-11-30", 
        "operating_revenue": 22219, 
        "accumulated_operating_revenue": 290068, 
        "long_term_average": 36258, 
        "short_term_average": 35414
    }, 
    {
        "date": "2013-12-31", 
        "operating_revenue": 38991, 
        "accumulated_operating_revenue": 329059, 
        "long_term_average": 36562, 
        "short_term_average": 32508
    }, 
    {
        "date": "2014-01-31", 
        "operating_revenue": 44581, 
        "accumulated_operating_revenue": 44581, 
        "long_term_average": 37364, 
        "short_term_average": 35263
    }, 
    {
        "date": "2014-02-28", 
        "operating_revenue": 36946, 
        "accumulated_operating_revenue": 81527, 
        "long_term_average": 37326, 
        "short_term_average": 40172
    }, 
    {
        "date": "2014-03-31", 
        "operating_revenue": 53929, 
        "accumulated_operating_revenue": 135456, 
        "long_term_average": 38709, 
        "short_term_average": 45152
    }, 
    {
        "accumulated_operating_revenue_yoy": 380.15270852903626, 
        "accumulated_operating_revenue": 199345, 
        "long_term_average": 40573, 
        "date": "2014-04-30", 
        "operating_revenue": 63889, 
        "short_term_average": 51588
    }, 
    {
        "accumulated_operating_revenue_yoy": 221.83186264450373, 
        "accumulated_operating_revenue": 235243, 
        "long_term_average": 40933, 
        "date": "2014-05-31", 
        "operating_revenue": 35898, 
        "short_term_average": 51238
    }, 
    {
        "accumulated_operating_revenue_yoy": 196.33691681846926, 
        "accumulated_operating_revenue": 313966, 
        "long_term_average": 44756, 
        "date": "2014-06-30", 
        "operating_revenue": 78723, 
        "short_term_average": 59503
    }, 
    {
        "accumulated_operating_revenue_yoy": 142.71442614036434, 
        "accumulated_operating_revenue": 348152, 
        "long_term_average": 44480, 
        "date": "2014-07-31", 
        "operating_revenue": 34186, 
        "short_term_average": 49602
    }, 
    {
        "accumulated_operating_revenue_yoy": 109.47798461588675, 
        "accumulated_operating_revenue": 385075, 
        "long_term_average": 44192, 
        "date": "2014-08-31", 
        "operating_revenue": 36923, 
        "short_term_average": 49944
    }, 
    {
        "accumulated_operating_revenue_yoy": 84.15308334844991, 
        "accumulated_operating_revenue": 426377, 
        "long_term_average": 43658, 
        "date": "2014-09-30", 
        "operating_revenue": 41302, 
        "short_term_average": 37470
    }, 
    {
        "accumulated_operating_revenue_yoy": 84.0186074990013, 
        "accumulated_operating_revenue": 492892, 
        "long_term_average": 46175, 
        "date": "2014-10-31", 
        "operating_revenue": 66515, 
        "short_term_average": 48246
    }, 
    {
        "accumulated_operating_revenue_yoy": 82.8378173393825, 
        "accumulated_operating_revenue": 530354, 
        "long_term_average": 47445, 
        "date": "2014-11-30", 
        "operating_revenue": 37462, 
        "short_term_average": 48426
    }, 
    {
        "accumulated_operating_revenue_yoy": 88.49172944669496, 
        "accumulated_operating_revenue": 620249, 
        "long_term_average": 51687, 
        "date": "2014-12-31", 
        "operating_revenue": 89895, 
        "short_term_average": 64624
    }, 
    {
        "accumulated_operating_revenue_yoy": -15.443798927794353, 
        "accumulated_operating_revenue": 37696, 
        "long_term_average": 51113, 
        "date": "2015-01-31", 
        "operating_revenue": 37696, 
        "short_term_average": 55017
    }, 
    {
        "accumulated_operating_revenue_yoy": -5.643529137586321, 
        "accumulated_operating_revenue": 76926, 
        "long_term_average": 51304, 
        "date": "2015-02-28", 
        "operating_revenue": 39230, 
        "short_term_average": 55607
    }, 
    {
        "accumulated_operating_revenue_yoy": -15.987479329081031, 
        "accumulated_operating_revenue": 113800, 
        "long_term_average": 49882, 
        "date": "2015-03-31", 
        "operating_revenue": 36874, 
        "short_term_average": 37933
    }, 
    {
        "accumulated_operating_revenue_yoy": -17.90062454538614, 
        "accumulated_operating_revenue": 163661, 
        "long_term_average": 48713, 
        "date": "2015-04-30", 
        "operating_revenue": 49861, 
        "short_term_average": 41988
    }, 
    {
        "accumulated_operating_revenue_yoy": -15.404071534540877, 
        "accumulated_operating_revenue": 199006, 
        "long_term_average": 48667, 
        "date": "2015-05-31", 
        "operating_revenue": 35345, 
        "short_term_average": 40693
    }, 
    {
        "accumulated_operating_revenue_yoy": -22.024359325532064, 
        "accumulated_operating_revenue": 244817, 
        "long_term_average": 45925, 
        "date": "2015-06-30", 
        "operating_revenue": 45811, 
        "short_term_average": 43672
    }, 
    {
        "accumulated_operating_revenue_yoy": 11.724763896229232, 
        "accumulated_operating_revenue": 388972, 
        "long_term_average": 55089, 
        "date": "2015-07-31", 
        "operating_revenue": 144155, 
        "short_term_average": 75103
    }, 
    {
        "accumulated_operating_revenue_yoy": 8.439394923066935, 
        "accumulated_operating_revenue": 417573, 
        "long_term_average": 54395, 
        "date": "2015-08-31", 
        "operating_revenue": 28601, 
        "short_term_average": 72855
    }, 
    {
        "accumulated_operating_revenue_yoy": 13.551856690206085, 
        "accumulated_operating_revenue": 484159, 
        "long_term_average": 56502, 
        "date": "2015-09-30", 
        "operating_revenue": 66586, 
        "short_term_average": 79780
    }
]