[
    {
        "date": "2012-01-31", 
        "operating_revenue": 110621, 
        "accumulated_operating_revenue": 110621, 
        "long_term_average": 110621, 
        "short_term_average": 110621
    }, 
    {
        "date": "2012-02-29", 
        "operating_revenue": 85091, 
        "accumulated_operating_revenue": 195712, 
        "long_term_average": 97856, 
        "short_term_average": 97856
    }, 
    {
        "date": "2012-03-31", 
        "operating_revenue": 96940, 
        "accumulated_operating_revenue": 292652, 
        "long_term_average": 97550, 
        "short_term_average": 97550
    }, 
    {
        "date": "2012-04-30", 
        "operating_revenue": 86779, 
        "accumulated_operating_revenue": 379431, 
        "long_term_average": 94857, 
        "short_term_average": 89603
    }, 
    {
        "date": "2012-05-31", 
        "operating_revenue": 102307, 
        "accumulated_operating_revenue": 481738, 
        "long_term_average": 96347, 
        "short_term_average": 95342
    }, 
    {
        "date": "2012-06-30", 
        "operating_revenue": 116366, 
        "accumulated_operating_revenue": 598104, 
        "long_term_average": 99684, 
        "short_term_average": 101817
    }, 
    {
        "date": "2012-07-31", 
        "operating_revenue": 96565, 
        "accumulated_operating_revenue": 694669, 
        "long_term_average": 99238, 
        "short_term_average": 105079
    }, 
    {
        "date": "2012-08-31", 
        "operating_revenue": 116813, 
        "accumulated_operating_revenue": 811482, 
        "long_term_average": 101435, 
        "short_term_average": 109914
    }, 
    {
        "date": "2012-09-30", 
        "operating_revenue": 95143, 
        "accumulated_operating_revenue": 906625, 
        "long_term_average": 100736, 
        "short_term_average": 102840
    }, 
    {
        "date": "2012-10-31", 
        "operating_revenue": 96170, 
        "accumulated_operating_revenue": 1002795, 
        "long_term_average": 100279, 
        "short_term_average": 102708
    }, 
    {
        "date": "2012-11-30", 
        "operating_revenue": 102704, 
        "accumulated_operating_revenue": 1105499, 
        "long_term_average": 100499, 
        "short_term_average": 98005
    }, 
    {
        "date": "2012-12-31", 
        "operating_revenue": 107803, 
        "accumulated_operating_revenue": 1213302, 
        "long_term_average": 101108, 
        "short_term_average": 102225
    }, 
    {
        "accumulated_operating_revenue_yoy": 6.132651124108443, 
        "accumulated_operating_revenue": 117405, 
        "long_term_average": 101673, 
        "date": "2013-01-31", 
        "operating_revenue": 117405, 
        "short_term_average": 109304
    }, 
    {
        "accumulated_operating_revenue_yoy": 0.5308821124918248, 
        "accumulated_operating_revenue": 196751, 
        "long_term_average": 101195, 
        "date": "2013-02-28", 
        "operating_revenue": 79346, 
        "short_term_average": 101518
    }, 
    {
        "accumulated_operating_revenue_yoy": -0.36767218402744556, 
        "accumulated_operating_revenue": 291576, 
        "long_term_average": 101018, 
        "date": "2013-03-31", 
        "operating_revenue": 94825, 
        "short_term_average": 97192
    }, 
    {
        "accumulated_operating_revenue_yoy": 1.5852684677846567, 
        "accumulated_operating_revenue": 385446, 
        "long_term_average": 101609, 
        "date": "2013-04-30", 
        "operating_revenue": 93870, 
        "short_term_average": 89347
    }, 
    {
        "accumulated_operating_revenue_yoy": 1.6436320157429973, 
        "accumulated_operating_revenue": 489656, 
        "long_term_average": 101768, 
        "date": "2013-05-31", 
        "operating_revenue": 104210, 
        "short_term_average": 97635
    }, 
    {
        "accumulated_operating_revenue_yoy": -1.8043684710351375, 
        "accumulated_operating_revenue": 587312, 
        "long_term_average": 100209, 
        "date": "2013-06-30", 
        "operating_revenue": 97656, 
        "short_term_average": 98578
    }, 
    {
        "accumulated_operating_revenue_yoy": 0.05786928738723046, 
        "accumulated_operating_revenue": 695071, 
        "long_term_average": 101142, 
        "date": "2013-07-31", 
        "operating_revenue": 107759, 
        "short_term_average": 103208
    }, 
    {
        "accumulated_operating_revenue_yoy": -1.2244264198096817, 
        "accumulated_operating_revenue": 801546, 
        "long_term_average": 100280, 
        "date": "2013-08-31", 
        "operating_revenue": 106475, 
        "short_term_average": 103963
    }, 
    {
        "accumulated_operating_revenue_yoy": -0.30343306218116645, 
        "accumulated_operating_revenue": 903874, 
        "long_term_average": 100879, 
        "date": "2013-09-30", 
        "operating_revenue": 102328, 
        "short_term_average": 105520
    }, 
    {
        "accumulated_operating_revenue_yoy": -0.03739547963442179, 
        "accumulated_operating_revenue": 1002420, 
        "long_term_average": 101077, 
        "date": "2013-10-31", 
        "operating_revenue": 98546, 
        "short_term_average": 102449
    }, 
    {
        "accumulated_operating_revenue_yoy": -0.06639535630516173, 
        "accumulated_operating_revenue": 1104765, 
        "long_term_average": 101047, 
        "date": "2013-11-30", 
        "operating_revenue": 102345, 
        "short_term_average": 101073
    }, 
    {
        "accumulated_operating_revenue_yoy": -0.32605237607784376, 
        "accumulated_operating_revenue": 1209346, 
        "long_term_average": 100778, 
        "date": "2013-12-31", 
        "operating_revenue": 104581, 
        "short_term_average": 101824
    }, 
    {
        "accumulated_operating_revenue_yoy": -0.5323453004556875, 
        "accumulated_operating_revenue": 116780, 
        "long_term_average": 100726, 
        "date": "2014-01-31", 
        "operating_revenue": 116780, 
        "short_term_average": 107902
    }, 
    {
        "accumulated_operating_revenue_yoy": -2.0147292771065963, 
        "accumulated_operating_revenue": 192787, 
        "long_term_average": 100448, 
        "date": "2014-02-28", 
        "operating_revenue": 76007, 
        "short_term_average": 99122
    }, 
    {
        "accumulated_operating_revenue_yoy": -0.10323209043268307, 
        "accumulated_operating_revenue": 291275, 
        "long_term_average": 100753, 
        "date": "2014-03-31", 
        "operating_revenue": 98488, 
        "short_term_average": 97091
    }, 
    {
        "accumulated_operating_revenue_yoy": 0.40109379783419724, 
        "accumulated_operating_revenue": 386992, 
        "long_term_average": 100907, 
        "date": "2014-04-30", 
        "operating_revenue": 95717, 
        "short_term_average": 90070
    }, 
    {
        "accumulated_operating_revenue_yoy": 0.6661819726501871, 
        "accumulated_operating_revenue": 492918, 
        "long_term_average": 101050, 
        "date": "2014-05-31", 
        "operating_revenue": 105926, 
        "short_term_average": 100043
    }, 
    {
        "accumulated_operating_revenue_yoy": 0.18065355381807285, 
        "accumulated_operating_revenue": 588373, 
        "long_term_average": 100867, 
        "date": "2014-06-30", 
        "operating_revenue": 95455, 
        "short_term_average": 99032
    }, 
    {
        "accumulated_operating_revenue_yoy": 1.1978632398704594, 
        "accumulated_operating_revenue": 703397, 
        "long_term_average": 101472, 
        "date": "2014-07-31", 
        "operating_revenue": 115024, 
        "short_term_average": 105468
    }, 
    {
        "accumulated_operating_revenue_yoy": 2.108924503397185, 
        "accumulated_operating_revenue": 818450, 
        "long_term_average": 102187, 
        "date": "2014-08-31", 
        "operating_revenue": 115053, 
        "short_term_average": 108510
    }, 
    {
        "accumulated_operating_revenue_yoy": 1.2292642558586706, 
        "accumulated_operating_revenue": 914985, 
        "long_term_average": 101704, 
        "date": "2014-09-30", 
        "operating_revenue": 96535, 
        "short_term_average": 108870
    }, 
    {
        "accumulated_operating_revenue_yoy": 1.755751082380639, 
        "accumulated_operating_revenue": 1020020, 
        "long_term_average": 102245, 
        "date": "2014-10-31", 
        "operating_revenue": 105035, 
        "short_term_average": 105541
    }, 
    {
        "accumulated_operating_revenue_yoy": 1.2621688775440931, 
        "accumulated_operating_revenue": 1118709, 
        "long_term_average": 101940, 
        "date": "2014-11-30", 
        "operating_revenue": 98689, 
        "short_term_average": 100086
    }, 
    {
        "accumulated_operating_revenue_yoy": 1.9011101868282525, 
        "accumulated_operating_revenue": 1232337, 
        "long_term_average": 102694, 
        "date": "2014-12-31", 
        "operating_revenue": 113628, 
        "short_term_average": 105784
    }, 
    {
        "accumulated_operating_revenue_yoy": -5.7526973796883025, 
        "accumulated_operating_revenue": 110062, 
        "long_term_average": 102134, 
        "date": "2015-01-31", 
        "operating_revenue": 110062, 
        "short_term_average": 107459
    }, 
    {
        "accumulated_operating_revenue_yoy": 8.043592150923038, 
        "accumulated_operating_revenue": 208294, 
        "long_term_average": 103987, 
        "date": "2015-02-28", 
        "operating_revenue": 98232, 
        "short_term_average": 107307
    }, 
    {
        "accumulated_operating_revenue_yoy": 5.199897004548966, 
        "accumulated_operating_revenue": 306421, 
        "long_term_average": 103956, 
        "date": "2015-03-31", 
        "operating_revenue": 98127, 
        "short_term_average": 102140
    }, 
    {
        "accumulated_operating_revenue_yoy": 5.261607475089924, 
        "accumulated_operating_revenue": 407354, 
        "long_term_average": 104391, 
        "date": "2015-04-30", 
        "operating_revenue": 100933, 
        "short_term_average": 99097
    }, 
    {
        "accumulated_operating_revenue_yoy": 4.818651378119688, 
        "accumulated_operating_revenue": 516670, 
        "long_term_average": 104674, 
        "date": "2015-05-31", 
        "operating_revenue": 109316, 
        "short_term_average": 102792
    }, 
    {
        "accumulated_operating_revenue_yoy": 5.554129778218919, 
        "accumulated_operating_revenue": 621052, 
        "long_term_average": 105418, 
        "date": "2015-06-30", 
        "operating_revenue": 104382, 
        "short_term_average": 104877
    }, 
    {
        "accumulated_operating_revenue_yoy": 5.572244408207598, 
        "accumulated_operating_revenue": 742592, 
        "long_term_average": 105961, 
        "date": "2015-07-31", 
        "operating_revenue": 121540, 
        "short_term_average": 111746
    }, 
    {
        "accumulated_operating_revenue_yoy": 5.231351945751115, 
        "accumulated_operating_revenue": 861266, 
        "long_term_average": 106262, 
        "date": "2015-08-31", 
        "operating_revenue": 118674, 
        "short_term_average": 114865
    }, 
    {
        "accumulated_operating_revenue_yoy": 5.3651152751138, 
        "accumulated_operating_revenue": 964075, 
        "long_term_average": 106785, 
        "date": "2015-09-30", 
        "operating_revenue": 102809, 
        "short_term_average": 114341
    }, 
    {
        "accumulated_operating_revenue_yoy": 5.933511107625341, 
        "accumulated_operating_revenue": 1080543, 
        "long_term_average": 107738, 
        "date": "2015-10-31", 
        "operating_revenue": 116468, 
        "short_term_average": 112650
    }
]