[
    {
        "date": "2012-01-31", 
        "operating_revenue": 267576, 
        "accumulated_operating_revenue": 267576, 
        "long_term_average": 267576, 
        "short_term_average": 267576
    }, 
    {
        "date": "2012-02-29", 
        "operating_revenue": 268520, 
        "accumulated_operating_revenue": 536096, 
        "long_term_average": 268048, 
        "short_term_average": 268048
    }, 
    {
        "date": "2012-03-31", 
        "operating_revenue": 324599, 
        "accumulated_operating_revenue": 860695, 
        "long_term_average": 286898, 
        "short_term_average": 286898
    }, 
    {
        "date": "2012-04-30", 
        "operating_revenue": 351819, 
        "accumulated_operating_revenue": 1212514, 
        "long_term_average": 303128, 
        "short_term_average": 314979
    }, 
    {
        "date": "2012-05-31", 
        "operating_revenue": 325226, 
        "accumulated_operating_revenue": 1537740, 
        "long_term_average": 307548, 
        "short_term_average": 333881
    }, 
    {
        "date": "2012-06-30", 
        "operating_revenue": 326643, 
        "accumulated_operating_revenue": 1864383, 
        "long_term_average": 310730, 
        "short_term_average": 334562
    }, 
    {
        "date": "2012-07-31", 
        "operating_revenue": 302821, 
        "accumulated_operating_revenue": 2167204, 
        "long_term_average": 309600, 
        "short_term_average": 318230
    }, 
    {
        "date": "2012-08-31", 
        "operating_revenue": 283898, 
        "accumulated_operating_revenue": 2451102, 
        "long_term_average": 306387, 
        "short_term_average": 304454
    }, 
    {
        "date": "2012-09-30", 
        "operating_revenue": 287711, 
        "accumulated_operating_revenue": 2738813, 
        "long_term_average": 304312, 
        "short_term_average": 291476
    }, 
    {
        "date": "2012-10-31", 
        "operating_revenue": 307614, 
        "accumulated_operating_revenue": 3046427, 
        "long_term_average": 304642, 
        "short_term_average": 293074
    }, 
    {
        "date": "2012-11-30", 
        "operating_revenue": 326613, 
        "accumulated_operating_revenue": 3373040, 
        "long_term_average": 306640, 
        "short_term_average": 307312
    }, 
    {
        "date": "2012-12-31", 
        "operating_revenue": 314380, 
        "accumulated_operating_revenue": 3687420, 
        "long_term_average": 307285, 
        "short_term_average": 316202
    }, 
    {
        "accumulated_operating_revenue_yoy": 36.33397614135797, 
        "accumulated_operating_revenue": 364797, 
        "long_term_average": 315386, 
        "date": "2013-01-31", 
        "operating_revenue": 364797, 
        "short_term_average": 335263
    }, 
    {
        "accumulated_operating_revenue_yoy": 17.291119500984898, 
        "accumulated_operating_revenue": 628793, 
        "long_term_average": 315009, 
        "date": "2013-02-28", 
        "operating_revenue": 263996, 
        "short_term_average": 314391
    }, 
    {
        "accumulated_operating_revenue_yoy": 10.379170321658659, 
        "accumulated_operating_revenue": 950028, 
        "long_term_average": 314729, 
        "date": "2013-03-31", 
        "operating_revenue": 321235, 
        "short_term_average": 316676
    }, 
    {
        "accumulated_operating_revenue_yoy": 4.806542439922343, 
        "accumulated_operating_revenue": 1270794, 
        "long_term_average": 312141, 
        "date": "2013-04-30", 
        "operating_revenue": 320766, 
        "short_term_average": 301999
    }, 
    {
        "accumulated_operating_revenue_yoy": 4.841000429201295, 
        "accumulated_operating_revenue": 1612182, 
        "long_term_average": 313488, 
        "date": "2013-05-31", 
        "operating_revenue": 341388, 
        "short_term_average": 327796
    }, 
    {
        "accumulated_operating_revenue_yoy": 3.670651362944202, 
        "accumulated_operating_revenue": 1932818, 
        "long_term_average": 312987, 
        "date": "2013-06-30", 
        "operating_revenue": 320636, 
        "short_term_average": 327596
    }, 
    {
        "accumulated_operating_revenue_yoy": 5.179300148947676, 
        "accumulated_operating_revenue": 2279450, 
        "long_term_average": 316638, 
        "date": "2013-07-31", 
        "operating_revenue": 346632, 
        "short_term_average": 336218
    }, 
    {
        "accumulated_operating_revenue_yoy": 5.904446244995108, 
        "accumulated_operating_revenue": 2595826, 
        "long_term_average": 319345, 
        "date": "2013-08-31", 
        "operating_revenue": 316376, 
        "short_term_average": 327881
    }, 
    {
        "accumulated_operating_revenue_yoy": 5.316244665115874, 
        "accumulated_operating_revenue": 2884415, 
        "long_term_average": 319418, 
        "date": "2013-09-30", 
        "operating_revenue": 288589, 
        "short_term_average": 317199
    }, 
    {
        "accumulated_operating_revenue_yoy": 4.284691541927642, 
        "accumulated_operating_revenue": 3176957, 
        "long_term_average": 318162, 
        "date": "2013-10-31", 
        "operating_revenue": 292542, 
        "short_term_average": 299169
    }, 
    {
        "accumulated_operating_revenue_yoy": 2.16964518653796, 
        "accumulated_operating_revenue": 3446223, 
        "long_term_average": 313383, 
        "date": "2013-11-30", 
        "operating_revenue": 269266, 
        "short_term_average": 283465
    }, 
    {
        "accumulated_operating_revenue_yoy": 1.1881749298967843, 
        "accumulated_operating_revenue": 3731233, 
        "long_term_average": 310936, 
        "date": "2013-12-31", 
        "operating_revenue": 285010, 
        "short_term_average": 282272
    }, 
    {
        "accumulated_operating_revenue_yoy": -24.974437838030468, 
        "accumulated_operating_revenue": 273691, 
        "long_term_average": 303343, 
        "date": "2014-01-31", 
        "operating_revenue": 273691, 
        "short_term_average": 275989
    }, 
    {
        "accumulated_operating_revenue_yoy": -17.718549665788263, 
        "accumulated_operating_revenue": 517380, 
        "long_term_average": 301651, 
        "date": "2014-02-28", 
        "operating_revenue": 243689, 
        "short_term_average": 267463
    }, 
    {
        "accumulated_operating_revenue_yoy": -15.459228570105301, 
        "accumulated_operating_revenue": 803161, 
        "long_term_average": 298697, 
        "date": "2014-03-31", 
        "operating_revenue": 285781, 
        "short_term_average": 267720
    }, 
    {
        "accumulated_operating_revenue_yoy": -12.30561365571446, 
        "accumulated_operating_revenue": 1114415, 
        "long_term_average": 297904, 
        "date": "2014-04-30", 
        "operating_revenue": 311254, 
        "short_term_average": 280241
    }, 
    {
        "accumulated_operating_revenue_yoy": -10.526416992622421, 
        "accumulated_operating_revenue": 1442477, 
        "long_term_average": 296794, 
        "date": "2014-05-31", 
        "operating_revenue": 328062, 
        "short_term_average": 308365
    }, 
    {
        "accumulated_operating_revenue_yoy": -10.251456681384383, 
        "accumulated_operating_revenue": 1734676, 
        "long_term_average": 294424, 
        "date": "2014-06-30", 
        "operating_revenue": 292199, 
        "short_term_average": 310505
    }, 
    {
        "accumulated_operating_revenue_yoy": -11.265436837833688, 
        "accumulated_operating_revenue": 2022660, 
        "long_term_average": 289536, 
        "date": "2014-07-31", 
        "operating_revenue": 287984, 
        "short_term_average": 302748
    }, 
    {
        "accumulated_operating_revenue_yoy": -11.553432317882631, 
        "accumulated_operating_revenue": 2295919, 
        "long_term_average": 285943, 
        "date": "2014-08-31", 
        "operating_revenue": 273259, 
        "short_term_average": 284480
    }, 
    {
        "accumulated_operating_revenue_yoy": -10.716904467630352, 
        "accumulated_operating_revenue": 2575295, 
        "long_term_average": 285176, 
        "date": "2014-09-30", 
        "operating_revenue": 279376, 
        "short_term_average": 280206
    }, 
    {
        "accumulated_operating_revenue_yoy": -10.981388794371469, 
        "accumulated_operating_revenue": 2828083, 
        "long_term_average": 281863, 
        "date": "2014-10-31", 
        "operating_revenue": 252788, 
        "short_term_average": 268474
    }, 
    {
        "accumulated_operating_revenue_yoy": -9.700358914672671, 
        "accumulated_operating_revenue": 3111927, 
        "long_term_average": 283078, 
        "date": "2014-11-30", 
        "operating_revenue": 283844, 
        "short_term_average": 272002
    }, 
    {
        "accumulated_operating_revenue_yoy": -9.210306619822456, 
        "accumulated_operating_revenue": 3387575, 
        "long_term_average": 282297, 
        "date": "2014-12-31", 
        "operating_revenue": 275648, 
        "short_term_average": 270760
    }, 
    {
        "accumulated_operating_revenue_yoy": 3.867134834539682, 
        "accumulated_operating_revenue": 284275, 
        "long_term_average": 283179, 
        "date": "2015-01-31", 
        "operating_revenue": 284275, 
        "short_term_average": 281255
    }, 
    {
        "accumulated_operating_revenue_yoy": 0.3556380223433453, 
        "accumulated_operating_revenue": 519220, 
        "long_term_average": 282451, 
        "date": "2015-02-28", 
        "operating_revenue": 234945, 
        "short_term_average": 264956
    }, 
    {
        "accumulated_operating_revenue_yoy": 0.7741909778985782, 
        "accumulated_operating_revenue": 809379, 
        "long_term_average": 282816, 
        "date": "2015-03-31", 
        "operating_revenue": 290159, 
        "short_term_average": 269793
    }, 
    {
        "accumulated_operating_revenue_yoy": -1.753206839462857, 
        "accumulated_operating_revenue": 1094877, 
        "long_term_average": 280669, 
        "date": "2015-04-30", 
        "operating_revenue": 285498, 
        "short_term_average": 270200
    }, 
    {
        "accumulated_operating_revenue_yoy": -4.732692445009522, 
        "accumulated_operating_revenue": 1374209, 
        "long_term_average": 276608, 
        "date": "2015-05-31", 
        "operating_revenue": 279332, 
        "short_term_average": 284996
    }, 
    {
        "accumulated_operating_revenue_yoy": -4.500264026250435, 
        "accumulated_operating_revenue": 1656611, 
        "long_term_average": 275792, 
        "date": "2015-06-30", 
        "operating_revenue": 282402, 
        "short_term_average": 282410
    }, 
    {
        "accumulated_operating_revenue_yoy": -4.449190669712162, 
        "accumulated_operating_revenue": 1932668, 
        "long_term_average": 274798, 
        "date": "2015-07-31", 
        "operating_revenue": 276057, 
        "short_term_average": 279263
    }, 
    {
        "accumulated_operating_revenue_yoy": -4.416314338615605, 
        "accumulated_operating_revenue": 2194524, 
        "long_term_average": 273848, 
        "date": "2015-08-31", 
        "operating_revenue": 261856, 
        "short_term_average": 273438
    }, 
    {
        "accumulated_operating_revenue_yoy": -4.901030755699833, 
        "accumulated_operating_revenue": 2449079, 
        "long_term_average": 271779, 
        "date": "2015-09-30", 
        "operating_revenue": 254555, 
        "short_term_average": 264156
    }
]