[
    {
        "date": "2011-09-30", 
        "operating_revenue": 63540, 
        "accumulated_operating_revenue": 63540, 
        "long_term_average": 63540, 
        "short_term_average": 63540
    }, 
    {
        "date": "2011-10-31", 
        "operating_revenue": 55890, 
        "accumulated_operating_revenue": 119430, 
        "long_term_average": 59715, 
        "short_term_average": 59715
    }, 
    {
        "date": "2011-11-30", 
        "operating_revenue": 61753, 
        "accumulated_operating_revenue": 181183, 
        "long_term_average": 60394, 
        "short_term_average": 60394
    }, 
    {
        "date": "2011-12-31", 
        "operating_revenue": 61987, 
        "accumulated_operating_revenue": 243170, 
        "long_term_average": 60792, 
        "short_term_average": 59876
    }, 
    {
        "date": "2012-01-31", 
        "operating_revenue": 47305, 
        "accumulated_operating_revenue": 47305, 
        "long_term_average": 58095, 
        "short_term_average": 57015
    }, 
    {
        "date": "2012-02-29", 
        "operating_revenue": 55175, 
        "accumulated_operating_revenue": 102480, 
        "long_term_average": 57608, 
        "short_term_average": 54822
    }, 
    {
        "date": "2012-03-31", 
        "operating_revenue": 68667, 
        "accumulated_operating_revenue": 171147, 
        "long_term_average": 59188, 
        "short_term_average": 57049
    }, 
    {
        "date": "2012-04-30", 
        "operating_revenue": 63536, 
        "accumulated_operating_revenue": 234683, 
        "long_term_average": 59731, 
        "short_term_average": 62459
    }, 
    {
        "date": "2012-05-31", 
        "operating_revenue": 59278, 
        "accumulated_operating_revenue": 293961, 
        "long_term_average": 59681, 
        "short_term_average": 63827
    }, 
    {
        "date": "2012-06-30", 
        "operating_revenue": 54206, 
        "accumulated_operating_revenue": 348167, 
        "long_term_average": 59133, 
        "short_term_average": 59006
    }, 
    {
        "date": "2012-07-31", 
        "operating_revenue": 58139, 
        "accumulated_operating_revenue": 406306, 
        "long_term_average": 59043, 
        "short_term_average": 57207
    }, 
    {
        "date": "2012-08-31", 
        "operating_revenue": 47718, 
        "accumulated_operating_revenue": 454024, 
        "long_term_average": 58099, 
        "short_term_average": 53354
    }, 
    {
        "accumulated_operating_revenue_yoy": 687.3150771167768, 
        "accumulated_operating_revenue": 500260, 
        "long_term_average": 56657, 
        "date": "2012-09-30", 
        "operating_revenue": 46236, 
        "short_term_average": 50697
    }, 
    {
        "accumulated_operating_revenue_yoy": 358.84283680817214, 
        "accumulated_operating_revenue": 547996, 
        "long_term_average": 55978, 
        "date": "2012-10-31", 
        "operating_revenue": 47736, 
        "short_term_average": 47230
    }, 
    {
        "accumulated_operating_revenue_yoy": 231.1624158999465, 
        "accumulated_operating_revenue": 600010, 
        "long_term_average": 55166, 
        "date": "2012-11-30", 
        "operating_revenue": 52014, 
        "short_term_average": 48662
    }, 
    {
        "accumulated_operating_revenue_yoy": 167.5317678990007, 
        "accumulated_operating_revenue": 650557, 
        "long_term_average": 54213, 
        "date": "2012-12-31", 
        "operating_revenue": 50547, 
        "short_term_average": 50099
    }, 
    {
        "accumulated_operating_revenue_yoy": 31.62245005813339, 
        "accumulated_operating_revenue": 62264, 
        "long_term_average": 55459, 
        "date": "2013-01-31", 
        "operating_revenue": 62264, 
        "short_term_average": 54941
    }, 
    {
        "accumulated_operating_revenue_yoy": -8.852459016393443, 
        "accumulated_operating_revenue": 93408, 
        "long_term_average": 53457, 
        "date": "2013-02-28", 
        "operating_revenue": 31144, 
        "short_term_average": 47985
    }, 
    {
        "accumulated_operating_revenue_yoy": -16.534324294320086, 
        "accumulated_operating_revenue": 142849, 
        "long_term_average": 51854, 
        "date": "2013-03-31", 
        "operating_revenue": 49441, 
        "short_term_average": 47616
    }, 
    {
        "accumulated_operating_revenue_yoy": -17.34382123971485, 
        "accumulated_operating_revenue": 193980, 
        "long_term_average": 50821, 
        "date": "2013-04-30", 
        "operating_revenue": 51131, 
        "short_term_average": 43905
    }, 
    {
        "accumulated_operating_revenue_yoy": -16.05825262534826, 
        "accumulated_operating_revenue": 246756, 
        "long_term_average": 50279, 
        "date": "2013-05-31", 
        "operating_revenue": 52776, 
        "short_term_average": 51116
    }, 
    {
        "accumulated_operating_revenue_yoy": -15.735839410397883, 
        "accumulated_operating_revenue": 293380, 
        "long_term_average": 49647, 
        "date": "2013-06-30", 
        "operating_revenue": 46624, 
        "short_term_average": 50177
    }, 
    {
        "accumulated_operating_revenue_yoy": -14.28996864432226, 
        "accumulated_operating_revenue": 348245, 
        "long_term_average": 49374, 
        "date": "2013-07-31", 
        "operating_revenue": 54865, 
        "short_term_average": 51421
    }, 
    {
        "accumulated_operating_revenue_yoy": -10.264435360245274, 
        "accumulated_operating_revenue": 407421, 
        "long_term_average": 50329, 
        "date": "2013-08-31", 
        "operating_revenue": 59176, 
        "short_term_average": 53555
    }, 
    {
        "accumulated_operating_revenue_yoy": -6.183584536041258, 
        "accumulated_operating_revenue": 469326, 
        "long_term_average": 51635, 
        "date": "2013-09-30", 
        "operating_revenue": 61905, 
        "short_term_average": 58648
    }, 
    {
        "accumulated_operating_revenue_yoy": -3.517726406762093, 
        "accumulated_operating_revenue": 528719, 
        "long_term_average": 52606, 
        "date": "2013-10-31", 
        "operating_revenue": 59393, 
        "short_term_average": 60158
    }, 
    {
        "accumulated_operating_revenue_yoy": -2.468125531241146, 
        "accumulated_operating_revenue": 585201, 
        "long_term_average": 52979, 
        "date": "2013-11-30", 
        "operating_revenue": 56482, 
        "short_term_average": 59260
    }, 
    {
        "accumulated_operating_revenue_yoy": -1.356837294810447, 
        "accumulated_operating_revenue": 641730, 
        "long_term_average": 53477, 
        "date": "2013-12-31", 
        "operating_revenue": 56529, 
        "short_term_average": 57468
    }, 
    {
        "accumulated_operating_revenue_yoy": -5.576255942438648, 
        "accumulated_operating_revenue": 58792, 
        "long_term_average": 53188, 
        "date": "2014-01-31", 
        "operating_revenue": 58792, 
        "short_term_average": 57267
    }, 
    {
        "accumulated_operating_revenue_yoy": 6.60864165810209, 
        "accumulated_operating_revenue": 99581, 
        "long_term_average": 53991, 
        "date": "2014-02-28", 
        "operating_revenue": 40789, 
        "short_term_average": 52036
    }, 
    {
        "accumulated_operating_revenue_yoy": 2.420037942162703, 
        "accumulated_operating_revenue": 146306, 
        "long_term_average": 53765, 
        "date": "2014-03-31", 
        "operating_revenue": 46725, 
        "short_term_average": 48768
    }, 
    {
        "accumulated_operating_revenue_yoy": 2.580162903392102, 
        "accumulated_operating_revenue": 198985, 
        "long_term_average": 53894, 
        "date": "2014-04-30", 
        "operating_revenue": 52679, 
        "short_term_average": 46731
    }, 
    {
        "accumulated_operating_revenue_yoy": 0.6463875245181475, 
        "accumulated_operating_revenue": 248351, 
        "long_term_average": 53610, 
        "date": "2014-05-31", 
        "operating_revenue": 49366, 
        "short_term_average": 49590
    }, 
    {
        "accumulated_operating_revenue_yoy": -0.04806053582384621, 
        "accumulated_operating_revenue": 293239, 
        "long_term_average": 53465, 
        "date": "2014-06-30", 
        "operating_revenue": 44888, 
        "short_term_average": 48977
    }, 
    {
        "accumulated_operating_revenue_yoy": -1.2212666369940701, 
        "accumulated_operating_revenue": 343992, 
        "long_term_average": 53123, 
        "date": "2014-07-31", 
        "operating_revenue": 50753, 
        "short_term_average": 48335
    }, 
    {
        "accumulated_operating_revenue_yoy": -4.614882394378297, 
        "accumulated_operating_revenue": 388619, 
        "long_term_average": 51910, 
        "date": "2014-08-31", 
        "operating_revenue": 44627, 
        "short_term_average": 46756
    }, 
    {
        "accumulated_operating_revenue_yoy": -7.658216250538005, 
        "accumulated_operating_revenue": 433384, 
        "long_term_average": 50482, 
        "date": "2014-09-30", 
        "operating_revenue": 44765, 
        "short_term_average": 46715
    }, 
    {
        "accumulated_operating_revenue_yoy": -10.279373353331353, 
        "accumulated_operating_revenue": 474370, 
        "long_term_average": 48948, 
        "date": "2014-10-31", 
        "operating_revenue": 40986, 
        "short_term_average": 43459
    }, 
    {
        "accumulated_operating_revenue_yoy": -12.847893287947217, 
        "accumulated_operating_revenue": 510015, 
        "long_term_average": 47212, 
        "date": "2014-11-30", 
        "operating_revenue": 35645, 
        "short_term_average": 40465
    }, 
    {
        "accumulated_operating_revenue_yoy": -15.016284107023203, 
        "accumulated_operating_revenue": 545366, 
        "long_term_average": 45447, 
        "date": "2014-12-31", 
        "operating_revenue": 35351, 
        "short_term_average": 37327
    }, 
    {
        "accumulated_operating_revenue_yoy": -30.812015240168733, 
        "accumulated_operating_revenue": 40677, 
        "long_term_average": 43937, 
        "date": "2015-01-31", 
        "operating_revenue": 40677, 
        "short_term_average": 37224
    }, 
    {
        "accumulated_operating_revenue_yoy": -36.97191231258975, 
        "accumulated_operating_revenue": 62764, 
        "long_term_average": 42379, 
        "date": "2015-02-28", 
        "operating_revenue": 22087, 
        "short_term_average": 32705
    }, 
    {
        "accumulated_operating_revenue_yoy": -31.320656705808375, 
        "accumulated_operating_revenue": 100482, 
        "long_term_average": 41628, 
        "date": "2015-03-31", 
        "operating_revenue": 37718, 
        "short_term_average": 33494
    }, 
    {
        "accumulated_operating_revenue_yoy": -29.54644822474056, 
        "accumulated_operating_revenue": 140192, 
        "long_term_average": 40547, 
        "date": "2015-04-30", 
        "operating_revenue": 39710, 
        "short_term_average": 33171
    }, 
    {
        "accumulated_operating_revenue_yoy": -29.708356318275342, 
        "accumulated_operating_revenue": 174570, 
        "long_term_average": 39298, 
        "date": "2015-05-31", 
        "operating_revenue": 34378, 
        "short_term_average": 37268
    }, 
    {
        "accumulated_operating_revenue_yoy": -30.09388246447437, 
        "accumulated_operating_revenue": 204992, 
        "long_term_average": 38093, 
        "date": "2015-06-30", 
        "operating_revenue": 30422, 
        "short_term_average": 34836
    }, 
    {
        "accumulated_operating_revenue_yoy": -30.14953836135724, 
        "accumulated_operating_revenue": 240280, 
        "long_term_average": 36804, 
        "date": "2015-07-31", 
        "operating_revenue": 35288, 
        "short_term_average": 33362
    }, 
    {
        "accumulated_operating_revenue_yoy": -29.867556655747663, 
        "accumulated_operating_revenue": 272548, 
        "long_term_average": 35774, 
        "date": "2015-08-31", 
        "operating_revenue": 32268, 
        "short_term_average": 32659
    }, 
    {
        "accumulated_operating_revenue_yoy": -29.585540767541023, 
        "accumulated_operating_revenue": 305165, 
        "long_term_average": 34762, 
        "date": "2015-09-30", 
        "operating_revenue": 32617, 
        "short_term_average": 33391
    }
]