[
    {
        "date": "2012-01-31", 
        "operating_revenue": 93518, 
        "accumulated_operating_revenue": 93518, 
        "long_term_average": 93518, 
        "short_term_average": 93518
    }, 
    {
        "date": "2012-02-29", 
        "operating_revenue": 127848, 
        "accumulated_operating_revenue": 221366, 
        "long_term_average": 110683, 
        "short_term_average": 110683
    }, 
    {
        "date": "2012-03-31", 
        "operating_revenue": 159265, 
        "accumulated_operating_revenue": 380631, 
        "long_term_average": 126877, 
        "short_term_average": 126877
    }, 
    {
        "date": "2012-04-30", 
        "operating_revenue": 119306, 
        "accumulated_operating_revenue": 499937, 
        "long_term_average": 124984, 
        "short_term_average": 135473
    }, 
    {
        "date": "2012-05-31", 
        "operating_revenue": 134145, 
        "accumulated_operating_revenue": 634082, 
        "long_term_average": 126816, 
        "short_term_average": 137572
    }, 
    {
        "date": "2012-06-30", 
        "operating_revenue": 102167, 
        "accumulated_operating_revenue": 736249, 
        "long_term_average": 122708, 
        "short_term_average": 118539
    }, 
    {
        "date": "2012-07-31", 
        "operating_revenue": 111253, 
        "accumulated_operating_revenue": 847502, 
        "long_term_average": 121071, 
        "short_term_average": 115855
    }, 
    {
        "date": "2012-08-31", 
        "operating_revenue": 123607, 
        "accumulated_operating_revenue": 971109, 
        "long_term_average": 121388, 
        "short_term_average": 112342
    }, 
    {
        "date": "2012-09-30", 
        "operating_revenue": 108458, 
        "accumulated_operating_revenue": 1079567, 
        "long_term_average": 119951, 
        "short_term_average": 114439
    }, 
    {
        "date": "2012-10-31", 
        "operating_revenue": 111657, 
        "accumulated_operating_revenue": 1191224, 
        "long_term_average": 119122, 
        "short_term_average": 114574
    }, 
    {
        "date": "2012-11-30", 
        "operating_revenue": 102478, 
        "accumulated_operating_revenue": 1293702, 
        "long_term_average": 117609, 
        "short_term_average": 107531
    }, 
    {
        "date": "2012-12-31", 
        "operating_revenue": 116088, 
        "accumulated_operating_revenue": 1409790, 
        "long_term_average": 117482, 
        "short_term_average": 110074
    }, 
    {
        "accumulated_operating_revenue_yoy": 11.480142860198036, 
        "accumulated_operating_revenue": 104254, 
        "long_term_average": 118377, 
        "date": "2013-01-31", 
        "operating_revenue": 104254, 
        "short_term_average": 107606
    }, 
    {
        "accumulated_operating_revenue_yoy": -20.822980945583332, 
        "accumulated_operating_revenue": 175271, 
        "long_term_average": 113641, 
        "date": "2013-02-28", 
        "operating_revenue": 71017, 
        "short_term_average": 97119
    }, 
    {
        "accumulated_operating_revenue_yoy": -22.093576193216002, 
        "accumulated_operating_revenue": 296536, 
        "long_term_average": 110474, 
        "date": "2013-03-31", 
        "operating_revenue": 121265, 
        "short_term_average": 98845
    }, 
    {
        "accumulated_operating_revenue_yoy": -14.371410797760516, 
        "accumulated_operating_revenue": 428089, 
        "long_term_average": 111495, 
        "date": "2013-04-30", 
        "operating_revenue": 131553, 
        "short_term_average": 107945
    }, 
    {
        "accumulated_operating_revenue_yoy": -14.781053554587578, 
        "accumulated_operating_revenue": 540358, 
        "long_term_average": 109672, 
        "date": "2013-05-31", 
        "operating_revenue": 112269, 
        "short_term_average": 121695
    }, 
    {
        "accumulated_operating_revenue_yoy": -11.161169658634511, 
        "accumulated_operating_revenue": 654075, 
        "long_term_average": 110634, 
        "date": "2013-06-30", 
        "operating_revenue": 113717, 
        "short_term_average": 119179
    }, 
    {
        "accumulated_operating_revenue_yoy": -9.479269665440318, 
        "accumulated_operating_revenue": 767165, 
        "long_term_average": 110787, 
        "date": "2013-07-31", 
        "operating_revenue": 113090, 
        "short_term_average": 113025
    }, 
    {
        "accumulated_operating_revenue_yoy": -9.876028334615372, 
        "accumulated_operating_revenue": 875202, 
        "long_term_average": 109490, 
        "date": "2013-08-31", 
        "operating_revenue": 108037, 
        "short_term_average": 111614
    }, 
    {
        "accumulated_operating_revenue_yoy": -9.887390036931473, 
        "accumulated_operating_revenue": 972826, 
        "long_term_average": 108587, 
        "date": "2013-09-30", 
        "operating_revenue": 97624, 
        "short_term_average": 106250
    }, 
    {
        "accumulated_operating_revenue_yoy": -8.660251976118682, 
        "accumulated_operating_revenue": 1088061, 
        "long_term_average": 108885, 
        "date": "2013-10-31", 
        "operating_revenue": 115235, 
        "short_term_average": 106965
    }, 
    {
        "accumulated_operating_revenue_yoy": -7.773737692296989, 
        "accumulated_operating_revenue": 1193133, 
        "long_term_average": 109101, 
        "date": "2013-11-30", 
        "operating_revenue": 105072, 
        "short_term_average": 105977
    }, 
    {
        "accumulated_operating_revenue_yoy": -6.687378971336157, 
        "accumulated_operating_revenue": 1315512, 
        "long_term_average": 109626, 
        "date": "2013-12-31", 
        "operating_revenue": 122379, 
        "short_term_average": 114228
    }, 
    {
        "accumulated_operating_revenue_yoy": 6.2980796899879135, 
        "accumulated_operating_revenue": 110820, 
        "long_term_average": 110173, 
        "date": "2014-01-31", 
        "operating_revenue": 110820, 
        "short_term_average": 112757
    }, 
    {
        "accumulated_operating_revenue_yoy": 17.838661273114205, 
        "accumulated_operating_revenue": 206537, 
        "long_term_average": 112231, 
        "date": "2014-02-28", 
        "operating_revenue": 95717, 
        "short_term_average": 109638
    }, 
    {
        "accumulated_operating_revenue_yoy": 15.68409906385734, 
        "accumulated_operating_revenue": 343045, 
        "long_term_average": 113501, 
        "date": "2014-03-31", 
        "operating_revenue": 136508, 
        "short_term_average": 114348
    }, 
    {
        "accumulated_operating_revenue_yoy": 8.085468208713609, 
        "accumulated_operating_revenue": 462702, 
        "long_term_average": 112510, 
        "date": "2014-04-30", 
        "operating_revenue": 119657, 
        "short_term_average": 117294
    }, 
    {
        "accumulated_operating_revenue_yoy": 9.903619452289037, 
        "accumulated_operating_revenue": 593873, 
        "long_term_average": 114085, 
        "date": "2014-05-31", 
        "operating_revenue": 131171, 
        "short_term_average": 129112
    }, 
    {
        "accumulated_operating_revenue_yoy": 8.928792569659443, 
        "accumulated_operating_revenue": 712476, 
        "long_term_average": 114492, 
        "date": "2014-06-30", 
        "operating_revenue": 118603, 
        "short_term_average": 123143
    }, 
    {
        "accumulated_operating_revenue_yoy": 9.59545860408126, 
        "accumulated_operating_revenue": 840778, 
        "long_term_average": 115760, 
        "date": "2014-07-31", 
        "operating_revenue": 128302, 
        "short_term_average": 126025
    }, 
    {
        "accumulated_operating_revenue_yoy": 9.847783711645997, 
        "accumulated_operating_revenue": 961390, 
        "long_term_average": 116808, 
        "date": "2014-08-31", 
        "operating_revenue": 120612, 
        "short_term_average": 122505
    }, 
    {
        "accumulated_operating_revenue_yoy": 9.41802542284026, 
        "accumulated_operating_revenue": 1064447, 
        "long_term_average": 117261, 
        "date": "2014-09-30", 
        "operating_revenue": 103057, 
        "short_term_average": 117323
    }, 
    {
        "accumulated_operating_revenue_yoy": 10.91446159728177, 
        "accumulated_operating_revenue": 1206817, 
        "long_term_average": 119522, 
        "date": "2014-10-31", 
        "operating_revenue": 142370, 
        "short_term_average": 122013
    }, 
    {
        "accumulated_operating_revenue_yoy": 10.777088555927964, 
        "accumulated_operating_revenue": 1321718, 
        "long_term_average": 120341, 
        "date": "2014-11-30", 
        "operating_revenue": 114901, 
        "short_term_average": 120109
    }, 
    {
        "accumulated_operating_revenue_yoy": 8.735914229592737, 
        "accumulated_operating_revenue": 1430434, 
        "long_term_average": 119202, 
        "date": "2014-12-31", 
        "operating_revenue": 108716, 
        "short_term_average": 121995
    }, 
    {
        "accumulated_operating_revenue_yoy": -9.59483847680924, 
        "accumulated_operating_revenue": 100187, 
        "long_term_average": 118316, 
        "date": "2015-01-31", 
        "operating_revenue": 100187, 
        "short_term_average": 107934
    }, 
    {
        "accumulated_operating_revenue_yoy": -20.32565593574033, 
        "accumulated_operating_revenue": 164557, 
        "long_term_average": 115704, 
        "date": "2015-02-28", 
        "operating_revenue": 64370, 
        "short_term_average": 91091
    }, 
    {
        "accumulated_operating_revenue_yoy": -20.425600139923333, 
        "accumulated_operating_revenue": 272976, 
        "long_term_average": 113363, 
        "date": "2015-03-31", 
        "operating_revenue": 108419, 
        "short_term_average": 90992
    }, 
    {
        "accumulated_operating_revenue_yoy": -15.234643463827691, 
        "accumulated_operating_revenue": 392211, 
        "long_term_average": 113328, 
        "date": "2015-04-30", 
        "operating_revenue": 119235, 
        "short_term_average": 97341
    }, 
    {
        "accumulated_operating_revenue_yoy": -14.14376474431402, 
        "accumulated_operating_revenue": 509877, 
        "long_term_average": 112203, 
        "date": "2015-05-31", 
        "operating_revenue": 117666, 
        "short_term_average": 115106
    }, 
    {
        "accumulated_operating_revenue_yoy": -12.344135100691112, 
        "accumulated_operating_revenue": 624527, 
        "long_term_average": 111873, 
        "date": "2015-06-30", 
        "operating_revenue": 114650, 
        "short_term_average": 117183
    }, 
    {
        "accumulated_operating_revenue_yoy": -13.6468841953524, 
        "accumulated_operating_revenue": 726038, 
        "long_term_average": 109641, 
        "date": "2015-07-31", 
        "operating_revenue": 101511, 
        "short_term_average": 111275
    }, 
    {
        "accumulated_operating_revenue_yoy": -14.822808641654273, 
        "accumulated_operating_revenue": 818885, 
        "long_term_average": 107327, 
        "date": "2015-08-31", 
        "operating_revenue": 92847, 
        "short_term_average": 103002
    }
]