[
    {
        "date": "2011-09-30", 
        "operating_revenue": 1682602, 
        "accumulated_operating_revenue": 1682602, 
        "long_term_average": 1682602, 
        "short_term_average": 1682602
    }, 
    {
        "date": "2011-10-31", 
        "operating_revenue": 1569312, 
        "accumulated_operating_revenue": 3251914, 
        "long_term_average": 1625957, 
        "short_term_average": 1625957
    }, 
    {
        "date": "2011-11-30", 
        "operating_revenue": 2736822, 
        "accumulated_operating_revenue": 5988736, 
        "long_term_average": 1996245, 
        "short_term_average": 1996245
    }, 
    {
        "date": "2011-12-31", 
        "operating_revenue": 1676564, 
        "accumulated_operating_revenue": 7665300, 
        "long_term_average": 1916325, 
        "short_term_average": 1994232
    }, 
    {
        "date": "2012-01-31", 
        "operating_revenue": 1211329, 
        "accumulated_operating_revenue": 1211329, 
        "long_term_average": 1775325, 
        "short_term_average": 1874905
    }, 
    {
        "date": "2012-02-29", 
        "operating_revenue": 1524416, 
        "accumulated_operating_revenue": 2735745, 
        "long_term_average": 1733507, 
        "short_term_average": 1470769
    }, 
    {
        "date": "2012-03-31", 
        "operating_revenue": 1931008, 
        "accumulated_operating_revenue": 4666753, 
        "long_term_average": 1761721, 
        "short_term_average": 1555584
    }, 
    {
        "date": "2012-04-30", 
        "operating_revenue": 1536082, 
        "accumulated_operating_revenue": 6202835, 
        "long_term_average": 1733516, 
        "short_term_average": 1663835
    }, 
    {
        "date": "2012-05-31", 
        "operating_revenue": 1617984, 
        "accumulated_operating_revenue": 7820819, 
        "long_term_average": 1720679, 
        "short_term_average": 1695024
    }, 
    {
        "date": "2012-06-30", 
        "operating_revenue": 1591598, 
        "accumulated_operating_revenue": 9412417, 
        "long_term_average": 1707771, 
        "short_term_average": 1581888
    }, 
    {
        "date": "2012-07-31", 
        "operating_revenue": 1605563, 
        "accumulated_operating_revenue": 11017980, 
        "long_term_average": 1698480, 
        "short_term_average": 1605048
    }, 
    {
        "date": "2012-08-31", 
        "operating_revenue": 1688399, 
        "accumulated_operating_revenue": 12706379, 
        "long_term_average": 1697639, 
        "short_term_average": 1628520
    }, 
    {
        "accumulated_operating_revenue_yoy": 738.3992174025705, 
        "accumulated_operating_revenue": 14106922, 
        "long_term_average": 1674135, 
        "date": "2012-09-30", 
        "operating_revenue": 1400543, 
        "short_term_average": 1564835
    }, 
    {
        "accumulated_operating_revenue_yoy": 381.24535273688053, 
        "accumulated_operating_revenue": 15649685, 
        "long_term_average": 1671922, 
        "date": "2012-10-31", 
        "operating_revenue": 1542763, 
        "short_term_average": 1543901
    }, 
    {
        "accumulated_operating_revenue_yoy": 186.4459712366683, 
        "accumulated_operating_revenue": 17154493, 
        "long_term_average": 1569254, 
        "date": "2012-11-30", 
        "operating_revenue": 1504808, 
        "short_term_average": 1482704
    }, 
    {
        "accumulated_operating_revenue_yoy": 142.71633204179878, 
        "accumulated_operating_revenue": 18604935, 
        "long_term_average": 1550411, 
        "date": "2012-12-31", 
        "operating_revenue": 1450442, 
        "short_term_average": 1499337
    }, 
    {
        "accumulated_operating_revenue_yoy": 29.34438125397807, 
        "accumulated_operating_revenue": 1566786, 
        "long_term_average": 1580032, 
        "date": "2013-01-31", 
        "operating_revenue": 1566786, 
        "short_term_average": 1507345
    }, 
    {
        "accumulated_operating_revenue_yoy": -0.30247702179844976, 
        "accumulated_operating_revenue": 2727470, 
        "long_term_average": 1549721, 
        "date": "2013-02-28", 
        "operating_revenue": 1160684, 
        "short_term_average": 1392637
    }, 
    {
        "accumulated_operating_revenue_yoy": -1.7274966127412357, 
        "accumulated_operating_revenue": 4586135, 
        "long_term_average": 1543693, 
        "date": "2013-03-31", 
        "operating_revenue": 1858665, 
        "short_term_average": 1528711
    }, 
    {
        "accumulated_operating_revenue_yoy": -1.083020908987584, 
        "accumulated_operating_revenue": 6135657, 
        "long_term_average": 1544813, 
        "date": "2013-04-30", 
        "operating_revenue": 1549522, 
        "short_term_average": 1522957
    }, 
    {
        "accumulated_operating_revenue_yoy": -0.45220327947750744, 
        "accumulated_operating_revenue": 7785453, 
        "long_term_average": 1547464, 
        "date": "2013-05-31", 
        "operating_revenue": 1649796, 
        "short_term_average": 1685994
    }, 
    {
        "accumulated_operating_revenue_yoy": 2.4431875468330824, 
        "accumulated_operating_revenue": 9642380, 
        "long_term_average": 1569574, 
        "date": "2013-06-30", 
        "operating_revenue": 1856927, 
        "short_term_average": 1685415
    }, 
    {
        "accumulated_operating_revenue_yoy": 2.707873857095402, 
        "accumulated_operating_revenue": 11316333, 
        "long_term_average": 1575274, 
        "date": "2013-07-31", 
        "operating_revenue": 1673953, 
        "short_term_average": 1726892
    }, 
    {
        "accumulated_operating_revenue_yoy": 1.7564248634485087, 
        "accumulated_operating_revenue": 12929557, 
        "long_term_average": 1569009, 
        "date": "2013-08-31", 
        "operating_revenue": 1613224, 
        "short_term_average": 1714701
    }, 
    {
        "accumulated_operating_revenue_yoy": 3.2760796437380177, 
        "accumulated_operating_revenue": 14569076, 
        "long_term_average": 1588924, 
        "date": "2013-09-30", 
        "operating_revenue": 1639519, 
        "short_term_average": 1642232
    }, 
    {
        "accumulated_operating_revenue_yoy": 4.177681531609103, 
        "accumulated_operating_revenue": 16303479, 
        "long_term_average": 1604894, 
        "date": "2013-10-31", 
        "operating_revenue": 1734403, 
        "short_term_average": 1662382
    }, 
    {
        "accumulated_operating_revenue_yoy": 5.026350822492976, 
        "accumulated_operating_revenue": 18016738, 
        "long_term_average": 1622265, 
        "date": "2013-11-30", 
        "operating_revenue": 1713259, 
        "short_term_average": 1695727
    }, 
    {
        "accumulated_operating_revenue_yoy": 5.447715888284479, 
        "accumulated_operating_revenue": 19618479, 
        "long_term_average": 1634873, 
        "date": "2013-12-31", 
        "operating_revenue": 1601741, 
        "short_term_average": 1683134
    }, 
    {
        "accumulated_operating_revenue_yoy": 1.3197079882000478, 
        "accumulated_operating_revenue": 1587463, 
        "long_term_average": 1636596, 
        "date": "2014-01-31", 
        "operating_revenue": 1587463, 
        "short_term_average": 1634154
    }, 
    {
        "accumulated_operating_revenue_yoy": 11.808599177992791, 
        "accumulated_operating_revenue": 3049546, 
        "long_term_average": 1661712, 
        "date": "2014-02-28", 
        "operating_revenue": 1462083, 
        "short_term_average": 1550429
    }, 
    {
        "accumulated_operating_revenue_yoy": 4.801406849122409, 
        "accumulated_operating_revenue": 4806334, 
        "long_term_average": 1653223, 
        "date": "2014-03-31", 
        "operating_revenue": 1756788, 
        "short_term_average": 1602111
    }, 
    {
        "accumulated_operating_revenue_yoy": 6.04834983441871, 
        "accumulated_operating_revenue": 6506763, 
        "long_term_average": 1665798, 
        "date": "2014-04-30", 
        "operating_revenue": 1700429, 
        "short_term_average": 1639766
    }, 
    {
        "accumulated_operating_revenue_yoy": 6.388915327085014, 
        "accumulated_operating_revenue": 8282859, 
        "long_term_average": 1676323, 
        "date": "2014-05-31", 
        "operating_revenue": 1776096, 
        "short_term_average": 1744437
    }, 
    {
        "accumulated_operating_revenue_yoy": 3.8840307061119765, 
        "accumulated_operating_revenue": 10016893, 
        "long_term_average": 1666082, 
        "date": "2014-06-30", 
        "operating_revenue": 1734034, 
        "short_term_average": 1736853
    }, 
    {
        "accumulated_operating_revenue_yoy": 3.548649549284207, 
        "accumulated_operating_revenue": 11717910, 
        "long_term_average": 1668338, 
        "date": "2014-07-31", 
        "operating_revenue": 1701017, 
        "short_term_average": 1737049
    }, 
    {
        "accumulated_operating_revenue_yoy": 3.660860151666449, 
        "accumulated_operating_revenue": 13402890, 
        "long_term_average": 1674317, 
        "date": "2014-08-31", 
        "operating_revenue": 1684980, 
        "short_term_average": 1706677
    }, 
    {
        "accumulated_operating_revenue_yoy": 3.7942625874146034, 
        "accumulated_operating_revenue": 15121865, 
        "long_term_average": 1680939, 
        "date": "2014-09-30", 
        "operating_revenue": 1718975, 
        "short_term_average": 1701657
    }, 
    {
        "accumulated_operating_revenue_yoy": 2.637430943420113, 
        "accumulated_operating_revenue": 16733472, 
        "long_term_average": 1670706, 
        "date": "2014-10-31", 
        "operating_revenue": 1611607, 
        "short_term_average": 1671854
    }, 
    {
        "accumulated_operating_revenue_yoy": 1.8465995342775148, 
        "accumulated_operating_revenue": 18349435, 
        "long_term_average": 1662598, 
        "date": "2014-11-30", 
        "operating_revenue": 1615963, 
        "short_term_average": 1648848
    }, 
    {
        "accumulated_operating_revenue_yoy": 1.8916757002415934, 
        "accumulated_operating_revenue": 19989597, 
        "long_term_average": 1665799, 
        "date": "2014-12-31", 
        "operating_revenue": 1640162, 
        "short_term_average": 1622577
    }, 
    {
        "accumulated_operating_revenue_yoy": -1.8751303179979628, 
        "accumulated_operating_revenue": 1557696, 
        "long_term_average": 1663319, 
        "date": "2015-01-31", 
        "operating_revenue": 1557696, 
        "short_term_average": 1604607
    }, 
    {
        "accumulated_operating_revenue_yoy": -14.136366528001219, 
        "accumulated_operating_revenue": 2618451, 
        "long_term_average": 1629875, 
        "date": "2015-02-28", 
        "operating_revenue": 1060755, 
        "short_term_average": 1419537
    }, 
    {
        "accumulated_operating_revenue_yoy": -15.547005264303312, 
        "accumulated_operating_revenue": 4059093, 
        "long_term_average": 1603529, 
        "date": "2015-03-31", 
        "operating_revenue": 1440642, 
        "short_term_average": 1353031
    }, 
    {
        "accumulated_operating_revenue_yoy": -13.338844522230179, 
        "accumulated_operating_revenue": 5638836, 
        "long_term_average": 1593472, 
        "date": "2015-04-30", 
        "operating_revenue": 1579743, 
        "short_term_average": 1360380
    }, 
    {
        "accumulated_operating_revenue_yoy": -13.781835474924781, 
        "accumulated_operating_revenue": 7141329, 
        "long_term_average": 1570672, 
        "date": "2015-05-31", 
        "operating_revenue": 1502493, 
        "short_term_average": 1507626
    }, 
    {
        "accumulated_operating_revenue_yoy": -13.382153528045073, 
        "accumulated_operating_revenue": 8676417, 
        "long_term_average": 1554093, 
        "date": "2015-06-30", 
        "operating_revenue": 1535088, 
        "short_term_average": 1539108
    }, 
    {
        "accumulated_operating_revenue_yoy": -11.827945427128217, 
        "accumulated_operating_revenue": 10331922, 
        "long_term_average": 1550300, 
        "date": "2015-07-31", 
        "operating_revenue": 1655505, 
        "short_term_average": 1564362
    }, 
    {
        "accumulated_operating_revenue_yoy": -10.942356461927242, 
        "accumulated_operating_revenue": 11936298, 
        "long_term_average": 1543583, 
        "date": "2015-08-31", 
        "operating_revenue": 1604376, 
        "short_term_average": 1598323
    }, 
    {
        "accumulated_operating_revenue_yoy": -11.23699358511665, 
        "accumulated_operating_revenue": 13422622, 
        "long_term_average": 1524196, 
        "date": "2015-09-30", 
        "operating_revenue": 1486324, 
        "short_term_average": 1582068
    }
]