[
    {
        "date": "2012-01-31", 
        "operating_revenue": 220844, 
        "accumulated_operating_revenue": 220844, 
        "long_term_average": 220844, 
        "short_term_average": 220844
    }, 
    {
        "date": "2012-02-29", 
        "operating_revenue": 272959, 
        "accumulated_operating_revenue": 493803, 
        "long_term_average": 246901, 
        "short_term_average": 246901
    }, 
    {
        "date": "2012-03-31", 
        "operating_revenue": 360962, 
        "accumulated_operating_revenue": 854765, 
        "long_term_average": 284921, 
        "short_term_average": 284921
    }, 
    {
        "date": "2012-04-30", 
        "operating_revenue": 269425, 
        "accumulated_operating_revenue": 1124190, 
        "long_term_average": 281047, 
        "short_term_average": 301115
    }, 
    {
        "date": "2012-05-31", 
        "operating_revenue": 256914, 
        "accumulated_operating_revenue": 1381104, 
        "long_term_average": 276220, 
        "short_term_average": 295767
    }, 
    {
        "date": "2012-06-30", 
        "operating_revenue": 313669, 
        "accumulated_operating_revenue": 1694773, 
        "long_term_average": 282462, 
        "short_term_average": 280002
    }, 
    {
        "date": "2012-07-31", 
        "operating_revenue": 357100, 
        "accumulated_operating_revenue": 2051873, 
        "long_term_average": 293124, 
        "short_term_average": 309227
    }, 
    {
        "date": "2012-08-31", 
        "operating_revenue": 379429, 
        "accumulated_operating_revenue": 2431302, 
        "long_term_average": 303912, 
        "short_term_average": 350066
    }, 
    {
        "date": "2012-09-30", 
        "operating_revenue": 344715, 
        "accumulated_operating_revenue": 2776017, 
        "long_term_average": 308446, 
        "short_term_average": 360414
    }, 
    {
        "date": "2012-10-31", 
        "operating_revenue": 363793, 
        "accumulated_operating_revenue": 3139810, 
        "long_term_average": 313981, 
        "short_term_average": 362645
    }, 
    {
        "date": "2012-11-30", 
        "operating_revenue": 344022, 
        "accumulated_operating_revenue": 3483832, 
        "long_term_average": 316712, 
        "short_term_average": 350843
    }, 
    {
        "date": "2012-12-31", 
        "operating_revenue": 340926, 
        "accumulated_operating_revenue": 3824758, 
        "long_term_average": 318729, 
        "short_term_average": 349580
    }, 
    {
        "accumulated_operating_revenue_yoy": 52.179366430602606, 
        "accumulated_operating_revenue": 336079, 
        "long_term_average": 328332, 
        "date": "2013-01-31", 
        "operating_revenue": 336079, 
        "short_term_average": 340342
    }, 
    {
        "accumulated_operating_revenue_yoy": 27.089952875944455, 
        "accumulated_operating_revenue": 627574, 
        "long_term_average": 329877, 
        "date": "2013-02-28", 
        "operating_revenue": 291495, 
        "short_term_average": 322833
    }, 
    {
        "accumulated_operating_revenue_yoy": 26.694939544787168, 
        "accumulated_operating_revenue": 1082944, 
        "long_term_average": 337744, 
        "date": "2013-03-31", 
        "operating_revenue": 455370, 
        "short_term_average": 360981
    }, 
    {
        "accumulated_operating_revenue_yoy": 33.36464476645407, 
        "accumulated_operating_revenue": 1499272, 
        "long_term_average": 349986, 
        "date": "2013-04-30", 
        "operating_revenue": 416328, 
        "short_term_average": 387731
    }, 
    {
        "accumulated_operating_revenue_yoy": 38.024580335731414, 
        "accumulated_operating_revenue": 1906263, 
        "long_term_average": 362493, 
        "date": "2013-05-31", 
        "operating_revenue": 406991, 
        "short_term_average": 426229
    }, 
    {
        "accumulated_operating_revenue_yoy": 38.07902297239807, 
        "accumulated_operating_revenue": 2340126, 
        "long_term_average": 372509, 
        "date": "2013-06-30", 
        "operating_revenue": 433863, 
        "short_term_average": 419060
    }, 
    {
        "accumulated_operating_revenue_yoy": 35.36758853983653, 
        "accumulated_operating_revenue": 2777571, 
        "long_term_average": 379204, 
        "date": "2013-07-31", 
        "operating_revenue": 437445, 
        "short_term_average": 426099
    }, 
    {
        "accumulated_operating_revenue_yoy": 31.973115639274756, 
        "accumulated_operating_revenue": 3208665, 
        "long_term_average": 383510, 
        "date": "2013-08-31", 
        "operating_revenue": 431094, 
        "short_term_average": 434134
    }, 
    {
        "accumulated_operating_revenue_yoy": 30.524560908668786, 
        "accumulated_operating_revenue": 3623384, 
        "long_term_average": 389343, 
        "date": "2013-09-30", 
        "operating_revenue": 414719, 
        "short_term_average": 427752
    }, 
    {
        "accumulated_operating_revenue_yoy": 29.742022606463447, 
        "accumulated_operating_revenue": 4073653, 
        "long_term_average": 396550, 
        "date": "2013-10-31", 
        "operating_revenue": 450269, 
        "short_term_average": 432027
    }, 
    {
        "accumulated_operating_revenue_yoy": 29.880516626519306, 
        "accumulated_operating_revenue": 4524819, 
        "long_term_average": 405478, 
        "date": "2013-11-30", 
        "operating_revenue": 451166, 
        "short_term_average": 438718
    }, 
    {
        "accumulated_operating_revenue_yoy": 28.647537961878893, 
        "accumulated_operating_revenue": 4920457, 
        "long_term_average": 410038, 
        "date": "2013-12-31", 
        "operating_revenue": 395638, 
        "short_term_average": 432357
    }, 
    {
        "accumulated_operating_revenue_yoy": -11.815376741777975, 
        "accumulated_operating_revenue": 296370, 
        "long_term_average": 406729, 
        "date": "2014-01-31", 
        "operating_revenue": 296370, 
        "short_term_average": 381058
    }, 
    {
        "accumulated_operating_revenue_yoy": -3.281047334656949, 
        "accumulated_operating_revenue": 606983, 
        "long_term_average": 408322, 
        "date": "2014-02-28", 
        "operating_revenue": 310613, 
        "short_term_average": 334207
    }, 
    {
        "accumulated_operating_revenue_yoy": -10.586789344601383, 
        "accumulated_operating_revenue": 968295, 
        "long_term_average": 400484, 
        "date": "2014-03-31", 
        "operating_revenue": 361312, 
        "short_term_average": 322765
    }, 
    {
        "accumulated_operating_revenue_yoy": -8.624385701860636, 
        "accumulated_operating_revenue": 1369969, 
        "long_term_average": 399262, 
        "date": "2014-04-30", 
        "operating_revenue": 401674, 
        "short_term_average": 357866
    }, 
    {
        "accumulated_operating_revenue_yoy": -6.470828002222148, 
        "accumulated_operating_revenue": 1782912, 
        "long_term_average": 399758, 
        "date": "2014-05-31", 
        "operating_revenue": 412943, 
        "short_term_average": 391976
    }, 
    {
        "accumulated_operating_revenue_yoy": -9.38671678362618, 
        "accumulated_operating_revenue": 2120465, 
        "long_term_average": 391733, 
        "date": "2014-06-30", 
        "operating_revenue": 337553, 
        "short_term_average": 384056
    }, 
    {
        "accumulated_operating_revenue_yoy": -9.14486074343374, 
        "accumulated_operating_revenue": 2523566, 
        "long_term_average": 388871, 
        "date": "2014-07-31", 
        "operating_revenue": 403101, 
        "short_term_average": 384532
    }, 
    {
        "accumulated_operating_revenue_yoy": -8.763800521400643, 
        "accumulated_operating_revenue": 2927464, 
        "long_term_average": 386604, 
        "date": "2014-08-31", 
        "operating_revenue": 403898, 
        "short_term_average": 381517
    }, 
    {
        "accumulated_operating_revenue_yoy": -9.090148877403003, 
        "accumulated_operating_revenue": 3294013, 
        "long_term_average": 382590, 
        "date": "2014-09-30", 
        "operating_revenue": 366549, 
        "short_term_average": 391182
    }, 
    {
        "accumulated_operating_revenue_yoy": -9.903420836286251, 
        "accumulated_operating_revenue": 3670222, 
        "long_term_average": 376418, 
        "date": "2014-10-31", 
        "operating_revenue": 376209, 
        "short_term_average": 382218
    }, 
    {
        "accumulated_operating_revenue_yoy": -12.186255406017347, 
        "accumulated_operating_revenue": 3973413, 
        "long_term_average": 364087, 
        "date": "2014-11-30", 
        "operating_revenue": 303191, 
        "short_term_average": 348649
    }, 
    {
        "accumulated_operating_revenue_yoy": -12.138933436467385, 
        "accumulated_operating_revenue": 4323166, 
        "long_term_average": 360263, 
        "date": "2014-12-31", 
        "operating_revenue": 349753, 
        "short_term_average": 343051
    }, 
    {
        "accumulated_operating_revenue_yoy": 11.332793467624928, 
        "accumulated_operating_revenue": 329957, 
        "long_term_average": 363062, 
        "date": "2015-01-31", 
        "operating_revenue": 329957, 
        "short_term_average": 327633
    }, 
    {
        "accumulated_operating_revenue_yoy": -1.4255753456027598, 
        "accumulated_operating_revenue": 598330, 
        "long_term_average": 359542, 
        "date": "2015-02-28", 
        "operating_revenue": 268373, 
        "short_term_average": 316027
    }, 
    {
        "accumulated_operating_revenue_yoy": 4.872378768866926, 
        "accumulated_operating_revenue": 1015474, 
        "long_term_average": 364195, 
        "date": "2015-03-31", 
        "operating_revenue": 417144, 
        "short_term_average": 338491
    }, 
    {
        "accumulated_operating_revenue_yoy": 8.297122051666863, 
        "accumulated_operating_revenue": 1483637, 
        "long_term_average": 369736, 
        "date": "2015-04-30", 
        "operating_revenue": 468163, 
        "short_term_average": 384560
    }, 
    {
        "accumulated_operating_revenue_yoy": 11.344025953047598, 
        "accumulated_operating_revenue": 1985166, 
        "long_term_average": 377118, 
        "date": "2015-05-31", 
        "operating_revenue": 501529, 
        "short_term_average": 462278
    }, 
    {
        "accumulated_operating_revenue_yoy": 12.470000683812277, 
        "accumulated_operating_revenue": 2384887, 
        "long_term_average": 382299, 
        "date": "2015-06-30", 
        "operating_revenue": 399721, 
        "short_term_average": 456471
    }, 
    {
        "accumulated_operating_revenue_yoy": 7.817429779922539, 
        "accumulated_operating_revenue": 2720844, 
        "long_term_average": 376703, 
        "date": "2015-07-31", 
        "operating_revenue": 335957, 
        "short_term_average": 412402
    }, 
    {
        "accumulated_operating_revenue_yoy": 6.877625139028183, 
        "accumulated_operating_revenue": 3128804, 
        "long_term_average": 377042, 
        "date": "2015-08-31", 
        "operating_revenue": 407960, 
        "short_term_average": 381212
    }, 
    {
        "accumulated_operating_revenue_yoy": 6.576901791219402, 
        "accumulated_operating_revenue": 3510657, 
        "long_term_average": 378317, 
        "date": "2015-09-30", 
        "operating_revenue": 381853, 
        "short_term_average": 375256
    }
]