[
    {
        "date": "2012-01-31", 
        "operating_revenue": 62682, 
        "accumulated_operating_revenue": 62682, 
        "long_term_average": 62682, 
        "short_term_average": 62682
    }, 
    {
        "date": "2012-02-29", 
        "operating_revenue": 87460, 
        "accumulated_operating_revenue": 150142, 
        "long_term_average": 75071, 
        "short_term_average": 75071
    }, 
    {
        "date": "2012-03-31", 
        "operating_revenue": 82998, 
        "accumulated_operating_revenue": 233140, 
        "long_term_average": 77713, 
        "short_term_average": 77713
    }, 
    {
        "date": "2012-04-30", 
        "operating_revenue": 91161, 
        "accumulated_operating_revenue": 324301, 
        "long_term_average": 81075, 
        "short_term_average": 87206
    }, 
    {
        "date": "2012-05-31", 
        "operating_revenue": 83640, 
        "accumulated_operating_revenue": 407941, 
        "long_term_average": 81588, 
        "short_term_average": 85933
    }, 
    {
        "date": "2012-06-30", 
        "operating_revenue": 64639, 
        "accumulated_operating_revenue": 472580, 
        "long_term_average": 78763, 
        "short_term_average": 79813
    }, 
    {
        "date": "2012-07-31", 
        "operating_revenue": 75074, 
        "accumulated_operating_revenue": 547654, 
        "long_term_average": 78236, 
        "short_term_average": 74451
    }, 
    {
        "date": "2012-08-31", 
        "operating_revenue": 75081, 
        "accumulated_operating_revenue": 622735, 
        "long_term_average": 77841, 
        "short_term_average": 71598
    }, 
    {
        "date": "2012-09-30", 
        "operating_revenue": 55424, 
        "accumulated_operating_revenue": 678159, 
        "long_term_average": 75351, 
        "short_term_average": 68526
    }, 
    {
        "date": "2012-10-31", 
        "operating_revenue": 63699, 
        "accumulated_operating_revenue": 741858, 
        "long_term_average": 74185, 
        "short_term_average": 64734
    }, 
    {
        "date": "2012-11-30", 
        "operating_revenue": 67246, 
        "accumulated_operating_revenue": 809104, 
        "long_term_average": 73554, 
        "short_term_average": 62123
    }, 
    {
        "date": "2012-12-31", 
        "operating_revenue": 70535, 
        "accumulated_operating_revenue": 879639, 
        "long_term_average": 73303, 
        "short_term_average": 67160
    }, 
    {
        "accumulated_operating_revenue_yoy": 25.91653106154877, 
        "accumulated_operating_revenue": 78927, 
        "long_term_average": 74657, 
        "date": "2013-01-31", 
        "operating_revenue": 78927, 
        "short_term_average": 72236
    }, 
    {
        "accumulated_operating_revenue_yoy": -16.63025669033315, 
        "accumulated_operating_revenue": 125173, 
        "long_term_average": 71222, 
        "date": "2013-02-28", 
        "operating_revenue": 46246, 
        "short_term_average": 65236
    }, 
    {
        "accumulated_operating_revenue_yoy": -16.34211203568671, 
        "accumulated_operating_revenue": 195040, 
        "long_term_average": 70128, 
        "date": "2013-03-31", 
        "operating_revenue": 69867, 
        "short_term_average": 65013
    }, 
    {
        "accumulated_operating_revenue_yoy": -17.148266579504842, 
        "accumulated_operating_revenue": 268689, 
        "long_term_average": 68668, 
        "date": "2013-04-30", 
        "operating_revenue": 73649, 
        "short_term_average": 63254
    }, 
    {
        "accumulated_operating_revenue_yoy": -13.766451521175856, 
        "accumulated_operating_revenue": 351782, 
        "long_term_average": 68623, 
        "date": "2013-05-31", 
        "operating_revenue": 83093, 
        "short_term_average": 75536
    }, 
    {
        "accumulated_operating_revenue_yoy": -12.46582589191248, 
        "accumulated_operating_revenue": 413669, 
        "long_term_average": 68394, 
        "date": "2013-06-30", 
        "operating_revenue": 61887, 
        "short_term_average": 72876
    }, 
    {
        "accumulated_operating_revenue_yoy": -11.201415492263363, 
        "accumulated_operating_revenue": 486309, 
        "long_term_average": 68191, 
        "date": "2013-07-31", 
        "operating_revenue": 72640, 
        "short_term_average": 72540
    }, 
    {
        "accumulated_operating_revenue_yoy": -8.516624246268476, 
        "accumulated_operating_revenue": 569699, 
        "long_term_average": 68883, 
        "date": "2013-08-31", 
        "operating_revenue": 83390, 
        "short_term_average": 72639
    }, 
    {
        "accumulated_operating_revenue_yoy": -5.736412847134669, 
        "accumulated_operating_revenue": 639257, 
        "long_term_average": 70061, 
        "date": "2013-09-30", 
        "operating_revenue": 69558, 
        "short_term_average": 75196
    }, 
    {
        "accumulated_operating_revenue_yoy": -4.675153466027191, 
        "accumulated_operating_revenue": 707175, 
        "long_term_average": 70413, 
        "date": "2013-10-31", 
        "operating_revenue": 67918, 
        "short_term_average": 73622
    }, 
    {
        "accumulated_operating_revenue_yoy": -4.36581700251142, 
        "accumulated_operating_revenue": 773780, 
        "long_term_average": 70359, 
        "date": "2013-11-30", 
        "operating_revenue": 66605, 
        "short_term_average": 68027
    }, 
    {
        "accumulated_operating_revenue_yoy": -4.098272132090551, 
        "accumulated_operating_revenue": 843589, 
        "long_term_average": 70299, 
        "date": "2013-12-31", 
        "operating_revenue": 69809, 
        "short_term_average": 68110
    }, 
    {
        "accumulated_operating_revenue_yoy": -22.44352376246405, 
        "accumulated_operating_revenue": 61213, 
        "long_term_average": 68822, 
        "date": "2014-01-31", 
        "operating_revenue": 61213, 
        "short_term_average": 65875
    }, 
    {
        "accumulated_operating_revenue_yoy": 6.860904508160706, 
        "accumulated_operating_revenue": 133761, 
        "long_term_average": 71014, 
        "date": "2014-02-28", 
        "operating_revenue": 72548, 
        "short_term_average": 67856
    }, 
    {
        "accumulated_operating_revenue_yoy": 9.751845775225593, 
        "accumulated_operating_revenue": 214060, 
        "long_term_average": 71884, 
        "date": "2014-03-31", 
        "operating_revenue": 80299, 
        "short_term_average": 71353
    }, 
    {
        "accumulated_operating_revenue_yoy": 6.217597296502648, 
        "accumulated_operating_revenue": 285395, 
        "long_term_average": 71691, 
        "date": "2014-04-30", 
        "operating_revenue": 71335, 
        "short_term_average": 74727
    }, 
    {
        "accumulated_operating_revenue_yoy": -0.5372645558897272, 
        "accumulated_operating_revenue": 349892, 
        "long_term_average": 70141, 
        "date": "2014-05-31", 
        "operating_revenue": 64497, 
        "short_term_average": 72043
    }, 
    {
        "accumulated_operating_revenue_yoy": 0.6159514007576106, 
        "accumulated_operating_revenue": 416217, 
        "long_term_average": 70511, 
        "date": "2014-06-30", 
        "operating_revenue": 66325, 
        "short_term_average": 67385
    }, 
    {
        "accumulated_operating_revenue_yoy": 1.6738328922557468, 
        "accumulated_operating_revenue": 494449, 
        "long_term_average": 70977, 
        "date": "2014-07-31", 
        "operating_revenue": 78232, 
        "short_term_average": 69684
    }, 
    {
        "accumulated_operating_revenue_yoy": -4.005799553799463, 
        "accumulated_operating_revenue": 546878, 
        "long_term_average": 68397, 
        "date": "2014-08-31", 
        "operating_revenue": 52429, 
        "short_term_average": 65662
    }, 
    {
        "accumulated_operating_revenue_yoy": -2.819053995497898, 
        "accumulated_operating_revenue": 621236, 
        "long_term_average": 68797, 
        "date": "2014-09-30", 
        "operating_revenue": 74358, 
        "short_term_average": 68339
    }, 
    {
        "accumulated_operating_revenue_yoy": -2.5843673772404285, 
        "accumulated_operating_revenue": 688899, 
        "long_term_average": 68776, 
        "date": "2014-10-31", 
        "operating_revenue": 67663, 
        "short_term_average": 64816
    }, 
    {
        "accumulated_operating_revenue_yoy": -3.046860864845305, 
        "accumulated_operating_revenue": 750204, 
        "long_term_average": 68334, 
        "date": "2014-11-30", 
        "operating_revenue": 61305, 
        "short_term_average": 67775
    }, 
    {
        "accumulated_operating_revenue_yoy": -2.87165906620404, 
        "accumulated_operating_revenue": 819364, 
        "long_term_average": 68280, 
        "date": "2014-12-31", 
        "operating_revenue": 69160, 
        "short_term_average": 66042
    }, 
    {
        "accumulated_operating_revenue_yoy": -9.726692042539984, 
        "accumulated_operating_revenue": 55259, 
        "long_term_average": 67784, 
        "date": "2015-01-31", 
        "operating_revenue": 55259, 
        "short_term_average": 61908
    }, 
    {
        "accumulated_operating_revenue_yoy": -19.88172935309993, 
        "accumulated_operating_revenue": 107167, 
        "long_term_average": 66064, 
        "date": "2015-02-28", 
        "operating_revenue": 51908, 
        "short_term_average": 58775
    }, 
    {
        "accumulated_operating_revenue_yoy": -17.683826964402506, 
        "accumulated_operating_revenue": 176206, 
        "long_term_average": 65125, 
        "date": "2015-03-31", 
        "operating_revenue": 69039, 
        "short_term_average": 58735
    }, 
    {
        "accumulated_operating_revenue_yoy": -10.976366089104575, 
        "accumulated_operating_revenue": 254069, 
        "long_term_average": 65669, 
        "date": "2015-04-30", 
        "operating_revenue": 77863, 
        "short_term_average": 66270
    }, 
    {
        "accumulated_operating_revenue_yoy": -7.126770546340014, 
        "accumulated_operating_revenue": 324956, 
        "long_term_average": 66202, 
        "date": "2015-05-31", 
        "operating_revenue": 70887, 
        "short_term_average": 72596
    }, 
    {
        "accumulated_operating_revenue_yoy": -6.091533983474966, 
        "accumulated_operating_revenue": 390863, 
        "long_term_average": 66167, 
        "date": "2015-06-30", 
        "operating_revenue": 65907, 
        "short_term_average": 71552
    }, 
    {
        "accumulated_operating_revenue_yoy": -7.592491844457164, 
        "accumulated_operating_revenue": 456908, 
        "long_term_average": 65151, 
        "date": "2015-07-31", 
        "operating_revenue": 66045, 
        "short_term_average": 67613
    }, 
    {
        "accumulated_operating_revenue_yoy": -4.170765691799634, 
        "accumulated_operating_revenue": 524069, 
        "long_term_average": 66379, 
        "date": "2015-08-31", 
        "operating_revenue": 67161, 
        "short_term_average": 66371
    }
]