[
    {
        "date": "2012-01-31", 
        "operating_revenue": 2585, 
        "accumulated_operating_revenue": 2585, 
        "long_term_average": 2585, 
        "short_term_average": 2585
    }, 
    {
        "date": "2012-02-29", 
        "operating_revenue": 3434, 
        "accumulated_operating_revenue": 6019, 
        "long_term_average": 3009, 
        "short_term_average": 3009
    }, 
    {
        "date": "2012-03-31", 
        "operating_revenue": 3660, 
        "accumulated_operating_revenue": 9679, 
        "long_term_average": 3226, 
        "short_term_average": 3226
    }, 
    {
        "date": "2012-04-30", 
        "operating_revenue": 3404, 
        "accumulated_operating_revenue": 13083, 
        "long_term_average": 3270, 
        "short_term_average": 3499
    }, 
    {
        "date": "2012-05-31", 
        "operating_revenue": 3454, 
        "accumulated_operating_revenue": 16537, 
        "long_term_average": 3307, 
        "short_term_average": 3506
    }, 
    {
        "date": "2012-06-30", 
        "operating_revenue": 581, 
        "accumulated_operating_revenue": 17118, 
        "long_term_average": 2853, 
        "short_term_average": 2479
    }, 
    {
        "date": "2012-07-31", 
        "operating_revenue": 3749, 
        "accumulated_operating_revenue": 20867, 
        "long_term_average": 2981, 
        "short_term_average": 2594
    }, 
    {
        "date": "2012-08-31", 
        "operating_revenue": 3756, 
        "accumulated_operating_revenue": 24623, 
        "long_term_average": 3077, 
        "short_term_average": 2695
    }, 
    {
        "date": "2012-09-30", 
        "operating_revenue": 4096, 
        "accumulated_operating_revenue": 28719, 
        "long_term_average": 3191, 
        "short_term_average": 3867
    }, 
    {
        "date": "2012-10-31", 
        "operating_revenue": 4707, 
        "accumulated_operating_revenue": 33426, 
        "long_term_average": 3342, 
        "short_term_average": 4186
    }, 
    {
        "date": "2012-11-30", 
        "operating_revenue": 4213, 
        "accumulated_operating_revenue": 37639, 
        "long_term_average": 3421, 
        "short_term_average": 4338
    }, 
    {
        "date": "2012-12-31", 
        "operating_revenue": 4206, 
        "accumulated_operating_revenue": 41845, 
        "long_term_average": 3487, 
        "short_term_average": 4375
    }, 
    {
        "accumulated_operating_revenue_yoy": 94.62282398452612, 
        "accumulated_operating_revenue": 5031, 
        "long_term_average": 3690, 
        "date": "2013-01-31", 
        "operating_revenue": 5031, 
        "short_term_average": 4483
    }, 
    {
        "accumulated_operating_revenue_yoy": 30.636318325303208, 
        "accumulated_operating_revenue": 7863, 
        "long_term_average": 3640, 
        "date": "2013-02-28", 
        "operating_revenue": 2832, 
        "short_term_average": 4023
    }, 
    {
        "accumulated_operating_revenue_yoy": 29.538175431346215, 
        "accumulated_operating_revenue": 12538, 
        "long_term_average": 3725, 
        "date": "2013-03-31", 
        "operating_revenue": 4675, 
        "short_term_average": 4179
    }, 
    {
        "accumulated_operating_revenue_yoy": 29.4275013376137, 
        "accumulated_operating_revenue": 16933, 
        "long_term_average": 3807, 
        "date": "2013-04-30", 
        "operating_revenue": 4395, 
        "short_term_average": 3967
    }, 
    {
        "accumulated_operating_revenue_yoy": 23.716514482675212, 
        "accumulated_operating_revenue": 20459, 
        "long_term_average": 3813, 
        "date": "2013-05-31", 
        "operating_revenue": 3526, 
        "short_term_average": 4198
    }, 
    {
        "accumulated_operating_revenue_yoy": 40.472017759084004, 
        "accumulated_operating_revenue": 24046, 
        "long_term_average": 4064, 
        "date": "2013-06-30", 
        "operating_revenue": 3587, 
        "short_term_average": 3836
    }, 
    {
        "accumulated_operating_revenue_yoy": 33.91479369339148, 
        "accumulated_operating_revenue": 27944, 
        "long_term_average": 4076, 
        "date": "2013-07-31", 
        "operating_revenue": 3898, 
        "short_term_average": 3670
    }, 
    {
        "accumulated_operating_revenue_yoy": 30.43902042805507, 
        "accumulated_operating_revenue": 32118, 
        "long_term_average": 4111, 
        "date": "2013-08-31", 
        "operating_revenue": 4174, 
        "short_term_average": 3886
    }, 
    {
        "accumulated_operating_revenue_yoy": 25.568439012500438, 
        "accumulated_operating_revenue": 36062, 
        "long_term_average": 4099, 
        "date": "2013-09-30", 
        "operating_revenue": 3944, 
        "short_term_average": 4005
    }, 
    {
        "accumulated_operating_revenue_yoy": 21.14222461556872, 
        "accumulated_operating_revenue": 40493, 
        "long_term_average": 4076, 
        "date": "2013-10-31", 
        "operating_revenue": 4431, 
        "short_term_average": 4183
    }, 
    {
        "accumulated_operating_revenue_yoy": 18.092935519009536, 
        "accumulated_operating_revenue": 44449, 
        "long_term_average": 4054, 
        "date": "2013-11-30", 
        "operating_revenue": 3956, 
        "short_term_average": 4110
    }, 
    {
        "accumulated_operating_revenue_yoy": 20.99892460270044, 
        "accumulated_operating_revenue": 50632, 
        "long_term_average": 4219, 
        "date": "2013-12-31", 
        "operating_revenue": 6183, 
        "short_term_average": 4856
    }, 
    {
        "accumulated_operating_revenue_yoy": -20.830848737825484, 
        "accumulated_operating_revenue": 3983, 
        "long_term_average": 4132, 
        "date": "2014-01-31", 
        "operating_revenue": 3983, 
        "short_term_average": 4707
    }, 
    {
        "accumulated_operating_revenue_yoy": 144.1434566959176, 
        "accumulated_operating_revenue": 19197, 
        "long_term_average": 5163, 
        "date": "2014-02-28", 
        "operating_revenue": 15214, 
        "short_term_average": 8460
    }, 
    {
        "accumulated_operating_revenue_yoy": 153.6289679374701, 
        "accumulated_operating_revenue": 31800, 
        "long_term_average": 5824, 
        "date": "2014-03-31", 
        "operating_revenue": 12603, 
        "short_term_average": 10600
    }, 
    {
        "accumulated_operating_revenue_yoy": 114.12035669993503, 
        "accumulated_operating_revenue": 36257, 
        "long_term_average": 5829, 
        "date": "2014-04-30", 
        "operating_revenue": 4457, 
        "short_term_average": 10758
    }, 
    {
        "accumulated_operating_revenue_yoy": 94.22259152451244, 
        "accumulated_operating_revenue": 39736, 
        "long_term_average": 5825, 
        "date": "2014-05-31", 
        "operating_revenue": 3479, 
        "short_term_average": 6846
    }, 
    {
        "accumulated_operating_revenue_yoy": 78.50370123929136, 
        "accumulated_operating_revenue": 42923, 
        "long_term_average": 5792, 
        "date": "2014-06-30", 
        "operating_revenue": 3187, 
        "short_term_average": 3707
    }, 
    {
        "accumulated_operating_revenue_yoy": 66.61537360435156, 
        "accumulated_operating_revenue": 46559, 
        "long_term_average": 5770, 
        "date": "2014-07-31", 
        "operating_revenue": 3636, 
        "short_term_average": 3434
    }, 
    {
        "accumulated_operating_revenue_yoy": 55.82228034124167, 
        "accumulated_operating_revenue": 50047, 
        "long_term_average": 5713, 
        "date": "2014-08-31", 
        "operating_revenue": 3488, 
        "short_term_average": 3437
    }, 
    {
        "accumulated_operating_revenue_yoy": 50.2828462093062, 
        "accumulated_operating_revenue": 54195, 
        "long_term_average": 5730, 
        "date": "2014-09-30", 
        "operating_revenue": 4148, 
        "short_term_average": 3757
    }, 
    {
        "accumulated_operating_revenue_yoy": 45.2251006346776, 
        "accumulated_operating_revenue": 58806, 
        "long_term_average": 5745, 
        "date": "2014-10-31", 
        "operating_revenue": 4611, 
        "short_term_average": 4082
    }, 
    {
        "accumulated_operating_revenue_yoy": 39.319219779972556, 
        "accumulated_operating_revenue": 61926, 
        "long_term_average": 5675, 
        "date": "2014-11-30", 
        "operating_revenue": 3120, 
        "short_term_average": 3959
    }, 
    {
        "accumulated_operating_revenue_yoy": 49.74522041396745, 
        "accumulated_operating_revenue": 75819, 
        "long_term_average": 6318, 
        "date": "2014-12-31", 
        "operating_revenue": 13893, 
        "short_term_average": 7208
    }, 
    {
        "accumulated_operating_revenue_yoy": 79.48782324880743, 
        "accumulated_operating_revenue": 7149, 
        "long_term_average": 6582, 
        "date": "2015-01-31", 
        "operating_revenue": 7149, 
        "short_term_average": 8054
    }, 
    {
        "accumulated_operating_revenue_yoy": -43.00671979996874, 
        "accumulated_operating_revenue": 10941, 
        "long_term_average": 5630, 
        "date": "2015-02-28", 
        "operating_revenue": 3792, 
        "short_term_average": 8278
    }, 
    {
        "accumulated_operating_revenue_yoy": -45.886792452830186, 
        "accumulated_operating_revenue": 17208, 
        "long_term_average": 5102, 
        "date": "2015-03-31", 
        "operating_revenue": 6267, 
        "short_term_average": 5736
    }, 
    {
        "accumulated_operating_revenue_yoy": -32.071048349284276, 
        "accumulated_operating_revenue": 24629, 
        "long_term_average": 5349, 
        "date": "2015-04-30", 
        "operating_revenue": 7421, 
        "short_term_average": 5826
    }, 
    {
        "accumulated_operating_revenue_yoy": -11.36249245017113, 
        "accumulated_operating_revenue": 35221, 
        "long_term_average": 5942, 
        "date": "2015-05-31", 
        "operating_revenue": 10592, 
        "short_term_average": 8093
    }, 
    {
        "accumulated_operating_revenue_yoy": 16.860424481047456, 
        "accumulated_operating_revenue": 50160, 
        "long_term_average": 6921, 
        "date": "2015-06-30", 
        "operating_revenue": 14939, 
        "short_term_average": 10984
    }, 
    {
        "accumulated_operating_revenue_yoy": 66.19128417706565, 
        "accumulated_operating_revenue": 77377, 
        "long_term_average": 8886, 
        "date": "2015-07-31", 
        "operating_revenue": 27217, 
        "short_term_average": 17582
    }, 
    {
        "accumulated_operating_revenue_yoy": 154.52674485983175, 
        "accumulated_operating_revenue": 127383, 
        "long_term_average": 12762, 
        "date": "2015-08-31", 
        "operating_revenue": 50006, 
        "short_term_average": 30720
    }
]