[
    {
        "date": "2011-09-30", 
        "operating_revenue": 178814, 
        "accumulated_operating_revenue": 178814, 
        "long_term_average": 178814, 
        "short_term_average": 178814
    }, 
    {
        "date": "2011-10-31", 
        "operating_revenue": 203584, 
        "accumulated_operating_revenue": 382398, 
        "long_term_average": 191199, 
        "short_term_average": 191199
    }, 
    {
        "date": "2011-11-30", 
        "operating_revenue": 210230, 
        "accumulated_operating_revenue": 592628, 
        "long_term_average": 197542, 
        "short_term_average": 197542
    }, 
    {
        "date": "2011-12-31", 
        "operating_revenue": 245217, 
        "accumulated_operating_revenue": 837845, 
        "long_term_average": 209461, 
        "short_term_average": 219677
    }, 
    {
        "date": "2012-01-31", 
        "operating_revenue": 236655, 
        "accumulated_operating_revenue": 236655, 
        "long_term_average": 214900, 
        "short_term_average": 230700
    }, 
    {
        "date": "2012-02-29", 
        "operating_revenue": 175220, 
        "accumulated_operating_revenue": 411875, 
        "long_term_average": 208286, 
        "short_term_average": 219030
    }, 
    {
        "date": "2012-03-31", 
        "operating_revenue": 169016, 
        "accumulated_operating_revenue": 580891, 
        "long_term_average": 202676, 
        "short_term_average": 193630
    }, 
    {
        "date": "2012-04-30", 
        "operating_revenue": 143886, 
        "accumulated_operating_revenue": 724777, 
        "long_term_average": 195327, 
        "short_term_average": 162707
    }, 
    {
        "date": "2012-05-31", 
        "operating_revenue": 262257, 
        "accumulated_operating_revenue": 987034, 
        "long_term_average": 202764, 
        "short_term_average": 191719
    }, 
    {
        "date": "2012-06-30", 
        "operating_revenue": 259403, 
        "accumulated_operating_revenue": 1246437, 
        "long_term_average": 208428, 
        "short_term_average": 221848
    }, 
    {
        "date": "2012-07-31", 
        "operating_revenue": 352549, 
        "accumulated_operating_revenue": 1598986, 
        "long_term_average": 221530, 
        "short_term_average": 291403
    }, 
    {
        "date": "2012-08-31", 
        "operating_revenue": 235602, 
        "accumulated_operating_revenue": 1834588, 
        "long_term_average": 222702, 
        "short_term_average": 282518
    }, 
    {
        "accumulated_operating_revenue_yoy": 1053.8101043542451, 
        "accumulated_operating_revenue": 2063174, 
        "long_term_average": 226850, 
        "date": "2012-09-30", 
        "operating_revenue": 228586, 
        "short_term_average": 272245
    }, 
    {
        "accumulated_operating_revenue_yoy": 491.37417036699986, 
        "accumulated_operating_revenue": 2261403, 
        "long_term_average": 226404, 
        "date": "2012-10-31", 
        "operating_revenue": 198229, 
        "short_term_average": 220805
    }, 
    {
        "accumulated_operating_revenue_yoy": 317.8810316083614, 
        "accumulated_operating_revenue": 2476480, 
        "long_term_average": 226808, 
        "date": "2012-11-30", 
        "operating_revenue": 215077, 
        "short_term_average": 213964
    }, 
    {
        "accumulated_operating_revenue_yoy": 230.95572570105446, 
        "accumulated_operating_revenue": 2772896, 
        "long_term_average": 231074, 
        "date": "2012-12-31", 
        "operating_revenue": 296416, 
        "short_term_average": 236574
    }, 
    {
        "accumulated_operating_revenue_yoy": -4.299930278253154, 
        "accumulated_operating_revenue": 226479, 
        "long_term_average": 230226, 
        "date": "2013-01-31", 
        "operating_revenue": 226479, 
        "short_term_average": 245990
    }, 
    {
        "accumulated_operating_revenue_yoy": -5.201335356600911, 
        "accumulated_operating_revenue": 390452, 
        "long_term_average": 229289, 
        "date": "2013-02-28", 
        "operating_revenue": 163973, 
        "short_term_average": 228956
    }, 
    {
        "accumulated_operating_revenue_yoy": 7.8560349532012035, 
        "accumulated_operating_revenue": 626526, 
        "long_term_average": 234877, 
        "date": "2013-03-31", 
        "operating_revenue": 236074, 
        "short_term_average": 208842
    }, 
    {
        "accumulated_operating_revenue_yoy": 17.550363767062144, 
        "accumulated_operating_revenue": 851978, 
        "long_term_average": 241674, 
        "date": "2013-04-30", 
        "operating_revenue": 225452, 
        "short_term_average": 208499
    }, 
    {
        "accumulated_operating_revenue_yoy": 17.087455953898246, 
        "accumulated_operating_revenue": 1155693, 
        "long_term_average": 245129, 
        "date": "2013-05-31", 
        "operating_revenue": 303715, 
        "short_term_average": 255080
    }, 
    {
        "accumulated_operating_revenue_yoy": 13.552309503007374, 
        "accumulated_operating_revenue": 1415358, 
        "long_term_average": 245151, 
        "date": "2013-06-30", 
        "operating_revenue": 259665, 
        "short_term_average": 262944
    }, 
    {
        "accumulated_operating_revenue_yoy": 2.9825151689883462, 
        "accumulated_operating_revenue": 1646676, 
        "long_term_average": 235048, 
        "date": "2013-07-31", 
        "operating_revenue": 231318, 
        "short_term_average": 264899
    }, 
    {
        "accumulated_operating_revenue_yoy": 1.891705385623366, 
        "accumulated_operating_revenue": 1869293, 
        "long_term_average": 233966, 
        "date": "2013-08-31", 
        "operating_revenue": 222617, 
        "short_term_average": 237866
    }, 
    {
        "accumulated_operating_revenue_yoy": 2.8731459392179235, 
        "accumulated_operating_revenue": 2122452, 
        "long_term_average": 236014, 
        "date": "2013-09-30", 
        "operating_revenue": 253159, 
        "short_term_average": 235698
    }, 
    {
        "accumulated_operating_revenue_yoy": 2.7575801394090305, 
        "accumulated_operating_revenue": 2323763, 
        "long_term_average": 236271, 
        "date": "2013-10-31", 
        "operating_revenue": 201311, 
        "short_term_average": 225695
    }, 
    {
        "accumulated_operating_revenue_yoy": 5.494209523194211, 
        "accumulated_operating_revenue": 2612543, 
        "long_term_average": 242413, 
        "date": "2013-11-30", 
        "operating_revenue": 288780, 
        "short_term_average": 247750
    }, 
    {
        "accumulated_operating_revenue_yoy": 6.09352099754192, 
        "accumulated_operating_revenue": 2941863, 
        "long_term_average": 245155, 
        "date": "2013-12-31", 
        "operating_revenue": 329320, 
        "short_term_average": 273137
    }, 
    {
        "accumulated_operating_revenue_yoy": -3.5102592293325205, 
        "accumulated_operating_revenue": 218529, 
        "long_term_average": 244492, 
        "date": "2014-01-31", 
        "operating_revenue": 218529, 
        "short_term_average": 278876
    }, 
    {
        "accumulated_operating_revenue_yoy": 22.930091278825564, 
        "accumulated_operating_revenue": 479983, 
        "long_term_average": 252616, 
        "date": "2014-02-28", 
        "operating_revenue": 261454, 
        "short_term_average": 269767
    }, 
    {
        "accumulated_operating_revenue_yoy": 1.6676083674101314, 
        "accumulated_operating_revenue": 636974, 
        "long_term_average": 246025, 
        "date": "2014-03-31", 
        "operating_revenue": 156991, 
        "short_term_average": 212324
    }, 
    {
        "accumulated_operating_revenue_yoy": -1.9810370690322991, 
        "accumulated_operating_revenue": 835100, 
        "long_term_average": 243748, 
        "date": "2014-04-30", 
        "operating_revenue": 198126, 
        "short_term_average": 205523
    }, 
    {
        "accumulated_operating_revenue_yoy": -10.468956721205371, 
        "accumulated_operating_revenue": 1034704, 
        "long_term_average": 235072, 
        "date": "2014-05-31", 
        "operating_revenue": 199604, 
        "short_term_average": 184907
    }, 
    {
        "accumulated_operating_revenue_yoy": -11.547608449593671, 
        "accumulated_operating_revenue": 1251918, 
        "long_term_average": 231535, 
        "date": "2014-06-30", 
        "operating_revenue": 217214, 
        "short_term_average": 204981
    }, 
    {
        "accumulated_operating_revenue_yoy": -6.635306520529843, 
        "accumulated_operating_revenue": 1537414, 
        "long_term_average": 236050, 
        "date": "2014-07-31", 
        "operating_revenue": 285496, 
        "short_term_average": 234104
    }, 
    {
        "accumulated_operating_revenue_yoy": -4.826049206839164, 
        "accumulated_operating_revenue": 1779080, 
        "long_term_average": 237637, 
        "date": "2014-08-31", 
        "operating_revenue": 241666, 
        "short_term_average": 248125
    }, 
    {
        "accumulated_operating_revenue_yoy": -10.904463328263725, 
        "accumulated_operating_revenue": 1891010, 
        "long_term_average": 225868, 
        "date": "2014-09-30", 
        "operating_revenue": 111930, 
        "short_term_average": 213030
    }, 
    {
        "accumulated_operating_revenue_yoy": -7.148964847103599, 
        "accumulated_operating_revenue": 2157638, 
        "long_term_average": 231311, 
        "date": "2014-10-31", 
        "operating_revenue": 266628, 
        "short_term_average": 206741
    }, 
    {
        "accumulated_operating_revenue_yoy": -10.298892688082072, 
        "accumulated_operating_revenue": 2343480, 
        "long_term_average": 222733, 
        "date": "2014-11-30", 
        "operating_revenue": 185842, 
        "short_term_average": 188133
    }, 
    {
        "accumulated_operating_revenue_yoy": -12.496876978975568, 
        "accumulated_operating_revenue": 2574222, 
        "long_term_average": 214518, 
        "date": "2014-12-31", 
        "operating_revenue": 230742, 
        "short_term_average": 227737
    }, 
    {
        "accumulated_operating_revenue_yoy": 8.94389303021567, 
        "accumulated_operating_revenue": 238074, 
        "long_term_average": 216147, 
        "date": "2015-01-31", 
        "operating_revenue": 238074, 
        "short_term_average": 218219
    }, 
    {
        "accumulated_operating_revenue_yoy": -18.810666211094976, 
        "accumulated_operating_revenue": 389695, 
        "long_term_average": 206994, 
        "date": "2015-02-28", 
        "operating_revenue": 151621, 
        "short_term_average": 206812
    }, 
    {
        "accumulated_operating_revenue_yoy": -5.351866795191013, 
        "accumulated_operating_revenue": 602884, 
        "long_term_average": 211677, 
        "date": "2015-03-31", 
        "operating_revenue": 213189, 
        "short_term_average": 200961
    }, 
    {
        "accumulated_operating_revenue_yoy": -5.498024188719914, 
        "accumulated_operating_revenue": 789186, 
        "long_term_average": 210692, 
        "date": "2015-04-30", 
        "operating_revenue": 186302, 
        "short_term_average": 183704
    }, 
    {
        "accumulated_operating_revenue_yoy": -4.54487466947069, 
        "accumulated_operating_revenue": 987678, 
        "long_term_average": 210599, 
        "date": "2015-05-31", 
        "operating_revenue": 198492, 
        "short_term_average": 199327
    }, 
    {
        "accumulated_operating_revenue_yoy": -3.167300094734639, 
        "accumulated_operating_revenue": 1212266, 
        "long_term_average": 211214, 
        "date": "2015-06-30", 
        "operating_revenue": 224588, 
        "short_term_average": 203127
    }, 
    {
        "accumulated_operating_revenue_yoy": -6.049899376485449, 
        "accumulated_operating_revenue": 1444402, 
        "long_term_average": 206767, 
        "date": "2015-07-31", 
        "operating_revenue": 232136, 
        "short_term_average": 218405
    }, 
    {
        "accumulated_operating_revenue_yoy": -7.882894529756953, 
        "accumulated_operating_revenue": 1638837, 
        "long_term_average": 202831, 
        "date": "2015-08-31", 
        "operating_revenue": 194435, 
        "short_term_average": 217053
    }
]