[
    {
        "date": "2011-09-30", 
        "operating_revenue": 45486, 
        "accumulated_operating_revenue": 45486, 
        "long_term_average": 45486, 
        "short_term_average": 45486
    }, 
    {
        "date": "2011-10-31", 
        "operating_revenue": 6374, 
        "accumulated_operating_revenue": 51860, 
        "long_term_average": 25930, 
        "short_term_average": 25930
    }, 
    {
        "date": "2011-11-30", 
        "operating_revenue": 4316, 
        "accumulated_operating_revenue": 56176, 
        "long_term_average": 18725, 
        "short_term_average": 18725
    }, 
    {
        "date": "2011-12-31", 
        "operating_revenue": 1904, 
        "accumulated_operating_revenue": 58080, 
        "long_term_average": 14520, 
        "short_term_average": 4198
    }, 
    {
        "date": "2012-01-31", 
        "operating_revenue": 2739, 
        "accumulated_operating_revenue": 2739, 
        "long_term_average": 12163, 
        "short_term_average": 2986
    }, 
    {
        "date": "2012-02-29", 
        "operating_revenue": 2378, 
        "accumulated_operating_revenue": 5117, 
        "long_term_average": 10532, 
        "short_term_average": 2340
    }, 
    {
        "date": "2012-03-31", 
        "operating_revenue": 1449, 
        "accumulated_operating_revenue": 6566, 
        "long_term_average": 9235, 
        "short_term_average": 2188
    }, 
    {
        "date": "2012-04-30", 
        "operating_revenue": 1415, 
        "accumulated_operating_revenue": 7981, 
        "long_term_average": 8257, 
        "short_term_average": 1747
    }, 
    {
        "date": "2012-05-31", 
        "operating_revenue": 19911, 
        "accumulated_operating_revenue": 27892, 
        "long_term_average": 9552, 
        "short_term_average": 7591
    }, 
    {
        "date": "2012-06-30", 
        "operating_revenue": 12533, 
        "accumulated_operating_revenue": 40425, 
        "long_term_average": 9850, 
        "short_term_average": 11286
    }, 
    {
        "date": "2012-07-31", 
        "operating_revenue": 1547, 
        "accumulated_operating_revenue": 41972, 
        "long_term_average": 9095, 
        "short_term_average": 11330
    }, 
    {
        "date": "2012-08-31", 
        "operating_revenue": 4559, 
        "accumulated_operating_revenue": 46531, 
        "long_term_average": 8717, 
        "short_term_average": 6213
    }, 
    {
        "accumulated_operating_revenue_yoy": 12.836916853537353, 
        "accumulated_operating_revenue": 51325, 
        "long_term_average": 5326, 
        "date": "2012-09-30", 
        "operating_revenue": 4794, 
        "short_term_average": 3633
    }, 
    {
        "accumulated_operating_revenue_yoy": 7.52795989201697, 
        "accumulated_operating_revenue": 55764, 
        "long_term_average": 5165, 
        "date": "2012-10-31", 
        "operating_revenue": 4439, 
        "short_term_average": 4597
    }, 
    {
        "accumulated_operating_revenue_yoy": 2.9478780974081458, 
        "accumulated_operating_revenue": 57832, 
        "long_term_average": 4978, 
        "date": "2012-11-30", 
        "operating_revenue": 2068, 
        "short_term_average": 3767
    }, 
    {
        "accumulated_operating_revenue_yoy": 4.402548209366391, 
        "accumulated_operating_revenue": 60637, 
        "long_term_average": 5053, 
        "date": "2012-12-31", 
        "operating_revenue": 2805, 
        "short_term_average": 3104
    }, 
    {
        "accumulated_operating_revenue_yoy": 8.72581234027017, 
        "accumulated_operating_revenue": 2978, 
        "long_term_average": 5073, 
        "date": "2013-01-31", 
        "operating_revenue": 2978, 
        "short_term_average": 2617
    }, 
    {
        "accumulated_operating_revenue_yoy": -6.312292358803987, 
        "accumulated_operating_revenue": 4794, 
        "long_term_average": 5026, 
        "date": "2013-02-28", 
        "operating_revenue": 1816, 
        "short_term_average": 2533
    }, 
    {
        "accumulated_operating_revenue_yoy": 15.900091379835516, 
        "accumulated_operating_revenue": 7610, 
        "long_term_average": 5140, 
        "date": "2013-03-31", 
        "operating_revenue": 2816, 
        "short_term_average": 2536
    }, 
    {
        "accumulated_operating_revenue_yoy": 18.35609572735246, 
        "accumulated_operating_revenue": 9446, 
        "long_term_average": 5175, 
        "date": "2013-04-30", 
        "operating_revenue": 1836, 
        "short_term_average": 2156
    }, 
    {
        "accumulated_operating_revenue_yoy": -57.91624838663416, 
        "accumulated_operating_revenue": 11738, 
        "long_term_average": 3706, 
        "date": "2013-05-31", 
        "operating_revenue": 2292, 
        "short_term_average": 2314
    }, 
    {
        "accumulated_operating_revenue_yoy": -65.64749536178107, 
        "accumulated_operating_revenue": 13887, 
        "long_term_average": 2841, 
        "date": "2013-06-30", 
        "operating_revenue": 2149, 
        "short_term_average": 2092
    }, 
    {
        "accumulated_operating_revenue_yoy": -60.476031640141045, 
        "accumulated_operating_revenue": 16589, 
        "long_term_average": 2937, 
        "date": "2013-07-31", 
        "operating_revenue": 2702, 
        "short_term_average": 2381
    }, 
    {
        "accumulated_operating_revenue_yoy": -58.803808213878916, 
        "accumulated_operating_revenue": 19169, 
        "long_term_average": 2772, 
        "date": "2013-08-31", 
        "operating_revenue": 2580, 
        "short_term_average": 2477
    }, 
    {
        "accumulated_operating_revenue_yoy": -58.199707744763764, 
        "accumulated_operating_revenue": 21454, 
        "long_term_average": 2563, 
        "date": "2013-09-30", 
        "operating_revenue": 2285, 
        "short_term_average": 2522
    }, 
    {
        "accumulated_operating_revenue_yoy": -57.27350979126318, 
        "accumulated_operating_revenue": 23826, 
        "long_term_average": 2391, 
        "date": "2013-10-31", 
        "operating_revenue": 2372, 
        "short_term_average": 2412
    }, 
    {
        "accumulated_operating_revenue_yoy": -55.194356065845895, 
        "accumulated_operating_revenue": 25912, 
        "long_term_average": 2393, 
        "date": "2013-11-30", 
        "operating_revenue": 2086, 
        "short_term_average": 2247
    }, 
    {
        "accumulated_operating_revenue_yoy": -33.33938024638422, 
        "accumulated_operating_revenue": 40421, 
        "long_term_average": 3368, 
        "date": "2013-12-31", 
        "operating_revenue": 14509, 
        "short_term_average": 6322
    }, 
    {
        "accumulated_operating_revenue_yoy": -21.255876427132304, 
        "accumulated_operating_revenue": 2345, 
        "long_term_average": 3315, 
        "date": "2014-01-31", 
        "operating_revenue": 2345, 
        "short_term_average": 6313
    }, 
    {
        "accumulated_operating_revenue_yoy": -11.910721735502712, 
        "accumulated_operating_revenue": 4223, 
        "long_term_average": 3320, 
        "date": "2014-02-28", 
        "operating_revenue": 1878, 
        "short_term_average": 6244
    }, 
    {
        "accumulated_operating_revenue_yoy": -36.333771353482256, 
        "accumulated_operating_revenue": 4845, 
        "long_term_average": 3138, 
        "date": "2014-03-31", 
        "operating_revenue": 622, 
        "short_term_average": 1615
    }, 
    {
        "accumulated_operating_revenue_yoy": -42.61062883760322, 
        "accumulated_operating_revenue": 5421, 
        "long_term_average": 3033, 
        "date": "2014-04-30", 
        "operating_revenue": 576, 
        "short_term_average": 1025
    }, 
    {
        "accumulated_operating_revenue_yoy": 10.223206679161697, 
        "accumulated_operating_revenue": 12938, 
        "long_term_average": 3468, 
        "date": "2014-05-31", 
        "operating_revenue": 7517, 
        "short_term_average": 2905
    }, 
    {
        "accumulated_operating_revenue_yoy": 22.524663354216173, 
        "accumulated_operating_revenue": 17015, 
        "long_term_average": 3629, 
        "date": "2014-06-30", 
        "operating_revenue": 4077, 
        "short_term_average": 4056
    }, 
    {
        "accumulated_operating_revenue_yoy": 3.653023087588161, 
        "accumulated_operating_revenue": 17195, 
        "long_term_average": 3418, 
        "date": "2014-07-31", 
        "operating_revenue": 180, 
        "short_term_average": 3924
    }, 
    {
        "accumulated_operating_revenue_yoy": -9.838802232771663, 
        "accumulated_operating_revenue": 17283, 
        "long_term_average": 3211, 
        "date": "2014-08-31", 
        "operating_revenue": 88, 
        "short_term_average": 1448
    }, 
    {
        "accumulated_operating_revenue_yoy": -19.031416052950497, 
        "accumulated_operating_revenue": 17371, 
        "long_term_average": 3028, 
        "date": "2014-09-30", 
        "operating_revenue": 88, 
        "short_term_average": 118
    }, 
    {
        "accumulated_operating_revenue_yoy": -26.722907747838498, 
        "accumulated_operating_revenue": 17459, 
        "long_term_average": 2837, 
        "date": "2014-10-31", 
        "operating_revenue": 88, 
        "short_term_average": 88
    }, 
    {
        "accumulated_operating_revenue_yoy": -32.28234022846558, 
        "accumulated_operating_revenue": 17547, 
        "long_term_average": 2671, 
        "date": "2014-11-30", 
        "operating_revenue": 88, 
        "short_term_average": 88
    }, 
    {
        "accumulated_operating_revenue_yoy": -52.14616164864798, 
        "accumulated_operating_revenue": 19343, 
        "long_term_average": 1611, 
        "date": "2014-12-31", 
        "operating_revenue": 1796, 
        "short_term_average": 657
    }, 
    {
        "accumulated_operating_revenue_yoy": -96.24733475479744, 
        "accumulated_operating_revenue": 88, 
        "long_term_average": 1423, 
        "date": "2015-01-31", 
        "operating_revenue": 88, 
        "short_term_average": 657
    }, 
    {
        "accumulated_operating_revenue_yoy": -95.83234667298129, 
        "accumulated_operating_revenue": 176, 
        "long_term_average": 1274, 
        "date": "2015-02-28", 
        "operating_revenue": 88, 
        "short_term_average": 657
    }, 
    {
        "accumulated_operating_revenue_yoy": -74.32404540763675, 
        "accumulated_operating_revenue": 1244, 
        "long_term_average": 1311, 
        "date": "2015-03-31", 
        "operating_revenue": 1068, 
        "short_term_average": 414
    }, 
    {
        "accumulated_operating_revenue_yoy": -75.31820697288323, 
        "accumulated_operating_revenue": 1338, 
        "long_term_average": 1271, 
        "date": "2015-04-30", 
        "operating_revenue": 94, 
        "short_term_average": 416
    }, 
    {
        "accumulated_operating_revenue_yoy": -88.97820374091823, 
        "accumulated_operating_revenue": 1426, 
        "long_term_average": 652, 
        "date": "2015-05-31", 
        "operating_revenue": 88, 
        "short_term_average": 416
    }, 
    {
        "accumulated_operating_revenue_yoy": -65.81251836614751, 
        "accumulated_operating_revenue": 5817, 
        "long_term_average": 678, 
        "date": "2015-06-30", 
        "operating_revenue": 4391, 
        "short_term_average": 1524
    }, 
    {
        "accumulated_operating_revenue_yoy": -21.27362605408549, 
        "accumulated_operating_revenue": 13537, 
        "long_term_average": 1307, 
        "date": "2015-07-31", 
        "operating_revenue": 7720, 
        "short_term_average": 4066
    }, 
    {
        "accumulated_operating_revenue_yoy": 45.808019441069256, 
        "accumulated_operating_revenue": 25200, 
        "long_term_average": 2271, 
        "date": "2015-08-31", 
        "operating_revenue": 11663, 
        "short_term_average": 7924
    }
]