[
    {
        "date": "2012-01-31", 
        "operating_revenue": 33445, 
        "accumulated_operating_revenue": 33445, 
        "long_term_average": 33445, 
        "short_term_average": 33445
    }, 
    {
        "date": "2012-02-29", 
        "operating_revenue": 39253, 
        "accumulated_operating_revenue": 72698, 
        "long_term_average": 36349, 
        "short_term_average": 36349
    }, 
    {
        "date": "2012-03-31", 
        "operating_revenue": 197663, 
        "accumulated_operating_revenue": 270361, 
        "long_term_average": 90120, 
        "short_term_average": 90120
    }, 
    {
        "date": "2012-04-30", 
        "operating_revenue": 155279, 
        "accumulated_operating_revenue": 425640, 
        "long_term_average": 106410, 
        "short_term_average": 130731
    }, 
    {
        "date": "2012-05-31", 
        "operating_revenue": 1124640, 
        "accumulated_operating_revenue": 1550280, 
        "long_term_average": 310056, 
        "short_term_average": 492527
    }, 
    {
        "date": "2012-06-30", 
        "operating_revenue": 1242202, 
        "accumulated_operating_revenue": 2792482, 
        "long_term_average": 465413, 
        "short_term_average": 840707
    }, 
    {
        "date": "2012-07-31", 
        "operating_revenue": 212643, 
        "accumulated_operating_revenue": 3005125, 
        "long_term_average": 429303, 
        "short_term_average": 859828
    }, 
    {
        "date": "2012-08-31", 
        "operating_revenue": 269428, 
        "accumulated_operating_revenue": 3274553, 
        "long_term_average": 409319, 
        "short_term_average": 574757
    }, 
    {
        "date": "2012-09-30", 
        "operating_revenue": 227623, 
        "accumulated_operating_revenue": 3502176, 
        "long_term_average": 389130, 
        "short_term_average": 236564
    }, 
    {
        "date": "2012-10-31", 
        "operating_revenue": 145027, 
        "accumulated_operating_revenue": 3647203, 
        "long_term_average": 364720, 
        "short_term_average": 214026
    }, 
    {
        "date": "2012-11-30", 
        "operating_revenue": 91200, 
        "accumulated_operating_revenue": 3738403, 
        "long_term_average": 339854, 
        "short_term_average": 154616
    }, 
    {
        "date": "2012-12-31", 
        "operating_revenue": 160048, 
        "accumulated_operating_revenue": 3898451, 
        "long_term_average": 324870, 
        "short_term_average": 132091
    }, 
    {
        "accumulated_operating_revenue_yoy": -73.79279413963224, 
        "accumulated_operating_revenue": 8765, 
        "long_term_average": 322814, 
        "date": "2013-01-31", 
        "operating_revenue": 8765, 
        "short_term_average": 86671
    }, 
    {
        "accumulated_operating_revenue_yoy": -78.98016451621778, 
        "accumulated_operating_revenue": 15281, 
        "long_term_average": 320086, 
        "date": "2013-02-28", 
        "operating_revenue": 6516, 
        "short_term_average": 58443
    }, 
    {
        "accumulated_operating_revenue_yoy": -63.96040849086961, 
        "accumulated_operating_revenue": 97437, 
        "long_term_average": 310460, 
        "date": "2013-03-31", 
        "operating_revenue": 82156, 
        "short_term_average": 32479
    }, 
    {
        "accumulated_operating_revenue_yoy": -59.938915515459065, 
        "accumulated_operating_revenue": 170516, 
        "long_term_average": 303610, 
        "date": "2013-04-30", 
        "operating_revenue": 73079, 
        "short_term_average": 53917
    }, 
    {
        "accumulated_operating_revenue_yoy": -86.33072735247826, 
        "accumulated_operating_revenue": 211912, 
        "long_term_average": 213340, 
        "date": "2013-05-31", 
        "operating_revenue": 41396, 
        "short_term_average": 65543
    }, 
    {
        "accumulated_operating_revenue_yoy": -88.4378484803125, 
        "accumulated_operating_revenue": 322871, 
        "long_term_average": 119070, 
        "date": "2013-06-30", 
        "operating_revenue": 110959, 
        "short_term_average": 75144
    }, 
    {
        "accumulated_operating_revenue_yoy": -88.98611538621522, 
        "accumulated_operating_revenue": 330981, 
        "long_term_average": 102025, 
        "date": "2013-07-31", 
        "operating_revenue": 8110, 
        "short_term_average": 53488
    }, 
    {
        "accumulated_operating_revenue_yoy": -89.64377733388343, 
        "accumulated_operating_revenue": 339120, 
        "long_term_average": 80251, 
        "date": "2013-08-31", 
        "operating_revenue": 8139, 
        "short_term_average": 42402
    }, 
    {
        "accumulated_operating_revenue_yoy": -89.23466439150974, 
        "accumulated_operating_revenue": 377021, 
        "long_term_average": 64441, 
        "date": "2013-09-30", 
        "operating_revenue": 37901, 
        "short_term_average": 18050
    }, 
    {
        "accumulated_operating_revenue_yoy": -89.43957876762, 
        "accumulated_operating_revenue": 385160, 
        "long_term_average": 53034, 
        "date": "2013-10-31", 
        "operating_revenue": 8139, 
        "short_term_average": 18059
    }, 
    {
        "accumulated_operating_revenue_yoy": -88.45309079839707, 
        "accumulated_operating_revenue": 431670, 
        "long_term_average": 49309, 
        "date": "2013-11-30", 
        "operating_revenue": 46510, 
        "short_term_average": 30850
    }, 
    {
        "accumulated_operating_revenue_yoy": -87.03354229667116, 
        "accumulated_operating_revenue": 505491, 
        "long_term_average": 42124, 
        "date": "2013-12-31", 
        "operating_revenue": 73821, 
        "short_term_average": 42823
    }, 
    {
        "accumulated_operating_revenue_yoy": 384.6776953793497, 
        "accumulated_operating_revenue": 42482, 
        "long_term_average": 44934, 
        "date": "2014-01-31", 
        "operating_revenue": 42482, 
        "short_term_average": 54271
    }, 
    {
        "accumulated_operating_revenue_yoy": 231.33302794319746, 
        "accumulated_operating_revenue": 50631, 
        "long_term_average": 45070, 
        "date": "2014-02-28", 
        "operating_revenue": 8149, 
        "short_term_average": 41484
    }, 
    {
        "accumulated_operating_revenue_yoy": -10.873692745055779, 
        "accumulated_operating_revenue": 86842, 
        "long_term_average": 41241, 
        "date": "2014-03-31", 
        "operating_revenue": 36211, 
        "short_term_average": 28947
    }, 
    {
        "accumulated_operating_revenue_yoy": 326.58518848671093, 
        "accumulated_operating_revenue": 727396, 
        "long_term_average": 88530, 
        "date": "2014-04-30", 
        "operating_revenue": 640554, 
        "short_term_average": 228304
    }, 
    {
        "accumulated_operating_revenue_yoy": 579.2475178375929, 
        "accumulated_operating_revenue": 1439407, 
        "long_term_average": 144415, 
        "date": "2014-05-31", 
        "operating_revenue": 712011, 
        "short_term_average": 462925
    }, 
    {
        "accumulated_operating_revenue_yoy": 547.2117347175807, 
        "accumulated_operating_revenue": 2089659, 
        "long_term_average": 189356, 
        "date": "2014-06-30", 
        "operating_revenue": 650252, 
        "short_term_average": 667605
    }, 
    {
        "accumulated_operating_revenue_yoy": 672.0811768651373, 
        "accumulated_operating_revenue": 2555442, 
        "long_term_average": 227496, 
        "date": "2014-07-31", 
        "operating_revenue": 465783, 
        "short_term_average": 609348
    }, 
    {
        "accumulated_operating_revenue_yoy": 713.6671384760557, 
        "accumulated_operating_revenue": 2759308, 
        "long_term_average": 243806, 
        "date": "2014-08-31", 
        "operating_revenue": 203866, 
        "short_term_average": 439967
    }, 
    {
        "accumulated_operating_revenue_yoy": 689.6881075589954, 
        "accumulated_operating_revenue": 2977290, 
        "long_term_average": 258813, 
        "date": "2014-09-30", 
        "operating_revenue": 217982, 
        "short_term_average": 295877
    }, 
    {
        "accumulated_operating_revenue_yoy": 686.5159933534117, 
        "accumulated_operating_revenue": 3029345, 
        "long_term_average": 262473, 
        "date": "2014-10-31", 
        "operating_revenue": 52055, 
        "short_term_average": 157967
    }, 
    {
        "accumulated_operating_revenue_yoy": 620.143628234531, 
        "accumulated_operating_revenue": 3108644, 
        "long_term_average": 265205, 
        "date": "2014-11-30", 
        "operating_revenue": 79299, 
        "short_term_average": 116445
    }, 
    {
        "accumulated_operating_revenue_yoy": 517.7010075352479, 
        "accumulated_operating_revenue": 3122423, 
        "long_term_average": 260201, 
        "date": "2014-12-31", 
        "operating_revenue": 13779, 
        "short_term_average": 48377
    }, 
    {
        "accumulated_operating_revenue_yoy": 545.6310908149334, 
        "accumulated_operating_revenue": 274277, 
        "long_term_average": 279518, 
        "date": "2015-01-31", 
        "operating_revenue": 274277, 
        "short_term_average": 122451
    }, 
    {
        "accumulated_operating_revenue_yoy": 460.78291955521325, 
        "accumulated_operating_revenue": 283930, 
        "long_term_average": 279643, 
        "date": "2015-02-28", 
        "operating_revenue": 9653, 
        "short_term_average": 99236
    }, 
    {
        "accumulated_operating_revenue_yoy": 428.33191312959167, 
        "accumulated_operating_revenue": 458814, 
        "long_term_average": 291199, 
        "date": "2015-03-31", 
        "operating_revenue": 174884, 
        "short_term_average": 152938
    }, 
    {
        "accumulated_operating_revenue_yoy": -35.570858239528405, 
        "accumulated_operating_revenue": 468655, 
        "long_term_average": 238640, 
        "date": "2015-04-30", 
        "operating_revenue": 9841, 
        "short_term_average": 64792
    }, 
    {
        "accumulated_operating_revenue_yoy": -66.75464271050508, 
        "accumulated_operating_revenue": 478536, 
        "long_term_average": 180129, 
        "date": "2015-05-31", 
        "operating_revenue": 9881, 
        "short_term_average": 64868
    }, 
    {
        "accumulated_operating_revenue_yoy": -18.820247705486874, 
        "accumulated_operating_revenue": 1696380, 
        "long_term_average": 227428, 
        "date": "2015-06-30", 
        "operating_revenue": 1217844, 
        "short_term_average": 412522
    }, 
    {
        "accumulated_operating_revenue_yoy": -33.29110971800573, 
        "accumulated_operating_revenue": 1704707, 
        "long_term_average": 189307, 
        "date": "2015-07-31", 
        "operating_revenue": 8327, 
        "short_term_average": 412017
    }, 
    {
        "accumulated_operating_revenue_yoy": -37.920594583859426, 
        "accumulated_operating_revenue": 1712962, 
        "long_term_average": 173006, 
        "date": "2015-08-31", 
        "operating_revenue": 8255, 
        "short_term_average": 411475
    }
]