[
    {
        "date": "2012-01-31", 
        "operating_revenue": 130670, 
        "accumulated_operating_revenue": 130670, 
        "long_term_average": 130670, 
        "short_term_average": 130670
    }, 
    {
        "date": "2012-02-29", 
        "operating_revenue": 196134, 
        "accumulated_operating_revenue": 326804, 
        "long_term_average": 163402, 
        "short_term_average": 163402
    }, 
    {
        "date": "2012-03-31", 
        "operating_revenue": 215977, 
        "accumulated_operating_revenue": 542781, 
        "long_term_average": 180927, 
        "short_term_average": 180927
    }, 
    {
        "date": "2012-04-30", 
        "operating_revenue": 212116, 
        "accumulated_operating_revenue": 754897, 
        "long_term_average": 188724, 
        "short_term_average": 208075
    }, 
    {
        "date": "2012-05-31", 
        "operating_revenue": 222063, 
        "accumulated_operating_revenue": 976960, 
        "long_term_average": 195392, 
        "short_term_average": 216718
    }, 
    {
        "date": "2012-06-30", 
        "operating_revenue": 216024, 
        "accumulated_operating_revenue": 1192984, 
        "long_term_average": 198830, 
        "short_term_average": 216734
    }, 
    {
        "date": "2012-07-31", 
        "operating_revenue": 282706, 
        "accumulated_operating_revenue": 1475690, 
        "long_term_average": 210812, 
        "short_term_average": 240264
    }, 
    {
        "date": "2012-08-31", 
        "operating_revenue": 208573, 
        "accumulated_operating_revenue": 1684263, 
        "long_term_average": 210532, 
        "short_term_average": 235767
    }, 
    {
        "date": "2012-09-30", 
        "operating_revenue": 244598, 
        "accumulated_operating_revenue": 1928861, 
        "long_term_average": 214317, 
        "short_term_average": 245292
    }, 
    {
        "date": "2012-10-31", 
        "operating_revenue": 190502, 
        "accumulated_operating_revenue": 2119363, 
        "long_term_average": 211936, 
        "short_term_average": 214557
    }, 
    {
        "date": "2012-11-30", 
        "operating_revenue": 180632, 
        "accumulated_operating_revenue": 2299995, 
        "long_term_average": 209090, 
        "short_term_average": 205244
    }, 
    {
        "date": "2012-12-31", 
        "operating_revenue": 145590, 
        "accumulated_operating_revenue": 2445585, 
        "long_term_average": 203798, 
        "short_term_average": 172241
    }, 
    {
        "accumulated_operating_revenue_yoy": 37.14012397642917, 
        "accumulated_operating_revenue": 179201, 
        "long_term_average": 207843, 
        "date": "2013-01-31", 
        "operating_revenue": 179201, 
        "short_term_average": 168474
    }, 
    {
        "accumulated_operating_revenue_yoy": -8.461034748656687, 
        "accumulated_operating_revenue": 299153, 
        "long_term_average": 201494, 
        "date": "2013-02-28", 
        "operating_revenue": 119952, 
        "short_term_average": 148247
    }, 
    {
        "accumulated_operating_revenue_yoy": 5.3809915969792605, 
        "accumulated_operating_revenue": 571988, 
        "long_term_average": 206232, 
        "date": "2013-03-31", 
        "operating_revenue": 272835, 
        "short_term_average": 190662
    }, 
    {
        "accumulated_operating_revenue_yoy": -0.15710752592737817, 
        "accumulated_operating_revenue": 753711, 
        "long_term_average": 203699, 
        "date": "2013-04-30", 
        "operating_revenue": 181723, 
        "short_term_average": 191503
    }, 
    {
        "accumulated_operating_revenue_yoy": -0.7313503111693417, 
        "accumulated_operating_revenue": 969815, 
        "long_term_average": 203203, 
        "date": "2013-05-31", 
        "operating_revenue": 216104, 
        "short_term_average": 223554
    }, 
    {
        "accumulated_operating_revenue_yoy": -3.056788691214635, 
        "accumulated_operating_revenue": 1156517, 
        "long_term_average": 200759, 
        "date": "2013-06-30", 
        "operating_revenue": 186702, 
        "short_term_average": 194843
    }, 
    {
        "accumulated_operating_revenue_yoy": -8.648835460022092, 
        "accumulated_operating_revenue": 1348060, 
        "long_term_average": 193162, 
        "date": "2013-07-31", 
        "operating_revenue": 191543, 
        "short_term_average": 198116
    }, 
    {
        "accumulated_operating_revenue_yoy": -7.177916988023841, 
        "accumulated_operating_revenue": 1563368, 
        "long_term_average": 193724, 
        "date": "2013-08-31", 
        "operating_revenue": 215308, 
        "short_term_average": 197851
    }, 
    {
        "accumulated_operating_revenue_yoy": -8.06382626845584, 
        "accumulated_operating_revenue": 1773321, 
        "long_term_average": 190837, 
        "date": "2013-09-30", 
        "operating_revenue": 209953, 
        "short_term_average": 205601
    }, 
    {
        "accumulated_operating_revenue_yoy": -5.174526496876656, 
        "accumulated_operating_revenue": 2009696, 
        "long_term_average": 194659, 
        "date": "2013-10-31", 
        "operating_revenue": 236375, 
        "short_term_average": 220545
    }, 
    {
        "accumulated_operating_revenue_yoy": -3.8725736360296437, 
        "accumulated_operating_revenue": 2210926, 
        "long_term_average": 196376, 
        "date": "2013-11-30", 
        "operating_revenue": 201230, 
        "short_term_average": 215852
    }, 
    {
        "accumulated_operating_revenue_yoy": -0.39863672699987934, 
        "accumulated_operating_revenue": 2435836, 
        "long_term_average": 202986, 
        "date": "2013-12-31", 
        "operating_revenue": 224910, 
        "short_term_average": 220838
    }, 
    {
        "accumulated_operating_revenue_yoy": 14.464204998856033, 
        "accumulated_operating_revenue": 205121, 
        "long_term_average": 205146, 
        "date": "2014-01-31", 
        "operating_revenue": 205121, 
        "short_term_average": 210420
    }, 
    {
        "accumulated_operating_revenue_yoy": 24.405571730853442, 
        "accumulated_operating_revenue": 372163, 
        "long_term_average": 209070, 
        "date": "2014-02-28", 
        "operating_revenue": 167042, 
        "short_term_average": 199024
    }, 
    {
        "accumulated_operating_revenue_yoy": 5.140317629041169, 
        "accumulated_operating_revenue": 601390, 
        "long_term_average": 205436, 
        "date": "2014-03-31", 
        "operating_revenue": 229227, 
        "short_term_average": 200463
    }, 
    {
        "accumulated_operating_revenue_yoy": 14.78537529636691, 
        "accumulated_operating_revenue": 865150, 
        "long_term_average": 212272, 
        "date": "2014-04-30", 
        "operating_revenue": 263760, 
        "short_term_average": 220009
    }, 
    {
        "accumulated_operating_revenue_yoy": 11.731000242314256, 
        "accumulated_operating_revenue": 1083584, 
        "long_term_average": 212467, 
        "date": "2014-05-31", 
        "operating_revenue": 218434, 
        "short_term_average": 237140
    }, 
    {
        "accumulated_operating_revenue_yoy": 12.934959019192974, 
        "accumulated_operating_revenue": 1306112, 
        "long_term_average": 215452, 
        "date": "2014-06-30", 
        "operating_revenue": 222528, 
        "short_term_average": 234907
    }, 
    {
        "accumulated_operating_revenue_yoy": 15.000445084046705, 
        "accumulated_operating_revenue": 1550275, 
        "long_term_average": 219837, 
        "date": "2014-07-31", 
        "operating_revenue": 244163, 
        "short_term_average": 228375
    }, 
    {
        "accumulated_operating_revenue_yoy": 13.029241995486668, 
        "accumulated_operating_revenue": 1767063, 
        "long_term_average": 219960, 
        "date": "2014-08-31", 
        "operating_revenue": 216788, 
        "short_term_average": 227826
    }, 
    {
        "accumulated_operating_revenue_yoy": 17.277920917871047, 
        "accumulated_operating_revenue": 2079714, 
        "long_term_average": 228519, 
        "date": "2014-09-30", 
        "operating_revenue": 312651, 
        "short_term_average": 257867
    }, 
    {
        "accumulated_operating_revenue_yoy": 18.463936834227663, 
        "accumulated_operating_revenue": 2380765, 
        "long_term_average": 233908, 
        "date": "2014-10-31", 
        "operating_revenue": 301051, 
        "short_term_average": 276830
    }, 
    {
        "accumulated_operating_revenue_yoy": 22.72007294681052, 
        "accumulated_operating_revenue": 2713250, 
        "long_term_average": 244846, 
        "date": "2014-11-30", 
        "operating_revenue": 332485, 
        "short_term_average": 315395
    }, 
    {
        "accumulated_operating_revenue_yoy": 22.181378385080112, 
        "accumulated_operating_revenue": 2976138, 
        "long_term_average": 248011, 
        "date": "2014-12-31", 
        "operating_revenue": 262888, 
        "short_term_average": 298808
    }, 
    {
        "accumulated_operating_revenue_yoy": 17.50430233861964, 
        "accumulated_operating_revenue": 241026, 
        "long_term_average": 251003, 
        "date": "2015-01-31", 
        "operating_revenue": 241026, 
        "short_term_average": 278799
    }, 
    {
        "accumulated_operating_revenue_yoy": 10.692357918438963, 
        "accumulated_operating_revenue": 411956, 
        "long_term_average": 251327, 
        "date": "2015-02-28", 
        "operating_revenue": 170930, 
        "short_term_average": 224948
    }, 
    {
        "accumulated_operating_revenue_yoy": 11.984735363075542, 
        "accumulated_operating_revenue": 673465, 
        "long_term_average": 254017, 
        "date": "2015-03-31", 
        "operating_revenue": 261509, 
        "short_term_average": 224488
    }, 
    {
        "accumulated_operating_revenue_yoy": 3.967404496330116, 
        "accumulated_operating_revenue": 899474, 
        "long_term_average": 250871, 
        "date": "2015-04-30", 
        "operating_revenue": 226009, 
        "short_term_average": 219482
    }, 
    {
        "accumulated_operating_revenue_yoy": 2.468844132065442, 
        "accumulated_operating_revenue": 1110336, 
        "long_term_average": 250240, 
        "date": "2015-05-31", 
        "operating_revenue": 210862, 
        "short_term_average": 232793
    }, 
    {
        "accumulated_operating_revenue_yoy": 9.542213837710701, 
        "accumulated_operating_revenue": 1430744, 
        "long_term_average": 258397, 
        "date": "2015-06-30", 
        "operating_revenue": 320408, 
        "short_term_average": 252426
    }, 
    {
        "accumulated_operating_revenue_yoy": 12.122558900840174, 
        "accumulated_operating_revenue": 1738208, 
        "long_term_average": 263672, 
        "date": "2015-07-31", 
        "operating_revenue": 307464, 
        "short_term_average": 279578
    }, 
    {
        "accumulated_operating_revenue_yoy": 13.08855428470858, 
        "accumulated_operating_revenue": 1998346, 
        "long_term_average": 267285, 
        "date": "2015-08-31", 
        "operating_revenue": 260138, 
        "short_term_average": 296003
    }
]