[
    {
        "date": "2012-01-31", 
        "operating_revenue": 14546, 
        "accumulated_operating_revenue": 14546, 
        "long_term_average": 14546, 
        "short_term_average": 14546
    }, 
    {
        "date": "2012-02-29", 
        "operating_revenue": 25074, 
        "accumulated_operating_revenue": 39620, 
        "long_term_average": 19810, 
        "short_term_average": 19810
    }, 
    {
        "date": "2012-03-31", 
        "operating_revenue": 25297, 
        "accumulated_operating_revenue": 64917, 
        "long_term_average": 21639, 
        "short_term_average": 21639
    }, 
    {
        "date": "2012-04-30", 
        "operating_revenue": 19833, 
        "accumulated_operating_revenue": 84750, 
        "long_term_average": 21187, 
        "short_term_average": 23401
    }, 
    {
        "date": "2012-05-31", 
        "operating_revenue": 16677, 
        "accumulated_operating_revenue": 101427, 
        "long_term_average": 20285, 
        "short_term_average": 20602
    }, 
    {
        "date": "2012-06-30", 
        "operating_revenue": 63836, 
        "accumulated_operating_revenue": 165263, 
        "long_term_average": 27543, 
        "short_term_average": 33448
    }, 
    {
        "date": "2012-07-31", 
        "operating_revenue": 52342, 
        "accumulated_operating_revenue": 217605, 
        "long_term_average": 31086, 
        "short_term_average": 44285
    }, 
    {
        "date": "2012-08-31", 
        "operating_revenue": 79962, 
        "accumulated_operating_revenue": 297567, 
        "long_term_average": 37195, 
        "short_term_average": 65380
    }, 
    {
        "date": "2012-09-30", 
        "operating_revenue": 45034, 
        "accumulated_operating_revenue": 342601, 
        "long_term_average": 38066, 
        "short_term_average": 59112
    }, 
    {
        "date": "2012-10-31", 
        "operating_revenue": 43194, 
        "accumulated_operating_revenue": 385795, 
        "long_term_average": 38579, 
        "short_term_average": 56063
    }, 
    {
        "date": "2012-11-30", 
        "operating_revenue": 47110, 
        "accumulated_operating_revenue": 432905, 
        "long_term_average": 39355, 
        "short_term_average": 45112
    }, 
    {
        "date": "2012-12-31", 
        "operating_revenue": 68834, 
        "accumulated_operating_revenue": 501739, 
        "long_term_average": 41811, 
        "short_term_average": 53046
    }, 
    {
        "accumulated_operating_revenue_yoy": 42.10092121545442, 
        "accumulated_operating_revenue": 20670, 
        "long_term_average": 42321, 
        "date": "2013-01-31", 
        "operating_revenue": 20670, 
        "short_term_average": 45538
    }, 
    {
        "accumulated_operating_revenue_yoy": 111.18879353861686, 
        "accumulated_operating_revenue": 83673, 
        "long_term_average": 45482, 
        "date": "2013-02-28", 
        "operating_revenue": 63003, 
        "short_term_average": 50835
    }, 
    {
        "accumulated_operating_revenue_yoy": 72.75135942819291, 
        "accumulated_operating_revenue": 112145, 
        "long_term_average": 45747, 
        "date": "2013-03-31", 
        "operating_revenue": 28472, 
        "short_term_average": 37381
    }, 
    {
        "accumulated_operating_revenue_yoy": 67.9126843657817, 
        "accumulated_operating_revenue": 142306, 
        "long_term_average": 46607, 
        "date": "2013-04-30", 
        "operating_revenue": 30161, 
        "short_term_average": 40545
    }, 
    {
        "accumulated_operating_revenue_yoy": 62.148145957190884, 
        "accumulated_operating_revenue": 164462, 
        "long_term_average": 47064, 
        "date": "2013-05-31", 
        "operating_revenue": 22156, 
        "short_term_average": 26929
    }, 
    {
        "accumulated_operating_revenue_yoy": 33.40856695086015, 
        "accumulated_operating_revenue": 220475, 
        "long_term_average": 46412, 
        "date": "2013-06-30", 
        "operating_revenue": 56013, 
        "short_term_average": 36110
    }, 
    {
        "accumulated_operating_revenue_yoy": 7.900553755658188, 
        "accumulated_operating_revenue": 234797, 
        "long_term_average": 43244, 
        "date": "2013-07-31", 
        "operating_revenue": 14322, 
        "short_term_average": 30830
    }, 
    {
        "accumulated_operating_revenue_yoy": -15.347131906427796, 
        "accumulated_operating_revenue": 251899, 
        "long_term_average": 38005, 
        "date": "2013-08-31", 
        "operating_revenue": 17102, 
        "short_term_average": 29145
    }, 
    {
        "accumulated_operating_revenue_yoy": -22.01073552032831, 
        "accumulated_operating_revenue": 267192, 
        "long_term_average": 35527, 
        "date": "2013-09-30", 
        "operating_revenue": 15293, 
        "short_term_average": 15572
    }, 
    {
        "accumulated_operating_revenue_yoy": -25.38550266333156, 
        "accumulated_operating_revenue": 287859, 
        "long_term_average": 33650, 
        "date": "2013-10-31", 
        "operating_revenue": 20667, 
        "short_term_average": 17687
    }, 
    {
        "accumulated_operating_revenue_yoy": -28.20780540765295, 
        "accumulated_operating_revenue": 310792, 
        "long_term_average": 31635, 
        "date": "2013-11-30", 
        "operating_revenue": 22933, 
        "short_term_average": 19631
    }, 
    {
        "accumulated_operating_revenue_yoy": -34.99448916667829, 
        "accumulated_operating_revenue": 326158, 
        "long_term_average": 27179, 
        "date": "2013-12-31", 
        "operating_revenue": 15366, 
        "short_term_average": 19655
    }, 
    {
        "accumulated_operating_revenue_yoy": -21.219158200290273, 
        "accumulated_operating_revenue": 16284, 
        "long_term_average": 26814, 
        "date": "2014-01-31", 
        "operating_revenue": 16284, 
        "short_term_average": 18194
    }, 
    {
        "accumulated_operating_revenue_yoy": -65.52412367191329, 
        "accumulated_operating_revenue": 28847, 
        "long_term_average": 22611, 
        "date": "2014-02-28", 
        "operating_revenue": 12563, 
        "short_term_average": 14737
    }, 
    {
        "accumulated_operating_revenue_yoy": -62.57434571313924, 
        "accumulated_operating_revenue": 41971, 
        "long_term_average": 21332, 
        "date": "2014-03-31", 
        "operating_revenue": 13124, 
        "short_term_average": 13990
    }, 
    {
        "accumulated_operating_revenue_yoy": -65.57629333970458, 
        "accumulated_operating_revenue": 48987, 
        "long_term_average": 19403, 
        "date": "2014-04-30", 
        "operating_revenue": 7016, 
        "short_term_average": 10901
    }, 
    {
        "accumulated_operating_revenue_yoy": -60.6146100618988, 
        "accumulated_operating_revenue": 64774, 
        "long_term_average": 18872, 
        "date": "2014-05-31", 
        "operating_revenue": 15787, 
        "short_term_average": 11975
    }, 
    {
        "accumulated_operating_revenue_yoy": -66.31863023018482, 
        "accumulated_operating_revenue": 74259, 
        "long_term_average": 14995, 
        "date": "2014-06-30", 
        "operating_revenue": 9485, 
        "short_term_average": 10762
    }, 
    {
        "accumulated_operating_revenue_yoy": -62.499520862702674, 
        "accumulated_operating_revenue": 88050, 
        "long_term_average": 14950, 
        "date": "2014-07-31", 
        "operating_revenue": 13791, 
        "short_term_average": 13021
    }, 
    {
        "accumulated_operating_revenue_yoy": -61.52545266158261, 
        "accumulated_operating_revenue": 96917, 
        "long_term_average": 14264, 
        "date": "2014-08-31", 
        "operating_revenue": 8867, 
        "short_term_average": 10714
    }, 
    {
        "accumulated_operating_revenue_yoy": -60.45727416988532, 
        "accumulated_operating_revenue": 105655, 
        "long_term_average": 13718, 
        "date": "2014-09-30", 
        "operating_revenue": 8738, 
        "short_term_average": 10465
    }, 
    {
        "accumulated_operating_revenue_yoy": -60.13499664766431, 
        "accumulated_operating_revenue": 114755, 
        "long_term_average": 12754, 
        "date": "2014-10-31", 
        "operating_revenue": 9100, 
        "short_term_average": 8901
    }, 
    {
        "accumulated_operating_revenue_yoy": -60.27310870292671, 
        "accumulated_operating_revenue": 123468, 
        "long_term_average": 11569, 
        "date": "2014-11-30", 
        "operating_revenue": 8713, 
        "short_term_average": 8850
    }, 
    {
        "accumulated_operating_revenue_yoy": -59.20750065918972, 
        "accumulated_operating_revenue": 133048, 
        "long_term_average": 11087, 
        "date": "2014-12-31", 
        "operating_revenue": 9580, 
        "short_term_average": 9131
    }, 
    {
        "accumulated_operating_revenue_yoy": -53.03365266519283, 
        "accumulated_operating_revenue": 7648, 
        "long_term_average": 10367, 
        "date": "2015-01-31", 
        "operating_revenue": 7648, 
        "short_term_average": 8647
    }, 
    {
        "accumulated_operating_revenue_yoy": -57.15672340278019, 
        "accumulated_operating_revenue": 12359, 
        "long_term_average": 9713, 
        "date": "2015-02-28", 
        "operating_revenue": 4711, 
        "short_term_average": 7313
    }, 
    {
        "accumulated_operating_revenue_yoy": -45.52667317909985, 
        "accumulated_operating_revenue": 22863, 
        "long_term_average": 9495, 
        "date": "2015-03-31", 
        "operating_revenue": 10504, 
        "short_term_average": 7621
    }, 
    {
        "accumulated_operating_revenue_yoy": -38.95319166309429, 
        "accumulated_operating_revenue": 29905, 
        "long_term_average": 9497, 
        "date": "2015-04-30", 
        "operating_revenue": 7042, 
        "short_term_average": 7419
    }, 
    {
        "accumulated_operating_revenue_yoy": -44.88529348195264, 
        "accumulated_operating_revenue": 35700, 
        "long_term_average": 8664, 
        "date": "2015-05-31", 
        "operating_revenue": 5795, 
        "short_term_average": 7780
    }, 
    {
        "accumulated_operating_revenue_yoy": -45.525794853149115, 
        "accumulated_operating_revenue": 40452, 
        "long_term_average": 8270, 
        "date": "2015-06-30", 
        "operating_revenue": 4752, 
        "short_term_average": 5863
    }, 
    {
        "accumulated_operating_revenue_yoy": -46.76660988074958, 
        "accumulated_operating_revenue": 46872, 
        "long_term_average": 7655, 
        "date": "2015-07-31", 
        "operating_revenue": 6420, 
        "short_term_average": 5655
    }, 
    {
        "accumulated_operating_revenue_yoy": -45.83200057781401, 
        "accumulated_operating_revenue": 52498, 
        "long_term_average": 7385, 
        "date": "2015-08-31", 
        "operating_revenue": 5626, 
        "short_term_average": 5599
    }
]