[
    {
        "date": "2012-01-31", 
        "operating_revenue": 47526, 
        "accumulated_operating_revenue": 47526, 
        "long_term_average": 47526, 
        "short_term_average": 47526
    }, 
    {
        "date": "2012-02-29", 
        "operating_revenue": 54550, 
        "accumulated_operating_revenue": 102076, 
        "long_term_average": 51038, 
        "short_term_average": 51038
    }, 
    {
        "date": "2012-03-31", 
        "operating_revenue": 57160, 
        "accumulated_operating_revenue": 159236, 
        "long_term_average": 53078, 
        "short_term_average": 53078
    }, 
    {
        "date": "2012-04-30", 
        "operating_revenue": 57290, 
        "accumulated_operating_revenue": 216526, 
        "long_term_average": 54131, 
        "short_term_average": 56333
    }, 
    {
        "date": "2012-05-31", 
        "operating_revenue": 58884, 
        "accumulated_operating_revenue": 275410, 
        "long_term_average": 55082, 
        "short_term_average": 57778
    }, 
    {
        "date": "2012-06-30", 
        "operating_revenue": 59606, 
        "accumulated_operating_revenue": 335016, 
        "long_term_average": 55836, 
        "short_term_average": 58593
    }, 
    {
        "date": "2012-07-31", 
        "operating_revenue": 53333, 
        "accumulated_operating_revenue": 388349, 
        "long_term_average": 55478, 
        "short_term_average": 57274
    }, 
    {
        "date": "2012-08-31", 
        "operating_revenue": 49525, 
        "accumulated_operating_revenue": 437874, 
        "long_term_average": 54734, 
        "short_term_average": 54154
    }, 
    {
        "date": "2012-09-30", 
        "operating_revenue": 45132, 
        "accumulated_operating_revenue": 483006, 
        "long_term_average": 53667, 
        "short_term_average": 49330
    }, 
    {
        "date": "2012-10-31", 
        "operating_revenue": 46946, 
        "accumulated_operating_revenue": 529952, 
        "long_term_average": 52995, 
        "short_term_average": 47201
    }, 
    {
        "date": "2012-11-30", 
        "operating_revenue": 42605, 
        "accumulated_operating_revenue": 572557, 
        "long_term_average": 52050, 
        "short_term_average": 44894
    }, 
    {
        "date": "2012-12-31", 
        "operating_revenue": 38696, 
        "accumulated_operating_revenue": 611253, 
        "long_term_average": 50937, 
        "short_term_average": 42749
    }, 
    {
        "accumulated_operating_revenue_yoy": -16.361570508774147, 
        "accumulated_operating_revenue": 39750, 
        "long_term_average": 50289, 
        "date": "2013-01-31", 
        "operating_revenue": 39750, 
        "short_term_average": 40350
    }, 
    {
        "accumulated_operating_revenue_yoy": -24.140836239664566, 
        "accumulated_operating_revenue": 77434, 
        "long_term_average": 48884, 
        "date": "2013-02-28", 
        "operating_revenue": 37684, 
        "short_term_average": 38710
    }, 
    {
        "accumulated_operating_revenue_yoy": -23.43502725514331, 
        "accumulated_operating_revenue": 121919, 
        "long_term_average": 47828, 
        "date": "2013-03-31", 
        "operating_revenue": 44485, 
        "short_term_average": 40639
    }, 
    {
        "accumulated_operating_revenue_yoy": -25.483313782178584, 
        "accumulated_operating_revenue": 161348, 
        "long_term_average": 46339, 
        "date": "2013-04-30", 
        "operating_revenue": 39429, 
        "short_term_average": 40532
    }, 
    {
        "accumulated_operating_revenue_yoy": -25.378889655422824, 
        "accumulated_operating_revenue": 205514, 
        "long_term_average": 45113, 
        "date": "2013-05-31", 
        "operating_revenue": 44166, 
        "short_term_average": 42693
    }, 
    {
        "accumulated_operating_revenue_yoy": -25.73250232824701, 
        "accumulated_operating_revenue": 248808, 
        "long_term_average": 43753, 
        "date": "2013-06-30", 
        "operating_revenue": 43294, 
        "short_term_average": 42296
    }, 
    {
        "accumulated_operating_revenue_yoy": -24.93607554030009, 
        "accumulated_operating_revenue": 291510, 
        "long_term_average": 42867, 
        "date": "2013-07-31", 
        "operating_revenue": 42702, 
        "short_term_average": 43387
    }, 
    {
        "accumulated_operating_revenue_yoy": -26.3703713853757, 
        "accumulated_operating_revenue": 322405, 
        "long_term_average": 41315, 
        "date": "2013-08-31", 
        "operating_revenue": 30895, 
        "short_term_average": 38963
    }, 
    {
        "accumulated_operating_revenue_yoy": -26.591388098698566, 
        "accumulated_operating_revenue": 354568, 
        "long_term_average": 40234, 
        "date": "2013-09-30", 
        "operating_revenue": 32163, 
        "short_term_average": 35253
    }, 
    {
        "accumulated_operating_revenue_yoy": -26.697323531187727, 
        "accumulated_operating_revenue": 388469, 
        "long_term_average": 39147, 
        "date": "2013-10-31", 
        "operating_revenue": 33901, 
        "short_term_average": 32319
    }, 
    {
        "accumulated_operating_revenue_yoy": -25.29809259165463, 
        "accumulated_operating_revenue": 427711, 
        "long_term_average": 38867, 
        "date": "2013-11-30", 
        "operating_revenue": 39242, 
        "short_term_average": 35102
    }, 
    {
        "accumulated_operating_revenue_yoy": -24.13681405244637, 
        "accumulated_operating_revenue": 463716, 
        "long_term_average": 38643, 
        "date": "2013-12-31", 
        "operating_revenue": 36005, 
        "short_term_average": 36382
    }, 
    {
        "accumulated_operating_revenue_yoy": -21.345911949685533, 
        "accumulated_operating_revenue": 31265, 
        "long_term_average": 37935, 
        "date": "2014-01-31", 
        "operating_revenue": 31265, 
        "short_term_average": 35504
    }, 
    {
        "accumulated_operating_revenue_yoy": -24.69716145362502, 
        "accumulated_operating_revenue": 58310, 
        "long_term_average": 37049, 
        "date": "2014-02-28", 
        "operating_revenue": 27045, 
        "short_term_average": 31438
    }, 
    {
        "accumulated_operating_revenue_yoy": -19.793469434624626, 
        "accumulated_operating_revenue": 97787, 
        "long_term_average": 36632, 
        "date": "2014-03-31", 
        "operating_revenue": 39477, 
        "short_term_average": 32595
    }, 
    {
        "accumulated_operating_revenue_yoy": -18.552445645437192, 
        "accumulated_operating_revenue": 131414, 
        "long_term_average": 36148, 
        "date": "2014-04-30", 
        "operating_revenue": 33627, 
        "short_term_average": 33383
    }, 
    {
        "accumulated_operating_revenue_yoy": -16.2203061591911, 
        "accumulated_operating_revenue": 172179, 
        "long_term_average": 35865, 
        "date": "2014-05-31", 
        "operating_revenue": 40765, 
        "short_term_average": 37956
    }, 
    {
        "accumulated_operating_revenue_yoy": -14.794540368476897, 
        "accumulated_operating_revenue": 211998, 
        "long_term_average": 35575, 
        "date": "2014-06-30", 
        "operating_revenue": 39819, 
        "short_term_average": 38070
    }, 
    {
        "accumulated_operating_revenue_yoy": -12.993722342286715, 
        "accumulated_operating_revenue": 253632, 
        "long_term_average": 35486, 
        "date": "2014-07-31", 
        "operating_revenue": 41634, 
        "short_term_average": 40739
    }, 
    {
        "accumulated_operating_revenue_yoy": -9.977512755695477, 
        "accumulated_operating_revenue": 290237, 
        "long_term_average": 35962, 
        "date": "2014-08-31", 
        "operating_revenue": 36605, 
        "short_term_average": 39352
    }, 
    {
        "accumulated_operating_revenue_yoy": -9.36604544121297, 
        "accumulated_operating_revenue": 321359, 
        "long_term_average": 35875, 
        "date": "2014-09-30", 
        "operating_revenue": 31122, 
        "short_term_average": 36453
    }, 
    {
        "accumulated_operating_revenue_yoy": -8.152516674432194, 
        "accumulated_operating_revenue": 356799, 
        "long_term_average": 36003, 
        "date": "2014-10-31", 
        "operating_revenue": 35440, 
        "short_term_average": 34389
    }, 
    {
        "accumulated_operating_revenue_yoy": -8.72434891784406, 
        "accumulated_operating_revenue": 390396, 
        "long_term_average": 35533, 
        "date": "2014-11-30", 
        "operating_revenue": 33597, 
        "short_term_average": 33386
    }, 
    {
        "accumulated_operating_revenue_yoy": -8.506068369433015, 
        "accumulated_operating_revenue": 424272, 
        "long_term_average": 35356, 
        "date": "2014-12-31", 
        "operating_revenue": 33876, 
        "short_term_average": 34304
    }, 
    {
        "accumulated_operating_revenue_yoy": 2.0502158963697426, 
        "accumulated_operating_revenue": 31906, 
        "long_term_average": 35409, 
        "date": "2015-01-31", 
        "operating_revenue": 31906, 
        "short_term_average": 33126
    }, 
    {
        "accumulated_operating_revenue_yoy": -4.428056937060538, 
        "accumulated_operating_revenue": 55728, 
        "long_term_average": 35140, 
        "date": "2015-02-28", 
        "operating_revenue": 23822, 
        "short_term_average": 29868
    }, 
    {
        "accumulated_operating_revenue_yoy": -16.208698497755325, 
        "accumulated_operating_revenue": 81937, 
        "long_term_average": 34035, 
        "date": "2015-03-31", 
        "operating_revenue": 26209, 
        "short_term_average": 27312
    }, 
    {
        "accumulated_operating_revenue_yoy": -13.573135282390004, 
        "accumulated_operating_revenue": 113577, 
        "long_term_average": 33869, 
        "date": "2015-04-30", 
        "operating_revenue": 31640, 
        "short_term_average": 27223
    }, 
    {
        "accumulated_operating_revenue_yoy": -15.985108520783603, 
        "accumulated_operating_revenue": 144656, 
        "long_term_average": 33062, 
        "date": "2015-05-31", 
        "operating_revenue": 31079, 
        "short_term_average": 29642
    }, 
    {
        "accumulated_operating_revenue_yoy": -16.77374314852027, 
        "accumulated_operating_revenue": 176438, 
        "long_term_average": 32392, 
        "date": "2015-06-30", 
        "operating_revenue": 31782, 
        "short_term_average": 31500
    }, 
    {
        "accumulated_operating_revenue_yoy": -11.018325763310623, 
        "accumulated_operating_revenue": 225686, 
        "long_term_average": 33027, 
        "date": "2015-07-31", 
        "operating_revenue": 49248, 
        "short_term_average": 37369
    }, 
    {
        "accumulated_operating_revenue_yoy": -0.8048594769102493, 
        "accumulated_operating_revenue": 287901, 
        "long_term_average": 35161, 
        "date": "2015-08-31", 
        "operating_revenue": 62215, 
        "short_term_average": 47748
    }, 
    {
        "accumulated_operating_revenue_yoy": 14.683889357385354, 
        "accumulated_operating_revenue": 368547, 
        "long_term_average": 39288, 
        "date": "2015-09-30", 
        "operating_revenue": 80646, 
        "short_term_average": 64036
    }
]