[
    {
        "date": "2012-01-31", 
        "operating_revenue": 59058, 
        "accumulated_operating_revenue": 59058, 
        "long_term_average": 59058, 
        "short_term_average": 59058
    }, 
    {
        "date": "2012-02-29", 
        "operating_revenue": 92339, 
        "accumulated_operating_revenue": 151397, 
        "long_term_average": 75698, 
        "short_term_average": 75698
    }, 
    {
        "date": "2012-03-31", 
        "operating_revenue": 109222, 
        "accumulated_operating_revenue": 260619, 
        "long_term_average": 86873, 
        "short_term_average": 86873
    }, 
    {
        "date": "2012-04-30", 
        "operating_revenue": 92005, 
        "accumulated_operating_revenue": 352624, 
        "long_term_average": 88156, 
        "short_term_average": 97855
    }, 
    {
        "date": "2012-05-31", 
        "operating_revenue": 74452, 
        "accumulated_operating_revenue": 427076, 
        "long_term_average": 85415, 
        "short_term_average": 91893
    }, 
    {
        "date": "2012-06-30", 
        "operating_revenue": 55160, 
        "accumulated_operating_revenue": 482236, 
        "long_term_average": 80372, 
        "short_term_average": 73872
    }, 
    {
        "date": "2012-07-31", 
        "operating_revenue": 70010, 
        "accumulated_operating_revenue": 552246, 
        "long_term_average": 78892, 
        "short_term_average": 66540
    }, 
    {
        "date": "2012-08-31", 
        "operating_revenue": 73724, 
        "accumulated_operating_revenue": 625970, 
        "long_term_average": 78246, 
        "short_term_average": 66298
    }, 
    {
        "date": "2012-09-30", 
        "operating_revenue": 68714, 
        "accumulated_operating_revenue": 694684, 
        "long_term_average": 77187, 
        "short_term_average": 70816
    }, 
    {
        "date": "2012-10-31", 
        "operating_revenue": 69838, 
        "accumulated_operating_revenue": 764522, 
        "long_term_average": 76452, 
        "short_term_average": 70758
    }, 
    {
        "date": "2012-11-30", 
        "operating_revenue": 47625, 
        "accumulated_operating_revenue": 812147, 
        "long_term_average": 73831, 
        "short_term_average": 62059
    }, 
    {
        "date": "2012-12-31", 
        "operating_revenue": 61849, 
        "accumulated_operating_revenue": 873996, 
        "long_term_average": 72833, 
        "short_term_average": 59770
    }, 
    {
        "accumulated_operating_revenue_yoy": 24.069558738866874, 
        "accumulated_operating_revenue": 73273, 
        "long_term_average": 74017, 
        "date": "2013-01-31", 
        "operating_revenue": 73273, 
        "short_term_average": 60915
    }, 
    {
        "accumulated_operating_revenue_yoy": -16.464659141198307, 
        "accumulated_operating_revenue": 126470, 
        "long_term_average": 70755, 
        "date": "2013-02-28", 
        "operating_revenue": 53197, 
        "short_term_average": 62773
    }, 
    {
        "accumulated_operating_revenue_yoy": -17.61076513991689, 
        "accumulated_operating_revenue": 214722, 
        "long_term_average": 69008, 
        "date": "2013-03-31", 
        "operating_revenue": 88252, 
        "short_term_average": 71574
    }, 
    {
        "accumulated_operating_revenue_yoy": -8.906937701347612, 
        "accumulated_operating_revenue": 321216, 
        "long_term_average": 70215, 
        "date": "2013-04-30", 
        "operating_revenue": 106494, 
        "short_term_average": 82647
    }, 
    {
        "accumulated_operating_revenue_yoy": 3.1987280952336357, 
        "accumulated_operating_revenue": 440737, 
        "long_term_average": 73971, 
        "date": "2013-05-31", 
        "operating_revenue": 119521, 
        "short_term_average": 104755
    }, 
    {
        "accumulated_operating_revenue_yoy": 5.76253120878574, 
        "accumulated_operating_revenue": 510025, 
        "long_term_average": 75148, 
        "date": "2013-06-30", 
        "operating_revenue": 69288, 
        "short_term_average": 98434
    }, 
    {
        "accumulated_operating_revenue_yoy": 1.763344596429852, 
        "accumulated_operating_revenue": 561984, 
        "long_term_average": 73644, 
        "date": "2013-07-31", 
        "operating_revenue": 51959, 
        "short_term_average": 80256
    }, 
    {
        "accumulated_operating_revenue_yoy": 3.6661501349904944, 
        "accumulated_operating_revenue": 648919, 
        "long_term_average": 74745, 
        "date": "2013-08-31", 
        "operating_revenue": 86935, 
        "short_term_average": 69394
    }, 
    {
        "accumulated_operating_revenue_yoy": 4.572726592234742, 
        "accumulated_operating_revenue": 726450, 
        "long_term_average": 75480, 
        "date": "2013-09-30", 
        "operating_revenue": 77531, 
        "short_term_average": 72141
    }, 
    {
        "accumulated_operating_revenue_yoy": 5.3536719675823585, 
        "accumulated_operating_revenue": 805452, 
        "long_term_average": 76243, 
        "date": "2013-10-31", 
        "operating_revenue": 79002, 
        "short_term_average": 81156
    }, 
    {
        "accumulated_operating_revenue_yoy": 8.364988111758093, 
        "accumulated_operating_revenue": 880083, 
        "long_term_average": 78494, 
        "date": "2013-11-30", 
        "operating_revenue": 74631, 
        "short_term_average": 77054
    }, 
    {
        "accumulated_operating_revenue_yoy": 7.825207438020311, 
        "accumulated_operating_revenue": 942388, 
        "long_term_average": 78532, 
        "date": "2013-12-31", 
        "operating_revenue": 62305, 
        "short_term_average": 71979
    }, 
    {
        "accumulated_operating_revenue_yoy": 4.633357444078992, 
        "accumulated_operating_revenue": 76668, 
        "long_term_average": 78815, 
        "date": "2014-01-31", 
        "operating_revenue": 76668, 
        "short_term_average": 71201
    }, 
    {
        "accumulated_operating_revenue_yoy": 16.549379299438602, 
        "accumulated_operating_revenue": 147400, 
        "long_term_average": 80276, 
        "date": "2014-02-28", 
        "operating_revenue": 70732, 
        "short_term_average": 69901
    }, 
    {
        "accumulated_operating_revenue_yoy": 17.4951798138989, 
        "accumulated_operating_revenue": 252288, 
        "long_term_average": 81662, 
        "date": "2014-03-31", 
        "operating_revenue": 104888, 
        "short_term_average": 84096
    }, 
    {
        "accumulated_operating_revenue_yoy": 19.421510759115364, 
        "accumulated_operating_revenue": 383601, 
        "long_term_average": 83731, 
        "date": "2014-04-30", 
        "operating_revenue": 131313, 
        "short_term_average": 102311
    }, 
    {
        "accumulated_operating_revenue_yoy": 13.326087893687166, 
        "accumulated_operating_revenue": 499470, 
        "long_term_average": 83426, 
        "date": "2014-05-31", 
        "operating_revenue": 115869, 
        "short_term_average": 117356
    }, 
    {
        "accumulated_operating_revenue_yoy": 13.605803637076614, 
        "accumulated_operating_revenue": 579418, 
        "long_term_average": 84315, 
        "date": "2014-06-30", 
        "operating_revenue": 79948, 
        "short_term_average": 109043
    }, 
    {
        "accumulated_operating_revenue_yoy": 16.029281972440497, 
        "accumulated_operating_revenue": 652066, 
        "long_term_average": 86039, 
        "date": "2014-07-31", 
        "operating_revenue": 72648, 
        "short_term_average": 89488
    }, 
    {
        "accumulated_operating_revenue_yoy": 14.938536242581893, 
        "accumulated_operating_revenue": 745858, 
        "long_term_average": 86610, 
        "date": "2014-08-31", 
        "operating_revenue": 93792, 
        "short_term_average": 82129
    }, 
    {
        "accumulated_operating_revenue_yoy": 18.072819877486406, 
        "accumulated_operating_revenue": 857740, 
        "long_term_average": 89473, 
        "date": "2014-09-30", 
        "operating_revenue": 111882, 
        "short_term_average": 92774
    }, 
    {
        "accumulated_operating_revenue_yoy": 18.368444053773533, 
        "accumulated_operating_revenue": 953401, 
        "long_term_average": 90861, 
        "date": "2014-10-31", 
        "operating_revenue": 95661, 
        "short_term_average": 100445
    }, 
    {
        "accumulated_operating_revenue_yoy": 18.878901194546422, 
        "accumulated_operating_revenue": 1046233, 
        "long_term_average": 92378, 
        "date": "2014-11-30", 
        "operating_revenue": 92832, 
        "short_term_average": 100125
    }, 
    {
        "accumulated_operating_revenue_yoy": 21.8029092051257, 
        "accumulated_operating_revenue": 1147856, 
        "long_term_average": 95654, 
        "date": "2014-12-31", 
        "operating_revenue": 101623, 
        "short_term_average": 96705
    }, 
    {
        "accumulated_operating_revenue_yoy": 8.968539677570824, 
        "accumulated_operating_revenue": 83544, 
        "long_term_average": 96227, 
        "date": "2015-01-31", 
        "operating_revenue": 83544, 
        "short_term_average": 92666
    }, 
    {
        "accumulated_operating_revenue_yoy": -3.4796472184531884, 
        "accumulated_operating_revenue": 142271, 
        "long_term_average": 95227, 
        "date": "2015-02-28", 
        "operating_revenue": 58727, 
        "short_term_average": 81298
    }, 
    {
        "accumulated_operating_revenue_yoy": 0.9627885591070523, 
        "accumulated_operating_revenue": 254717, 
        "long_term_average": 95857, 
        "date": "2015-03-31", 
        "operating_revenue": 112446, 
        "short_term_average": 84905
    }, 
    {
        "accumulated_operating_revenue_yoy": -3.7400840977995364, 
        "accumulated_operating_revenue": 369254, 
        "long_term_average": 94459, 
        "date": "2015-04-30", 
        "operating_revenue": 114537, 
        "short_term_average": 95236
    }, 
    {
        "accumulated_operating_revenue_yoy": -9.12327066690692, 
        "accumulated_operating_revenue": 453902, 
        "long_term_average": 91857, 
        "date": "2015-05-31", 
        "operating_revenue": 84648, 
        "short_term_average": 103877
    }, 
    {
        "accumulated_operating_revenue_yoy": -9.790168755544357, 
        "accumulated_operating_revenue": 522692, 
        "long_term_average": 90927, 
        "date": "2015-06-30", 
        "operating_revenue": 68790, 
        "short_term_average": 89325
    }, 
    {
        "accumulated_operating_revenue_yoy": -7.578834044406547, 
        "accumulated_operating_revenue": 602647, 
        "long_term_average": 91536, 
        "date": "2015-07-31", 
        "operating_revenue": 79955, 
        "short_term_average": 77797
    }, 
    {
        "accumulated_operating_revenue_yoy": -10.60992843141724, 
        "accumulated_operating_revenue": 666723, 
        "long_term_average": 89060, 
        "date": "2015-08-31", 
        "operating_revenue": 64076, 
        "short_term_average": 70940
    }, 
    {
        "accumulated_operating_revenue_yoy": -13.27453540699979, 
        "accumulated_operating_revenue": 743879, 
        "long_term_average": 86166, 
        "date": "2015-09-30", 
        "operating_revenue": 77156, 
        "short_term_average": 73729
    }
]