[
    {
        "date": "2011-09-30", 
        "operating_revenue": 122430, 
        "accumulated_operating_revenue": 122430, 
        "long_term_average": 122430, 
        "short_term_average": 122430
    }, 
    {
        "date": "2011-10-31", 
        "operating_revenue": 147804, 
        "accumulated_operating_revenue": 270234, 
        "long_term_average": 135117, 
        "short_term_average": 135117
    }, 
    {
        "date": "2011-11-30", 
        "operating_revenue": 171151, 
        "accumulated_operating_revenue": 441385, 
        "long_term_average": 147128, 
        "short_term_average": 147128
    }, 
    {
        "date": "2011-12-31", 
        "operating_revenue": 179964, 
        "accumulated_operating_revenue": 621349, 
        "long_term_average": 155337, 
        "short_term_average": 166306
    }, 
    {
        "date": "2012-01-31", 
        "operating_revenue": 152080, 
        "accumulated_operating_revenue": 152080, 
        "long_term_average": 154685, 
        "short_term_average": 167731
    }, 
    {
        "date": "2012-02-29", 
        "operating_revenue": 186626, 
        "accumulated_operating_revenue": 338706, 
        "long_term_average": 160009, 
        "short_term_average": 172890
    }, 
    {
        "date": "2012-03-31", 
        "operating_revenue": 205926, 
        "accumulated_operating_revenue": 544632, 
        "long_term_average": 166568, 
        "short_term_average": 181544
    }, 
    {
        "date": "2012-04-30", 
        "operating_revenue": 170721, 
        "accumulated_operating_revenue": 715353, 
        "long_term_average": 167087, 
        "short_term_average": 187757
    }, 
    {
        "date": "2012-05-31", 
        "operating_revenue": 199609, 
        "accumulated_operating_revenue": 914962, 
        "long_term_average": 170701, 
        "short_term_average": 192085
    }, 
    {
        "date": "2012-06-30", 
        "operating_revenue": 170462, 
        "accumulated_operating_revenue": 1085424, 
        "long_term_average": 170677, 
        "short_term_average": 180264
    }, 
    {
        "date": "2012-07-31", 
        "operating_revenue": 151110, 
        "accumulated_operating_revenue": 1236534, 
        "long_term_average": 168898, 
        "short_term_average": 173727
    }, 
    {
        "date": "2012-08-31", 
        "operating_revenue": 166493, 
        "accumulated_operating_revenue": 1403027, 
        "long_term_average": 168698, 
        "short_term_average": 162688
    }, 
    {
        "accumulated_operating_revenue_yoy": 1170.8690680388793, 
        "accumulated_operating_revenue": 1555925, 
        "long_term_average": 171237, 
        "date": "2012-09-30", 
        "operating_revenue": 152898, 
        "short_term_average": 156833
    }, 
    {
        "accumulated_operating_revenue_yoy": 533.8077369983051, 
        "accumulated_operating_revenue": 1712764, 
        "long_term_average": 171989, 
        "date": "2012-10-31", 
        "operating_revenue": 156839, 
        "short_term_average": 158743
    }, 
    {
        "accumulated_operating_revenue_yoy": 325.75733203439177, 
        "accumulated_operating_revenue": 1879229, 
        "long_term_average": 171599, 
        "date": "2012-11-30", 
        "operating_revenue": 166465, 
        "short_term_average": 158734
    }, 
    {
        "accumulated_operating_revenue_yoy": 231.31122766754274, 
        "accumulated_operating_revenue": 2058599, 
        "long_term_average": 171549, 
        "date": "2012-12-31", 
        "operating_revenue": 179370, 
        "short_term_average": 167558
    }, 
    {
        "accumulated_operating_revenue_yoy": 45.09863229879011, 
        "accumulated_operating_revenue": 220666, 
        "long_term_average": 177265, 
        "date": "2013-01-31", 
        "operating_revenue": 220666, 
        "short_term_average": 188833
    }, 
    {
        "accumulated_operating_revenue_yoy": 0.6941122979811399, 
        "accumulated_operating_revenue": 341057, 
        "long_term_average": 171745, 
        "date": "2013-02-28", 
        "operating_revenue": 120391, 
        "short_term_average": 173475
    }, 
    {
        "accumulated_operating_revenue_yoy": -0.8203704519749114, 
        "accumulated_operating_revenue": 540164, 
        "long_term_average": 171177, 
        "date": "2013-03-31", 
        "operating_revenue": 199107, 
        "short_term_average": 180054
    }, 
    {
        "accumulated_operating_revenue_yoy": 3.6477095923271445, 
        "accumulated_operating_revenue": 741447, 
        "long_term_average": 173724, 
        "date": "2013-04-30", 
        "operating_revenue": 201283, 
        "short_term_average": 173593
    }, 
    {
        "accumulated_operating_revenue_yoy": -0.09202567975500622, 
        "accumulated_operating_revenue": 914120, 
        "long_term_average": 171479, 
        "date": "2013-05-31", 
        "operating_revenue": 172673, 
        "short_term_average": 191021
    }, 
    {
        "accumulated_operating_revenue_yoy": -0.052882560179247924, 
        "accumulated_operating_revenue": 1084850, 
        "long_term_average": 171502, 
        "date": "2013-06-30", 
        "operating_revenue": 170730, 
        "short_term_average": 181562
    }, 
    {
        "accumulated_operating_revenue_yoy": 3.2813493199540003, 
        "accumulated_operating_revenue": 1277109, 
        "long_term_average": 174931, 
        "date": "2013-07-31", 
        "operating_revenue": 192259, 
        "short_term_average": 178554
    }, 
    {
        "accumulated_operating_revenue_yoy": 2.1213419271332628, 
        "accumulated_operating_revenue": 1432790, 
        "long_term_average": 174030, 
        "date": "2013-08-31", 
        "operating_revenue": 155681, 
        "short_term_average": 172890
    }, 
    {
        "accumulated_operating_revenue_yoy": 1.970660539550428, 
        "accumulated_operating_revenue": 1586587, 
        "long_term_average": 174105, 
        "date": "2013-09-30", 
        "operating_revenue": 153797, 
        "short_term_average": 167245
    }, 
    {
        "accumulated_operating_revenue_yoy": 2.708837878423414, 
        "accumulated_operating_revenue": 1759160, 
        "long_term_average": 175416, 
        "date": "2013-10-31", 
        "operating_revenue": 172573, 
        "short_term_average": 160683
    }, 
    {
        "accumulated_operating_revenue_yoy": 3.049176018462891, 
        "accumulated_operating_revenue": 1936530, 
        "long_term_average": 176325, 
        "date": "2013-11-30", 
        "operating_revenue": 177370, 
        "short_term_average": 167913
    }, 
    {
        "accumulated_operating_revenue_yoy": 3.1146425311583266, 
        "accumulated_operating_revenue": 2122717, 
        "long_term_average": 176893, 
        "date": "2013-12-31", 
        "operating_revenue": 186187, 
        "short_term_average": 178710
    }, 
    {
        "accumulated_operating_revenue_yoy": -19.2752848195916, 
        "accumulated_operating_revenue": 178132, 
        "long_term_average": 173348, 
        "date": "2014-01-31", 
        "operating_revenue": 178132, 
        "short_term_average": 180563
    }, 
    {
        "accumulated_operating_revenue_yoy": -6.00222250239696, 
        "accumulated_operating_revenue": 320586, 
        "long_term_average": 175187, 
        "date": "2014-02-28", 
        "operating_revenue": 142454, 
        "short_term_average": 168924
    }, 
    {
        "accumulated_operating_revenue_yoy": -4.803170888841167, 
        "accumulated_operating_revenue": 514219, 
        "long_term_average": 174731, 
        "date": "2014-03-31", 
        "operating_revenue": 193633, 
        "short_term_average": 171406
    }, 
    {
        "accumulated_operating_revenue_yoy": -4.38763660787622, 
        "accumulated_operating_revenue": 708915, 
        "long_term_average": 174182, 
        "date": "2014-04-30", 
        "operating_revenue": 194696, 
        "short_term_average": 176927
    }, 
    {
        "accumulated_operating_revenue_yoy": -1.2725900319432897, 
        "accumulated_operating_revenue": 902487, 
        "long_term_average": 175923, 
        "date": "2014-05-31", 
        "operating_revenue": 193572, 
        "short_term_average": 193967
    }, 
    {
        "accumulated_operating_revenue_yoy": 1.4367884961054522, 
        "accumulated_operating_revenue": 1100437, 
        "long_term_average": 178192, 
        "date": "2014-06-30", 
        "operating_revenue": 197950, 
        "short_term_average": 195406
    }, 
    {
        "accumulated_operating_revenue_yoy": -1.0283382232839953, 
        "accumulated_operating_revenue": 1263976, 
        "long_term_average": 175798, 
        "date": "2014-07-31", 
        "operating_revenue": 163539, 
        "short_term_average": 185020
    }, 
    {
        "accumulated_operating_revenue_yoy": 0.3719316857320333, 
        "accumulated_operating_revenue": 1438119, 
        "long_term_average": 177337, 
        "date": "2014-08-31", 
        "operating_revenue": 174143, 
        "short_term_average": 178544
    }, 
    {
        "accumulated_operating_revenue_yoy": -0.6382253226580075, 
        "accumulated_operating_revenue": 1576461, 
        "long_term_average": 176049, 
        "date": "2014-09-30", 
        "operating_revenue": 138342, 
        "short_term_average": 158674
    }, 
    {
        "accumulated_operating_revenue_yoy": -0.6621342004138339, 
        "accumulated_operating_revenue": 1747512, 
        "long_term_average": 175922, 
        "date": "2014-10-31", 
        "operating_revenue": 171051, 
        "short_term_average": 161178
    }, 
    {
        "accumulated_operating_revenue_yoy": -0.5155613390962185, 
        "accumulated_operating_revenue": 1926546, 
        "long_term_average": 176061, 
        "date": "2014-11-30", 
        "operating_revenue": 179034, 
        "short_term_average": 162809
    }, 
    {
        "accumulated_operating_revenue_yoy": 0.8600769673960307, 
        "accumulated_operating_revenue": 2140974, 
        "long_term_average": 178414, 
        "date": "2014-12-31", 
        "operating_revenue": 214428, 
        "short_term_average": 188171
    }, 
    {
        "accumulated_operating_revenue_yoy": 36.11479127837784, 
        "accumulated_operating_revenue": 242464, 
        "long_term_average": 183775, 
        "date": "2015-01-31", 
        "operating_revenue": 242464, 
        "short_term_average": 211975
    }, 
    {
        "accumulated_operating_revenue_yoy": 20.48717036926129, 
        "accumulated_operating_revenue": 386265, 
        "long_term_average": 183887, 
        "date": "2015-02-28", 
        "operating_revenue": 143801, 
        "short_term_average": 200231
    }, 
    {
        "accumulated_operating_revenue_yoy": 5.596059266577081, 
        "accumulated_operating_revenue": 542995, 
        "long_term_average": 180812, 
        "date": "2015-03-31", 
        "operating_revenue": 156730, 
        "short_term_average": 180998
    }, 
    {
        "accumulated_operating_revenue_yoy": 3.3232474979369884, 
        "accumulated_operating_revenue": 732474, 
        "long_term_average": 180377, 
        "date": "2015-04-30", 
        "operating_revenue": 189479, 
        "short_term_average": 163336
    }, 
    {
        "accumulated_operating_revenue_yoy": 0.18493341178321682, 
        "accumulated_operating_revenue": 904156, 
        "long_term_average": 178553, 
        "date": "2015-05-31", 
        "operating_revenue": 171682, 
        "short_term_average": 172630
    }, 
    {
        "accumulated_operating_revenue_yoy": -5.539072204951306, 
        "accumulated_operating_revenue": 1039483, 
        "long_term_average": 173335, 
        "date": "2015-06-30", 
        "operating_revenue": 135327, 
        "short_term_average": 165496
    }, 
    {
        "accumulated_operating_revenue_yoy": -6.108739406444426, 
        "accumulated_operating_revenue": 1186763, 
        "long_term_average": 171980, 
        "date": "2015-07-31", 
        "operating_revenue": 147280, 
        "short_term_average": 151429
    }, 
    {
        "accumulated_operating_revenue_yoy": -8.509309730279622, 
        "accumulated_operating_revenue": 1315745, 
        "long_term_average": 168216, 
        "date": "2015-08-31", 
        "operating_revenue": 128982, 
        "short_term_average": 137196
    }
]