[
    {
        "date": "2011-11-30", 
        "operating_revenue": 119912, 
        "accumulated_operating_revenue": 119912, 
        "long_term_average": 119912, 
        "short_term_average": 119912
    }, 
    {
        "date": "2011-12-31", 
        "operating_revenue": 180442, 
        "accumulated_operating_revenue": 300354, 
        "long_term_average": 150177, 
        "short_term_average": 150177
    }, 
    {
        "date": "2012-01-31", 
        "operating_revenue": 202367, 
        "accumulated_operating_revenue": 202367, 
        "long_term_average": 167573, 
        "short_term_average": 167573
    }, 
    {
        "date": "2012-02-29", 
        "operating_revenue": 128839, 
        "accumulated_operating_revenue": 331206, 
        "long_term_average": 157890, 
        "short_term_average": 170549
    }, 
    {
        "date": "2012-03-31", 
        "operating_revenue": 160024, 
        "accumulated_operating_revenue": 491230, 
        "long_term_average": 158316, 
        "short_term_average": 163743
    }, 
    {
        "date": "2012-04-30", 
        "operating_revenue": 108537, 
        "accumulated_operating_revenue": 599767, 
        "long_term_average": 150020, 
        "short_term_average": 132466
    }, 
    {
        "date": "2012-05-31", 
        "operating_revenue": 177574, 
        "accumulated_operating_revenue": 777341, 
        "long_term_average": 153956, 
        "short_term_average": 148711
    }, 
    {
        "date": "2012-06-30", 
        "operating_revenue": 170102, 
        "accumulated_operating_revenue": 947443, 
        "long_term_average": 155974, 
        "short_term_average": 152071
    }, 
    {
        "date": "2012-07-31", 
        "operating_revenue": 243249, 
        "accumulated_operating_revenue": 1190692, 
        "long_term_average": 165671, 
        "short_term_average": 196975
    }, 
    {
        "date": "2012-08-31", 
        "operating_revenue": 193508, 
        "accumulated_operating_revenue": 1384200, 
        "long_term_average": 168455, 
        "short_term_average": 202286
    }, 
    {
        "date": "2012-09-30", 
        "operating_revenue": 110749, 
        "accumulated_operating_revenue": 1494949, 
        "long_term_average": 163209, 
        "short_term_average": 182502
    }, 
    {
        "date": "2012-10-31", 
        "operating_revenue": 147902, 
        "accumulated_operating_revenue": 1642851, 
        "long_term_average": 161933, 
        "short_term_average": 150719
    }, 
    {
        "accumulated_operating_revenue_yoy": 1430.7708986590167, 
        "accumulated_operating_revenue": 1835578, 
        "long_term_average": 168001, 
        "date": "2012-11-30", 
        "operating_revenue": 192727, 
        "short_term_average": 150459
    }, 
    {
        "accumulated_operating_revenue_yoy": 604.6425218242474, 
        "accumulated_operating_revenue": 2116422, 
        "long_term_average": 176368, 
        "date": "2012-12-31", 
        "operating_revenue": 280844, 
        "short_term_average": 207157
    }, 
    {
        "accumulated_operating_revenue_yoy": 16.460193608641724, 
        "accumulated_operating_revenue": 235677, 
        "long_term_average": 179144, 
        "date": "2013-01-31", 
        "operating_revenue": 235677, 
        "short_term_average": 236416
    }, 
    {
        "accumulated_operating_revenue_yoy": 39.751393392631776, 
        "accumulated_operating_revenue": 462865, 
        "long_term_average": 187340, 
        "date": "2013-02-28", 
        "operating_revenue": 227188, 
        "short_term_average": 247903
    }, 
    {
        "accumulated_operating_revenue_yoy": 30.010178531441483, 
        "accumulated_operating_revenue": 638649, 
        "long_term_average": 188653, 
        "date": "2013-03-31", 
        "operating_revenue": 175784, 
        "short_term_average": 212883
    }, 
    {
        "accumulated_operating_revenue_yoy": 29.128311494296955, 
        "accumulated_operating_revenue": 774469, 
        "long_term_average": 190927, 
        "date": "2013-04-30", 
        "operating_revenue": 135820, 
        "short_term_average": 179597
    }, 
    {
        "accumulated_operating_revenue_yoy": 18.756118614610575, 
        "accumulated_operating_revenue": 923140, 
        "long_term_average": 188518, 
        "date": "2013-05-31", 
        "operating_revenue": 148671, 
        "short_term_average": 153425
    }, 
    {
        "accumulated_operating_revenue_yoy": 15.22951776518482, 
        "accumulated_operating_revenue": 1091734, 
        "long_term_average": 188392, 
        "date": "2013-06-30", 
        "operating_revenue": 168594, 
        "short_term_average": 151028
    }, 
    {
        "accumulated_operating_revenue_yoy": 4.241231149617198, 
        "accumulated_operating_revenue": 1241192, 
        "long_term_average": 180576, 
        "date": "2013-07-31", 
        "operating_revenue": 149458, 
        "short_term_average": 155574
    }, 
    {
        "accumulated_operating_revenue_yoy": 2.045513654096229, 
        "accumulated_operating_revenue": 1412514, 
        "long_term_average": 178728, 
        "date": "2013-08-31", 
        "operating_revenue": 171322, 
        "short_term_average": 163124
    }, 
    {
        "accumulated_operating_revenue_yoy": 6.491325122127913, 
        "accumulated_operating_revenue": 1591991, 
        "long_term_average": 184455, 
        "date": "2013-09-30", 
        "operating_revenue": 179477, 
        "short_term_average": 166752
    }, 
    {
        "accumulated_operating_revenue_yoy": 5.754630212965144, 
        "accumulated_operating_revenue": 1737391, 
        "long_term_average": 184246, 
        "date": "2013-10-31", 
        "operating_revenue": 145400, 
        "short_term_average": 165399
    }, 
    {
        "accumulated_operating_revenue_yoy": 6.343723884247904, 
        "accumulated_operating_revenue": 1952022, 
        "long_term_average": 186072, 
        "date": "2013-11-30", 
        "operating_revenue": 214631, 
        "short_term_average": 179836
    }, 
    {
        "accumulated_operating_revenue_yoy": 3.460084992501496, 
        "accumulated_operating_revenue": 2189652, 
        "long_term_average": 182471, 
        "date": "2013-12-31", 
        "operating_revenue": 237630, 
        "short_term_average": 199220
    }, 
    {
        "accumulated_operating_revenue_yoy": 21.042783131149836, 
        "accumulated_operating_revenue": 285270, 
        "long_term_average": 186603, 
        "date": "2014-01-31", 
        "operating_revenue": 285270, 
        "short_term_average": 245843
    }, 
    {
        "accumulated_operating_revenue_yoy": 3.822928931761961, 
        "accumulated_operating_revenue": 480560, 
        "long_term_average": 183945, 
        "date": "2014-02-28", 
        "operating_revenue": 195290, 
        "short_term_average": 239396
    }, 
    {
        "accumulated_operating_revenue_yoy": 18.88282922231147, 
        "accumulated_operating_revenue": 759244, 
        "long_term_average": 192520, 
        "date": "2014-03-31", 
        "operating_revenue": 278684, 
        "short_term_average": 253081
    }, 
    {
        "accumulated_operating_revenue_yoy": 22.026188265766606, 
        "accumulated_operating_revenue": 945055, 
        "long_term_average": 196686, 
        "date": "2014-04-30", 
        "operating_revenue": 185811, 
        "short_term_average": 219928
    }, 
    {
        "accumulated_operating_revenue_yoy": 22.864029291331757, 
        "accumulated_operating_revenue": 1134207, 
        "long_term_average": 200059, 
        "date": "2014-05-31", 
        "operating_revenue": 189152, 
        "short_term_average": 217882
    }, 
    {
        "accumulated_operating_revenue_yoy": 28.687390884592766, 
        "accumulated_operating_revenue": 1404924, 
        "long_term_average": 208570, 
        "date": "2014-06-30", 
        "operating_revenue": 270717, 
        "short_term_average": 215226
    }, 
    {
        "accumulated_operating_revenue_yoy": 33.8329605733843, 
        "accumulated_operating_revenue": 1661124, 
        "long_term_average": 217465, 
        "date": "2014-07-31", 
        "operating_revenue": 256200, 
        "short_term_average": 238689
    }, 
    {
        "accumulated_operating_revenue_yoy": 33.577649495863405, 
        "accumulated_operating_revenue": 1886803, 
        "long_term_average": 221995, 
        "date": "2014-08-31", 
        "operating_revenue": 225679, 
        "short_term_average": 250865
    }, 
    {
        "accumulated_operating_revenue_yoy": 31.144899688503262, 
        "accumulated_operating_revenue": 2087815, 
        "long_term_average": 223789, 
        "date": "2014-09-30", 
        "operating_revenue": 201012, 
        "short_term_average": 227630
    }, 
    {
        "accumulated_operating_revenue_yoy": 28.408343314774854, 
        "accumulated_operating_revenue": 2230955, 
        "long_term_average": 223601, 
        "date": "2014-10-31", 
        "operating_revenue": 143140, 
        "short_term_average": 189943
    }, 
    {
        "accumulated_operating_revenue_yoy": 21.958717678386822, 
        "accumulated_operating_revenue": 2380661, 
        "long_term_average": 218190, 
        "date": "2014-11-30", 
        "operating_revenue": 149706, 
        "short_term_average": 164619
    }, 
    {
        "accumulated_operating_revenue_yoy": 20.822030167350793, 
        "accumulated_operating_revenue": 2645582, 
        "long_term_average": 220465, 
        "date": "2014-12-31", 
        "operating_revenue": 264921, 
        "short_term_average": 185922
    }, 
    {
        "accumulated_operating_revenue_yoy": -25.776983208889824, 
        "accumulated_operating_revenue": 211736, 
        "long_term_average": 214337, 
        "date": "2015-01-31", 
        "operating_revenue": 211736, 
        "short_term_average": 208787
    }, 
    {
        "accumulated_operating_revenue_yoy": -16.068545030797406, 
        "accumulated_operating_revenue": 403341, 
        "long_term_average": 214030, 
        "date": "2015-02-28", 
        "operating_revenue": 191605, 
        "short_term_average": 222754
    }, 
    {
        "accumulated_operating_revenue_yoy": -22.084599944154977, 
        "accumulated_operating_revenue": 591568, 
        "long_term_average": 206492, 
        "date": "2015-03-31", 
        "operating_revenue": 188227, 
        "short_term_average": 197189
    }, 
    {
        "accumulated_operating_revenue_yoy": -20.11988720233214, 
        "accumulated_operating_revenue": 754911, 
        "long_term_average": 204619, 
        "date": "2015-04-30", 
        "operating_revenue": 163343, 
        "short_term_average": 181058
    }, 
    {
        "accumulated_operating_revenue_yoy": -14.996645233189357, 
        "accumulated_operating_revenue": 964114, 
        "long_term_average": 206290, 
        "date": "2015-05-31", 
        "operating_revenue": 209203, 
        "short_term_average": 186924
    }, 
    {
        "accumulated_operating_revenue_yoy": -14.418644709607067, 
        "accumulated_operating_revenue": 1202353, 
        "long_term_average": 203584, 
        "date": "2015-06-30", 
        "operating_revenue": 238239, 
        "short_term_average": 203595
    }, 
    {
        "accumulated_operating_revenue_yoy": -12.30347644125303, 
        "accumulated_operating_revenue": 1456748, 
        "long_term_average": 203433, 
        "date": "2015-07-31", 
        "operating_revenue": 254395, 
        "short_term_average": 233945
    }, 
    {
        "accumulated_operating_revenue_yoy": -12.265297436987327, 
        "accumulated_operating_revenue": 1655381, 
        "long_term_average": 201180, 
        "date": "2015-08-31", 
        "operating_revenue": 198633, 
        "short_term_average": 230422
    }
]