[
    {
        "date": "2012-01-31", 
        "operating_revenue": 89865, 
        "accumulated_operating_revenue": 89865, 
        "long_term_average": 89865, 
        "short_term_average": 89865
    }, 
    {
        "date": "2012-02-29", 
        "operating_revenue": 72114, 
        "accumulated_operating_revenue": 161979, 
        "long_term_average": 80989, 
        "short_term_average": 80989
    }, 
    {
        "date": "2012-03-31", 
        "operating_revenue": 171937, 
        "accumulated_operating_revenue": 333916, 
        "long_term_average": 111305, 
        "short_term_average": 111305
    }, 
    {
        "date": "2012-04-30", 
        "operating_revenue": 124300, 
        "accumulated_operating_revenue": 458216, 
        "long_term_average": 114554, 
        "short_term_average": 122783
    }, 
    {
        "date": "2012-05-31", 
        "operating_revenue": 141648, 
        "accumulated_operating_revenue": 599864, 
        "long_term_average": 119972, 
        "short_term_average": 145961
    }, 
    {
        "date": "2012-06-30", 
        "operating_revenue": 75252, 
        "accumulated_operating_revenue": 675116, 
        "long_term_average": 112519, 
        "short_term_average": 113733
    }, 
    {
        "date": "2012-07-31", 
        "operating_revenue": 68095, 
        "accumulated_operating_revenue": 743211, 
        "long_term_average": 106173, 
        "short_term_average": 94998
    }, 
    {
        "date": "2012-08-31", 
        "operating_revenue": 99174, 
        "accumulated_operating_revenue": 842385, 
        "long_term_average": 105298, 
        "short_term_average": 80840
    }, 
    {
        "date": "2012-09-30", 
        "operating_revenue": 94845, 
        "accumulated_operating_revenue": 937230, 
        "long_term_average": 104136, 
        "short_term_average": 87371
    }, 
    {
        "date": "2012-10-31", 
        "operating_revenue": 96585, 
        "accumulated_operating_revenue": 1033815, 
        "long_term_average": 103381, 
        "short_term_average": 96868
    }, 
    {
        "date": "2012-11-30", 
        "operating_revenue": 73279, 
        "accumulated_operating_revenue": 1107094, 
        "long_term_average": 100644, 
        "short_term_average": 88236
    }, 
    {
        "date": "2012-12-31", 
        "operating_revenue": 76726, 
        "accumulated_operating_revenue": 1183820, 
        "long_term_average": 98651, 
        "short_term_average": 82196
    }, 
    {
        "accumulated_operating_revenue_yoy": 11.193456851944584, 
        "accumulated_operating_revenue": 99924, 
        "long_term_average": 99489, 
        "date": "2013-01-31", 
        "operating_revenue": 99924, 
        "short_term_average": 83309
    }, 
    {
        "accumulated_operating_revenue_yoy": 28.317868365652338, 
        "accumulated_operating_revenue": 207848, 
        "long_term_average": 102474, 
        "date": "2013-02-28", 
        "operating_revenue": 107924, 
        "short_term_average": 94858
    }, 
    {
        "accumulated_operating_revenue_yoy": 2.5027252362869703, 
        "accumulated_operating_revenue": 342273, 
        "long_term_average": 99348, 
        "date": "2013-03-31", 
        "operating_revenue": 134425, 
        "short_term_average": 114091
    }, 
    {
        "accumulated_operating_revenue_yoy": 5.541491349058086, 
        "accumulated_operating_revenue": 483608, 
        "long_term_average": 100767, 
        "date": "2013-04-30", 
        "operating_revenue": 141335, 
        "short_term_average": 127894
    }, 
    {
        "accumulated_operating_revenue_yoy": 17.055032474027445, 
        "accumulated_operating_revenue": 702171, 
        "long_term_average": 107177, 
        "date": "2013-05-31", 
        "operating_revenue": 218563, 
        "short_term_average": 164774
    }, 
    {
        "accumulated_operating_revenue_yoy": 19.485688385403396, 
        "accumulated_operating_revenue": 806667, 
        "long_term_average": 109614, 
        "date": "2013-06-30", 
        "operating_revenue": 104496, 
        "short_term_average": 154798
    }, 
    {
        "accumulated_operating_revenue_yoy": 21.18658093058364, 
        "accumulated_operating_revenue": 900672, 
        "long_term_average": 111773, 
        "date": "2013-07-31", 
        "operating_revenue": 94005, 
        "short_term_average": 139021
    }, 
    {
        "accumulated_operating_revenue_yoy": 18.440380586074063, 
        "accumulated_operating_revenue": 997724, 
        "long_term_average": 111596, 
        "date": "2013-08-31", 
        "operating_revenue": 97052, 
        "short_term_average": 98517
    }, 
    {
        "accumulated_operating_revenue_yoy": 18.76871205573872, 
        "accumulated_operating_revenue": 1113136, 
        "long_term_average": 113310, 
        "date": "2013-09-30", 
        "operating_revenue": 115412, 
        "short_term_average": 102156
    }, 
    {
        "accumulated_operating_revenue_yoy": 16.456232498077508, 
        "accumulated_operating_revenue": 1203942, 
        "long_term_average": 112828, 
        "date": "2013-10-31", 
        "operating_revenue": 90806, 
        "short_term_average": 101090
    }, 
    {
        "accumulated_operating_revenue_yoy": 16.686207313922758, 
        "accumulated_operating_revenue": 1291826, 
        "long_term_average": 114046, 
        "date": "2013-11-30", 
        "operating_revenue": 87884, 
        "short_term_average": 98034
    }, 
    {
        "accumulated_operating_revenue_yoy": 15.615634133567601, 
        "accumulated_operating_revenue": 1368681, 
        "long_term_average": 114056, 
        "date": "2013-12-31", 
        "operating_revenue": 76855, 
        "short_term_average": 85181
    }, 
    {
        "accumulated_operating_revenue_yoy": -19.418758256274767, 
        "accumulated_operating_revenue": 80520, 
        "long_term_average": 112439, 
        "date": "2014-01-31", 
        "operating_revenue": 80520, 
        "short_term_average": 81753
    }, 
    {
        "accumulated_operating_revenue_yoy": -12.44755783072245, 
        "accumulated_operating_revenue": 181976, 
        "long_term_average": 111900, 
        "date": "2014-02-28", 
        "operating_revenue": 101456, 
        "short_term_average": 86277
    }, 
    {
        "accumulated_operating_revenue_yoy": 1.1958290604283714, 
        "accumulated_operating_revenue": 346366, 
        "long_term_average": 114397, 
        "date": "2014-03-31", 
        "operating_revenue": 164390, 
        "short_term_average": 115455
    }, 
    {
        "accumulated_operating_revenue_yoy": -3.1341499727051665, 
        "accumulated_operating_revenue": 468451, 
        "long_term_average": 112793, 
        "date": "2014-04-30", 
        "operating_revenue": 122085, 
        "short_term_average": 129310
    }, 
    {
        "accumulated_operating_revenue_yoy": -10.450730662473957, 
        "accumulated_operating_revenue": 628789, 
        "long_term_average": 107941, 
        "date": "2014-05-31", 
        "operating_revenue": 160338, 
        "short_term_average": 148937
    }, 
    {
        "accumulated_operating_revenue_yoy": -10.095119795405044, 
        "accumulated_operating_revenue": 725233, 
        "long_term_average": 107270, 
        "date": "2014-06-30", 
        "operating_revenue": 96444, 
        "short_term_average": 126289
    }, 
    {
        "accumulated_operating_revenue_yoy": -8.612236196972926, 
        "accumulated_operating_revenue": 823104, 
        "long_term_average": 107592, 
        "date": "2014-07-31", 
        "operating_revenue": 97871, 
        "short_term_average": 118217
    }, 
    {
        "accumulated_operating_revenue_yoy": -6.959439684722428, 
        "accumulated_operating_revenue": 928288, 
        "long_term_average": 108270, 
        "date": "2014-08-31", 
        "operating_revenue": 105184, 
        "short_term_average": 99833
    }, 
    {
        "accumulated_operating_revenue_yoy": -6.427786002788519, 
        "accumulated_operating_revenue": 1041586, 
        "long_term_average": 108094, 
        "date": "2014-09-30", 
        "operating_revenue": 113298, 
        "short_term_average": 105451
    }, 
    {
        "accumulated_operating_revenue_yoy": -1.9793312302419885, 
        "accumulated_operating_revenue": 1180112, 
        "long_term_average": 112070, 
        "date": "2014-10-31", 
        "operating_revenue": 138526, 
        "short_term_average": 119002
    }, 
    {
        "accumulated_operating_revenue_yoy": 0.16968229467436016, 
        "accumulated_operating_revenue": 1294018, 
        "long_term_average": 114239, 
        "date": "2014-11-30", 
        "operating_revenue": 113906, 
        "short_term_average": 121910
    }, 
    {
        "accumulated_operating_revenue_yoy": 1.741676840695531, 
        "accumulated_operating_revenue": 1392519, 
        "long_term_average": 116043, 
        "date": "2014-12-31", 
        "operating_revenue": 98501, 
        "short_term_average": 116977
    }, 
    {
        "accumulated_operating_revenue_yoy": 17.059115747640337, 
        "accumulated_operating_revenue": 94256, 
        "long_term_average": 117187, 
        "date": "2015-01-31", 
        "operating_revenue": 94256, 
        "short_term_average": 102221
    }, 
    {
        "accumulated_operating_revenue_yoy": 5.3045456543720055, 
        "accumulated_operating_revenue": 191629, 
        "long_term_average": 116847, 
        "date": "2015-02-28", 
        "operating_revenue": 97373, 
        "short_term_average": 96710
    }, 
    {
        "accumulated_operating_revenue_yoy": -7.013390459802636, 
        "accumulated_operating_revenue": 322074, 
        "long_term_average": 114018, 
        "date": "2015-03-31", 
        "operating_revenue": 130445, 
        "short_term_average": 107358
    }, 
    {
        "accumulated_operating_revenue_yoy": 1.4172239999487672, 
        "accumulated_operating_revenue": 475090, 
        "long_term_average": 116596, 
        "date": "2015-04-30", 
        "operating_revenue": 153016, 
        "short_term_average": 126944
    }, 
    {
        "accumulated_operating_revenue_yoy": 2.571450836449111, 
        "accumulated_operating_revenue": 644958, 
        "long_term_average": 117390, 
        "date": "2015-05-31", 
        "operating_revenue": 169868, 
        "short_term_average": 151109
    }, 
    {
        "accumulated_operating_revenue_yoy": 4.036495857193481, 
        "accumulated_operating_revenue": 754507, 
        "long_term_average": 118482, 
        "date": "2015-06-30", 
        "operating_revenue": 109549, 
        "short_term_average": 144144
    }, 
    {
        "accumulated_operating_revenue_yoy": 3.4977354016017417, 
        "accumulated_operating_revenue": 851894, 
        "long_term_average": 118442, 
        "date": "2015-07-31", 
        "operating_revenue": 97387, 
        "short_term_average": 125601
    }, 
    {
        "accumulated_operating_revenue_yoy": 4.419318142645386, 
        "accumulated_operating_revenue": 969312, 
        "long_term_average": 119461, 
        "date": "2015-08-31", 
        "operating_revenue": 117418, 
        "short_term_average": 108118
    }, 
    {
        "accumulated_operating_revenue_yoy": 5.747581092679817, 
        "accumulated_operating_revenue": 1101452, 
        "long_term_average": 121032, 
        "date": "2015-09-30", 
        "operating_revenue": 132140, 
        "short_term_average": 115648
    }
]