[
    {
        "date": "2012-01-31", 
        "operating_revenue": 87127, 
        "accumulated_operating_revenue": 87127, 
        "long_term_average": 87127, 
        "short_term_average": 87127
    }, 
    {
        "date": "2012-02-29", 
        "operating_revenue": 112915, 
        "accumulated_operating_revenue": 200042, 
        "long_term_average": 100021, 
        "short_term_average": 100021
    }, 
    {
        "date": "2012-03-31", 
        "operating_revenue": 123508, 
        "accumulated_operating_revenue": 323550, 
        "long_term_average": 107850, 
        "short_term_average": 107850
    }, 
    {
        "date": "2012-04-30", 
        "operating_revenue": 112248, 
        "accumulated_operating_revenue": 435798, 
        "long_term_average": 108949, 
        "short_term_average": 116223
    }, 
    {
        "date": "2012-05-31", 
        "operating_revenue": 109092, 
        "accumulated_operating_revenue": 544890, 
        "long_term_average": 108978, 
        "short_term_average": 114949
    }, 
    {
        "date": "2012-06-30", 
        "operating_revenue": 106141, 
        "accumulated_operating_revenue": 651031, 
        "long_term_average": 108505, 
        "short_term_average": 109160
    }, 
    {
        "date": "2012-07-31", 
        "operating_revenue": 117991, 
        "accumulated_operating_revenue": 769022, 
        "long_term_average": 109860, 
        "short_term_average": 111074
    }, 
    {
        "date": "2012-08-31", 
        "operating_revenue": 104749, 
        "accumulated_operating_revenue": 873771, 
        "long_term_average": 109221, 
        "short_term_average": 109627
    }, 
    {
        "date": "2012-09-30", 
        "operating_revenue": 101516, 
        "accumulated_operating_revenue": 975287, 
        "long_term_average": 108365, 
        "short_term_average": 108085
    }, 
    {
        "date": "2012-10-31", 
        "operating_revenue": 106780, 
        "accumulated_operating_revenue": 1082067, 
        "long_term_average": 108206, 
        "short_term_average": 104348
    }, 
    {
        "date": "2012-11-30", 
        "operating_revenue": 95115, 
        "accumulated_operating_revenue": 1177182, 
        "long_term_average": 107016, 
        "short_term_average": 101137
    }, 
    {
        "date": "2012-12-31", 
        "operating_revenue": 99043, 
        "accumulated_operating_revenue": 1276225, 
        "long_term_average": 106352, 
        "short_term_average": 100312
    }, 
    {
        "accumulated_operating_revenue_yoy": 12.159261767305198, 
        "accumulated_operating_revenue": 97721, 
        "long_term_average": 107234, 
        "date": "2013-01-31", 
        "operating_revenue": 97721, 
        "short_term_average": 97293
    }, 
    {
        "accumulated_operating_revenue_yoy": -9.036602313514162, 
        "accumulated_operating_revenue": 181965, 
        "long_term_average": 104845, 
        "date": "2013-02-28", 
        "operating_revenue": 84244, 
        "short_term_average": 93669
    }, 
    {
        "accumulated_operating_revenue_yoy": -17.657239993818575, 
        "accumulated_operating_revenue": 266420, 
        "long_term_average": 101591, 
        "date": "2013-03-31", 
        "operating_revenue": 84455, 
        "short_term_average": 88806
    }, 
    {
        "accumulated_operating_revenue_yoy": -18.325692178486364, 
        "accumulated_operating_revenue": 355935, 
        "long_term_average": 99696, 
        "date": "2013-04-30", 
        "operating_revenue": 89515, 
        "short_term_average": 86071
    }, 
    {
        "accumulated_operating_revenue_yoy": -16.85055699315458, 
        "accumulated_operating_revenue": 453073, 
        "long_term_average": 98700, 
        "date": "2013-05-31", 
        "operating_revenue": 97138, 
        "short_term_average": 90369
    }, 
    {
        "accumulated_operating_revenue_yoy": -20.169546457849165, 
        "accumulated_operating_revenue": 519721, 
        "long_term_average": 95409, 
        "date": "2013-06-30", 
        "operating_revenue": 66648, 
        "short_term_average": 84433
    }, 
    {
        "accumulated_operating_revenue_yoy": -21.41616234646083, 
        "accumulated_operating_revenue": 604327, 
        "long_term_average": 92627, 
        "date": "2013-07-31", 
        "operating_revenue": 84606, 
        "short_term_average": 82797
    }, 
    {
        "accumulated_operating_revenue_yoy": -23.368479841972327, 
        "accumulated_operating_revenue": 669584, 
        "long_term_average": 89336, 
        "date": "2013-08-31", 
        "operating_revenue": 65257, 
        "short_term_average": 72170
    }, 
    {
        "accumulated_operating_revenue_yoy": -26.600272535161444, 
        "accumulated_operating_revenue": 715858, 
        "long_term_average": 84733, 
        "date": "2013-09-30", 
        "operating_revenue": 46274, 
        "short_term_average": 65379
    }, 
    {
        "accumulated_operating_revenue_yoy": -28.82510972056259, 
        "accumulated_operating_revenue": 770160, 
        "long_term_average": 80359, 
        "date": "2013-10-31", 
        "operating_revenue": 54302, 
        "short_term_average": 55277
    }, 
    {
        "accumulated_operating_revenue_yoy": -30.174773314576676, 
        "accumulated_operating_revenue": 821970, 
        "long_term_average": 76751, 
        "date": "2013-11-30", 
        "operating_revenue": 51810, 
        "short_term_average": 50795
    }, 
    {
        "accumulated_operating_revenue_yoy": -29.40946933338557, 
        "accumulated_operating_revenue": 900894, 
        "long_term_average": 75074, 
        "date": "2013-12-31", 
        "operating_revenue": 78924, 
        "short_term_average": 61678
    }, 
    {
        "accumulated_operating_revenue_yoy": -36.001473582955555, 
        "accumulated_operating_revenue": 62540, 
        "long_term_average": 72142, 
        "date": "2014-01-31", 
        "operating_revenue": 62540, 
        "short_term_average": 64424
    }, 
    {
        "accumulated_operating_revenue_yoy": -37.003269859588386, 
        "accumulated_operating_revenue": 114632, 
        "long_term_average": 69463, 
        "date": "2014-02-28", 
        "operating_revenue": 52092, 
        "short_term_average": 64518
    }, 
    {
        "accumulated_operating_revenue_yoy": -29.650551760378352, 
        "accumulated_operating_revenue": 187425, 
        "long_term_average": 68491, 
        "date": "2014-03-31", 
        "operating_revenue": 72793, 
        "short_term_average": 62475
    }, 
    {
        "accumulated_operating_revenue_yoy": -27.680334892606794, 
        "accumulated_operating_revenue": 257411, 
        "long_term_average": 66864, 
        "date": "2014-04-30", 
        "operating_revenue": 69986, 
        "short_term_average": 64957
    }, 
    {
        "accumulated_operating_revenue_yoy": -26.007067293791508, 
        "accumulated_operating_revenue": 335242, 
        "long_term_average": 65255, 
        "date": "2014-05-31", 
        "operating_revenue": 77831, 
        "short_term_average": 73536
    }, 
    {
        "accumulated_operating_revenue_yoy": -21.058606444611627, 
        "accumulated_operating_revenue": 410275, 
        "long_term_average": 65954, 
        "date": "2014-06-30", 
        "operating_revenue": 75033, 
        "short_term_average": 74283
    }, 
    {
        "accumulated_operating_revenue_yoy": -18.891427985180208, 
        "accumulated_operating_revenue": 490161, 
        "long_term_average": 65560, 
        "date": "2014-07-31", 
        "operating_revenue": 79886, 
        "short_term_average": 77583
    }, 
    {
        "accumulated_operating_revenue_yoy": -16.31878897942603, 
        "accumulated_operating_revenue": 560316, 
        "long_term_average": 65968, 
        "date": "2014-08-31", 
        "operating_revenue": 70155, 
        "short_term_average": 75024
    }, 
    {
        "accumulated_operating_revenue_yoy": -10.892523377541357, 
        "accumulated_operating_revenue": 637883, 
        "long_term_average": 68576, 
        "date": "2014-09-30", 
        "operating_revenue": 77567, 
        "short_term_average": 75869
    }, 
    {
        "accumulated_operating_revenue_yoy": -7.537394827048925, 
        "accumulated_operating_revenue": 712110, 
        "long_term_average": 70237, 
        "date": "2014-10-31", 
        "operating_revenue": 74227, 
        "short_term_average": 73983
    }, 
    {
        "accumulated_operating_revenue_yoy": -4.783386254972809, 
        "accumulated_operating_revenue": 782652, 
        "long_term_average": 71798, 
        "date": "2014-11-30", 
        "operating_revenue": 70542, 
        "short_term_average": 74112
    }, 
    {
        "accumulated_operating_revenue_yoy": -5.155656492328731, 
        "accumulated_operating_revenue": 854447, 
        "long_term_average": 71203, 
        "date": "2014-12-31", 
        "operating_revenue": 71795, 
        "short_term_average": 72188
    }, 
    {
        "accumulated_operating_revenue_yoy": 23.269907259354014, 
        "accumulated_operating_revenue": 77093, 
        "long_term_average": 72416, 
        "date": "2015-01-31", 
        "operating_revenue": 77093, 
        "short_term_average": 73143
    }, 
    {
        "accumulated_operating_revenue_yoy": 10.522367227301277, 
        "accumulated_operating_revenue": 126694, 
        "long_term_average": 72209, 
        "date": "2015-02-28", 
        "operating_revenue": 49601, 
        "short_term_average": 66163
    }, 
    {
        "accumulated_operating_revenue_yoy": 14.90516206482593, 
        "accumulated_operating_revenue": 215361, 
        "long_term_average": 73531, 
        "date": "2015-03-31", 
        "operating_revenue": 88667, 
        "short_term_average": 71787
    }, 
    {
        "accumulated_operating_revenue_yoy": 11.521263660061146, 
        "accumulated_operating_revenue": 287068, 
        "long_term_average": 73675, 
        "date": "2015-04-30", 
        "operating_revenue": 71707, 
        "short_term_average": 69991
    }, 
    {
        "accumulated_operating_revenue_yoy": 8.551732778112529, 
        "accumulated_operating_revenue": 363911, 
        "long_term_average": 73593, 
        "date": "2015-05-31", 
        "operating_revenue": 76843, 
        "short_term_average": 79072
    }, 
    {
        "accumulated_operating_revenue_yoy": 35.89202364267869, 
        "accumulated_operating_revenue": 557531, 
        "long_term_average": 83475, 
        "date": "2015-06-30", 
        "operating_revenue": 193620, 
        "short_term_average": 114056
    }, 
    {
        "accumulated_operating_revenue_yoy": 46.856849076119886, 
        "accumulated_operating_revenue": 719835, 
        "long_term_average": 90343, 
        "date": "2015-07-31", 
        "operating_revenue": 162304, 
        "short_term_average": 144255
    }, 
    {
        "accumulated_operating_revenue_yoy": 56.49080161908637, 
        "accumulated_operating_revenue": 876843, 
        "long_term_average": 97581, 
        "date": "2015-08-31", 
        "operating_revenue": 157008, 
        "short_term_average": 170977
    }, 
    {
        "accumulated_operating_revenue_yoy": 62.84992702423485, 
        "accumulated_operating_revenue": 1038792, 
        "long_term_average": 104613, 
        "date": "2015-09-30", 
        "operating_revenue": 161949, 
        "short_term_average": 160420
    }
]