[
    {
        "date": "2012-01-31", 
        "operating_revenue": 4179, 
        "accumulated_operating_revenue": 4179, 
        "long_term_average": 4179, 
        "short_term_average": 4179
    }, 
    {
        "date": "2012-02-29", 
        "operating_revenue": 5540, 
        "accumulated_operating_revenue": 9719, 
        "long_term_average": 4859, 
        "short_term_average": 4859
    }, 
    {
        "date": "2012-03-31", 
        "operating_revenue": 12281, 
        "accumulated_operating_revenue": 22000, 
        "long_term_average": 7333, 
        "short_term_average": 7333
    }, 
    {
        "date": "2012-04-30", 
        "operating_revenue": 25223, 
        "accumulated_operating_revenue": 47223, 
        "long_term_average": 11805, 
        "short_term_average": 14348
    }, 
    {
        "date": "2012-05-31", 
        "operating_revenue": 6908, 
        "accumulated_operating_revenue": 54131, 
        "long_term_average": 10826, 
        "short_term_average": 14804
    }, 
    {
        "date": "2012-06-30", 
        "operating_revenue": 18558, 
        "accumulated_operating_revenue": 72689, 
        "long_term_average": 12114, 
        "short_term_average": 16896
    }, 
    {
        "date": "2012-07-31", 
        "operating_revenue": 8045, 
        "accumulated_operating_revenue": 80734, 
        "long_term_average": 11533, 
        "short_term_average": 11170
    }, 
    {
        "date": "2012-08-31", 
        "operating_revenue": 8666, 
        "accumulated_operating_revenue": 89400, 
        "long_term_average": 11175, 
        "short_term_average": 11756
    }, 
    {
        "date": "2012-09-30", 
        "operating_revenue": 17209, 
        "accumulated_operating_revenue": 106609, 
        "long_term_average": 11845, 
        "short_term_average": 11306
    }, 
    {
        "date": "2012-10-31", 
        "operating_revenue": 9122, 
        "accumulated_operating_revenue": 115731, 
        "long_term_average": 11573, 
        "short_term_average": 11665
    }, 
    {
        "date": "2012-11-30", 
        "operating_revenue": 13440, 
        "accumulated_operating_revenue": 129171, 
        "long_term_average": 11742, 
        "short_term_average": 13257
    }, 
    {
        "date": "2012-12-31", 
        "operating_revenue": 30048, 
        "accumulated_operating_revenue": 159219, 
        "long_term_average": 13268, 
        "short_term_average": 17536
    }, 
    {
        "accumulated_operating_revenue_yoy": 148.67193108399138, 
        "accumulated_operating_revenue": 10392, 
        "long_term_average": 13786, 
        "date": "2013-01-31", 
        "operating_revenue": 10392, 
        "short_term_average": 17960
    }, 
    {
        "accumulated_operating_revenue_yoy": 110.80358061528963, 
        "accumulated_operating_revenue": 20488, 
        "long_term_average": 14165, 
        "date": "2013-02-28", 
        "operating_revenue": 10096, 
        "short_term_average": 16845
    }, 
    {
        "accumulated_operating_revenue_yoy": 11.395454545454546, 
        "accumulated_operating_revenue": 24507, 
        "long_term_average": 13477, 
        "date": "2013-03-31", 
        "operating_revenue": 4019, 
        "short_term_average": 8169
    }, 
    {
        "accumulated_operating_revenue_yoy": -28.50729517396184, 
        "accumulated_operating_revenue": 33761, 
        "long_term_average": 12146, 
        "date": "2013-04-30", 
        "operating_revenue": 9254, 
        "short_term_average": 7789
    }, 
    {
        "accumulated_operating_revenue_yoy": -7.35807577912841, 
        "accumulated_operating_revenue": 50148, 
        "long_term_average": 12936, 
        "date": "2013-05-31", 
        "operating_revenue": 16387, 
        "short_term_average": 9886
    }, 
    {
        "accumulated_operating_revenue_yoy": -28.624688742450715, 
        "accumulated_operating_revenue": 51882, 
        "long_term_average": 11534, 
        "date": "2013-06-30", 
        "operating_revenue": 1734, 
        "short_term_average": 9125
    }, 
    {
        "accumulated_operating_revenue_yoy": -21.75415562216662, 
        "accumulated_operating_revenue": 63171, 
        "long_term_average": 11804, 
        "date": "2013-07-31", 
        "operating_revenue": 11289, 
        "short_term_average": 9803
    }, 
    {
        "accumulated_operating_revenue_yoy": -15.825503355704699, 
        "accumulated_operating_revenue": 75252, 
        "long_term_average": 12089, 
        "date": "2013-08-31", 
        "operating_revenue": 12081, 
        "short_term_average": 8368
    }, 
    {
        "accumulated_operating_revenue_yoy": -20.94476076128657, 
        "accumulated_operating_revenue": 84280, 
        "long_term_average": 11407, 
        "date": "2013-09-30", 
        "operating_revenue": 9028, 
        "short_term_average": 10799
    }, 
    {
        "accumulated_operating_revenue_yoy": -15.333834495511143, 
        "accumulated_operating_revenue": 97985, 
        "long_term_average": 11789, 
        "date": "2013-10-31", 
        "operating_revenue": 13705, 
        "short_term_average": 11604
    }, 
    {
        "accumulated_operating_revenue_yoy": -20.667177617267033, 
        "accumulated_operating_revenue": 102475, 
        "long_term_average": 11043, 
        "date": "2013-11-30", 
        "operating_revenue": 4490, 
        "short_term_average": 9074
    }, 
    {
        "accumulated_operating_revenue_yoy": -29.121524441178504, 
        "accumulated_operating_revenue": 112852, 
        "long_term_average": 9404, 
        "date": "2013-12-31", 
        "operating_revenue": 10377, 
        "short_term_average": 9524
    }, 
    {
        "accumulated_operating_revenue_yoy": 13.895304080061585, 
        "accumulated_operating_revenue": 11836, 
        "long_term_average": 9524, 
        "date": "2014-01-31", 
        "operating_revenue": 11836, 
        "short_term_average": 8901
    }, 
    {
        "accumulated_operating_revenue_yoy": 15.901991409605623, 
        "accumulated_operating_revenue": 23746, 
        "long_term_average": 9675, 
        "date": "2014-02-28", 
        "operating_revenue": 11910, 
        "short_term_average": 11374
    }, 
    {
        "accumulated_operating_revenue_yoy": 50.83445546170482, 
        "accumulated_operating_revenue": 36965, 
        "long_term_average": 10442, 
        "date": "2014-03-31", 
        "operating_revenue": 13219, 
        "short_term_average": 12321
    }, 
    {
        "accumulated_operating_revenue_yoy": 53.831343858298034, 
        "accumulated_operating_revenue": 51935, 
        "long_term_average": 10918, 
        "date": "2014-04-30", 
        "operating_revenue": 14970, 
        "short_term_average": 13366
    }, 
    {
        "accumulated_operating_revenue_yoy": 28.768844221105528, 
        "accumulated_operating_revenue": 64575, 
        "long_term_average": 10606, 
        "date": "2014-05-31", 
        "operating_revenue": 12640, 
        "short_term_average": 13609
    }, 
    {
        "accumulated_operating_revenue_yoy": 70.21703095485911, 
        "accumulated_operating_revenue": 88312, 
        "long_term_average": 12440, 
        "date": "2014-06-30", 
        "operating_revenue": 23737, 
        "short_term_average": 17115
    }, 
    {
        "accumulated_operating_revenue_yoy": 56.65257792341423, 
        "accumulated_operating_revenue": 98959, 
        "long_term_average": 12386, 
        "date": "2014-07-31", 
        "operating_revenue": 10647, 
        "short_term_average": 15674
    }, 
    {
        "accumulated_operating_revenue_yoy": 48.00802636474778, 
        "accumulated_operating_revenue": 111379, 
        "long_term_average": 12414, 
        "date": "2014-08-31", 
        "operating_revenue": 12420, 
        "short_term_average": 15601
    }, 
    {
        "accumulated_operating_revenue_yoy": 59.78998576174656, 
        "accumulated_operating_revenue": 134671, 
        "long_term_average": 13603, 
        "date": "2014-09-30", 
        "operating_revenue": 23292, 
        "short_term_average": 15453
    }, 
    {
        "accumulated_operating_revenue_yoy": 52.12532530489361, 
        "accumulated_operating_revenue": 149060, 
        "long_term_average": 13660, 
        "date": "2014-10-31", 
        "operating_revenue": 14389, 
        "short_term_average": 16700
    }, 
    {
        "accumulated_operating_revenue_yoy": 51.705293974140034, 
        "accumulated_operating_revenue": 155460, 
        "long_term_average": 13819, 
        "date": "2014-11-30", 
        "operating_revenue": 6400, 
        "short_term_average": 14693
    }, 
    {
        "accumulated_operating_revenue_yoy": 60.77694679757558, 
        "accumulated_operating_revenue": 181440, 
        "long_term_average": 15120, 
        "date": "2014-12-31", 
        "operating_revenue": 25980, 
        "short_term_average": 15589
    }, 
    {
        "accumulated_operating_revenue_yoy": -17.750929368029738, 
        "accumulated_operating_revenue": 9735, 
        "long_term_average": 14944, 
        "date": "2015-01-31", 
        "operating_revenue": 9735, 
        "short_term_average": 14038
    }, 
    {
        "accumulated_operating_revenue_yoy": -39.80880990482608, 
        "accumulated_operating_revenue": 14293, 
        "long_term_average": 14332, 
        "date": "2015-02-28", 
        "operating_revenue": 4558, 
        "short_term_average": 13424
    }, 
    {
        "accumulated_operating_revenue_yoy": 51.88962532124983, 
        "accumulated_operating_revenue": 56146, 
        "long_term_average": 16718, 
        "date": "2015-03-31", 
        "operating_revenue": 41853, 
        "short_term_average": 18715
    }, 
    {
        "accumulated_operating_revenue_yoy": 21.033984788678158, 
        "accumulated_operating_revenue": 62859, 
        "long_term_average": 16030, 
        "date": "2015-04-30", 
        "operating_revenue": 6713, 
        "short_term_average": 17708
    }, 
    {
        "accumulated_operating_revenue_yoy": 25.68486256291134, 
        "accumulated_operating_revenue": 81161, 
        "long_term_average": 16502, 
        "date": "2015-05-31", 
        "operating_revenue": 18302, 
        "short_term_average": 22289
    }, 
    {
        "accumulated_operating_revenue_yoy": 22.913080895008605, 
        "accumulated_operating_revenue": 108547, 
        "long_term_average": 16806, 
        "date": "2015-06-30", 
        "operating_revenue": 27386, 
        "short_term_average": 17467
    }, 
    {
        "accumulated_operating_revenue_yoy": 17.618407623359168, 
        "accumulated_operating_revenue": 116394, 
        "long_term_average": 16572, 
        "date": "2015-07-31", 
        "operating_revenue": 7847, 
        "short_term_average": 17845
    }, 
    {
        "accumulated_operating_revenue_yoy": 10.574704387721203, 
        "accumulated_operating_revenue": 123157, 
        "long_term_average": 16101, 
        "date": "2015-08-31", 
        "operating_revenue": 6763, 
        "short_term_average": 13998
    }
]