[
    {
        "date": "2011-09-30", 
        "operating_revenue": 279036, 
        "accumulated_operating_revenue": 279036, 
        "long_term_average": 279036, 
        "short_term_average": 279036
    }, 
    {
        "date": "2011-10-31", 
        "operating_revenue": 220981, 
        "accumulated_operating_revenue": 500017, 
        "long_term_average": 250008, 
        "short_term_average": 250008
    }, 
    {
        "date": "2011-11-30", 
        "operating_revenue": 316370, 
        "accumulated_operating_revenue": 816387, 
        "long_term_average": 272129, 
        "short_term_average": 272129
    }, 
    {
        "date": "2011-12-31", 
        "operating_revenue": 451479, 
        "accumulated_operating_revenue": 1267866, 
        "long_term_average": 316966, 
        "short_term_average": 329610
    }, 
    {
        "date": "2012-01-31", 
        "operating_revenue": 187079, 
        "accumulated_operating_revenue": 187079, 
        "long_term_average": 290989, 
        "short_term_average": 318309
    }, 
    {
        "date": "2012-02-29", 
        "operating_revenue": 197837, 
        "accumulated_operating_revenue": 384916, 
        "long_term_average": 275463, 
        "short_term_average": 278798
    }, 
    {
        "date": "2012-03-31", 
        "operating_revenue": 308928, 
        "accumulated_operating_revenue": 693844, 
        "long_term_average": 280244, 
        "short_term_average": 231281
    }, 
    {
        "date": "2012-04-30", 
        "operating_revenue": 250372, 
        "accumulated_operating_revenue": 944216, 
        "long_term_average": 276510, 
        "short_term_average": 252379
    }, 
    {
        "date": "2012-05-31", 
        "operating_revenue": 288217, 
        "accumulated_operating_revenue": 1232433, 
        "long_term_average": 277811, 
        "short_term_average": 282505
    }, 
    {
        "date": "2012-06-30", 
        "operating_revenue": 254150, 
        "accumulated_operating_revenue": 1486583, 
        "long_term_average": 275444, 
        "short_term_average": 264246
    }, 
    {
        "date": "2012-07-31", 
        "operating_revenue": 355615, 
        "accumulated_operating_revenue": 1842198, 
        "long_term_average": 282733, 
        "short_term_average": 299327
    }, 
    {
        "date": "2012-08-31", 
        "operating_revenue": 206284, 
        "accumulated_operating_revenue": 2048482, 
        "long_term_average": 276362, 
        "short_term_average": 272016
    }, 
    {
        "accumulated_operating_revenue_yoy": 770.4744190713743, 
        "accumulated_operating_revenue": 2428937, 
        "long_term_average": 284813, 
        "date": "2012-09-30", 
        "operating_revenue": 380455, 
        "short_term_average": 314118
    }, 
    {
        "accumulated_operating_revenue_yoy": 444.8052766205949, 
        "accumulated_operating_revenue": 2724119, 
        "long_term_average": 290997, 
        "date": "2012-10-31", 
        "operating_revenue": 295182, 
        "short_term_average": 293973
    }, 
    {
        "accumulated_operating_revenue_yoy": 268.9363010435002, 
        "accumulated_operating_revenue": 3011948, 
        "long_term_average": 288618, 
        "date": "2012-11-30", 
        "operating_revenue": 287829, 
        "short_term_average": 321155
    }, 
    {
        "accumulated_operating_revenue_yoy": 185.85954667133592, 
        "accumulated_operating_revenue": 3624316, 
        "long_term_average": 302026, 
        "date": "2012-12-31", 
        "operating_revenue": 612368, 
        "short_term_average": 398459
    }, 
    {
        "accumulated_operating_revenue_yoy": 57.695946632171434, 
        "accumulated_operating_revenue": 295016, 
        "long_term_average": 311021, 
        "date": "2013-01-31", 
        "operating_revenue": 295016, 
        "short_term_average": 398404
    }, 
    {
        "accumulated_operating_revenue_yoy": 32.662970622161716, 
        "accumulated_operating_revenue": 510641, 
        "long_term_average": 312503, 
        "date": "2013-02-28", 
        "operating_revenue": 215625, 
        "short_term_average": 374336
    }, 
    {
        "accumulated_operating_revenue_yoy": 11.633883120701483, 
        "accumulated_operating_revenue": 774565, 
        "long_term_average": 308753, 
        "date": "2013-03-31", 
        "operating_revenue": 263924, 
        "short_term_average": 258188
    }, 
    {
        "accumulated_operating_revenue_yoy": 7.462381488981334, 
        "accumulated_operating_revenue": 1014677, 
        "long_term_average": 307898, 
        "date": "2013-04-30", 
        "operating_revenue": 240112, 
        "short_term_average": 239887
    }, 
    {
        "accumulated_operating_revenue_yoy": -0.5170260776853589, 
        "accumulated_operating_revenue": 1226061, 
        "long_term_average": 301495, 
        "date": "2013-05-31", 
        "operating_revenue": 211384, 
        "short_term_average": 238473
    }, 
    {
        "accumulated_operating_revenue_yoy": 2.0821575384623663, 
        "accumulated_operating_revenue": 1517536, 
        "long_term_average": 304605, 
        "date": "2013-06-30", 
        "operating_revenue": 291475, 
        "short_term_average": 247657
    }, 
    {
        "accumulated_operating_revenue_yoy": -5.025626995578109, 
        "accumulated_operating_revenue": 1749616, 
        "long_term_average": 294311, 
        "date": "2013-07-31", 
        "operating_revenue": 232080, 
        "short_term_average": 244979
    }, 
    {
        "accumulated_operating_revenue_yoy": -0.8096239068734798, 
        "accumulated_operating_revenue": 2031897, 
        "long_term_average": 300644, 
        "date": "2013-08-31", 
        "operating_revenue": 282281, 
        "short_term_average": 268612
    }, 
    {
        "accumulated_operating_revenue_yoy": -4.1017119834726055, 
        "accumulated_operating_revenue": 2329309, 
        "long_term_average": 293724, 
        "date": "2013-09-30", 
        "operating_revenue": 297412, 
        "short_term_average": 270591
    }, 
    {
        "accumulated_operating_revenue_yoy": -1.5643589725705813, 
        "accumulated_operating_revenue": 2681504, 
        "long_term_average": 298475, 
        "date": "2013-10-31", 
        "operating_revenue": 352195, 
        "short_term_average": 310629
    }, 
    {
        "accumulated_operating_revenue_yoy": -1.0923827370193642, 
        "accumulated_operating_revenue": 2979046, 
        "long_term_average": 299284, 
        "date": "2013-11-30", 
        "operating_revenue": 297542, 
        "short_term_average": 315716
    }, 
    {
        "accumulated_operating_revenue_yoy": -0.0479262845734202, 
        "accumulated_operating_revenue": 3622579, 
        "long_term_average": 301881, 
        "date": "2013-12-31", 
        "operating_revenue": 643533, 
        "short_term_average": 431090
    }, 
    {
        "accumulated_operating_revenue_yoy": -13.581975214903599, 
        "accumulated_operating_revenue": 254947, 
        "long_term_average": 298542, 
        "date": "2014-01-31", 
        "operating_revenue": 254947, 
        "short_term_average": 398674
    }, 
    {
        "accumulated_operating_revenue_yoy": -3.915470947299571, 
        "accumulated_operating_revenue": 490647, 
        "long_term_average": 300215, 
        "date": "2014-02-28", 
        "operating_revenue": 235700, 
        "short_term_average": 378060
    }, 
    {
        "accumulated_operating_revenue_yoy": -0.21947802960371304, 
        "accumulated_operating_revenue": 772865, 
        "long_term_average": 301739, 
        "date": "2014-03-31", 
        "operating_revenue": 282218, 
        "short_term_average": 257621
    }, 
    {
        "accumulated_operating_revenue_yoy": -1.6229795294463163, 
        "accumulated_operating_revenue": 998209, 
        "long_term_average": 300509, 
        "date": "2014-04-30", 
        "operating_revenue": 225344, 
        "short_term_average": 247754
    }, 
    {
        "accumulated_operating_revenue_yoy": 0.6907486658494153, 
        "accumulated_operating_revenue": 1234530, 
        "long_term_average": 302587, 
        "date": "2014-05-31", 
        "operating_revenue": 236321, 
        "short_term_average": 247961
    }, 
    {
        "accumulated_operating_revenue_yoy": 2.4044240136642556, 
        "accumulated_operating_revenue": 1554024, 
        "long_term_average": 304922, 
        "date": "2014-06-30", 
        "operating_revenue": 319494, 
        "short_term_average": 260386
    }, 
    {
        "accumulated_operating_revenue_yoy": 6.988562061618092, 
        "accumulated_operating_revenue": 1871889, 
        "long_term_average": 312071, 
        "date": "2014-07-31", 
        "operating_revenue": 317865, 
        "short_term_average": 291226
    }, 
    {
        "accumulated_operating_revenue_yoy": 3.4753730134942864, 
        "accumulated_operating_revenue": 2102513, 
        "long_term_average": 307766, 
        "date": "2014-08-31", 
        "operating_revenue": 230624, 
        "short_term_average": 289327
    }, 
    {
        "accumulated_operating_revenue_yoy": 2.717415336479617, 
        "accumulated_operating_revenue": 2392606, 
        "long_term_average": 307156, 
        "date": "2014-09-30", 
        "operating_revenue": 290093, 
        "short_term_average": 279527
    }, 
    {
        "accumulated_operating_revenue_yoy": -0.6496727209804647, 
        "accumulated_operating_revenue": 2664083, 
        "long_term_average": 300429, 
        "date": "2014-10-31", 
        "operating_revenue": 271477, 
        "short_term_average": 264064
    }, 
    {
        "accumulated_operating_revenue_yoy": 1.7144750366392463, 
        "accumulated_operating_revenue": 3030121, 
        "long_term_average": 306137, 
        "date": "2014-11-30", 
        "operating_revenue": 366038, 
        "short_term_average": 309202
    }, 
    {
        "accumulated_operating_revenue_yoy": 1.507213507283071, 
        "accumulated_operating_revenue": 3677179, 
        "long_term_average": 306431, 
        "date": "2014-12-31", 
        "operating_revenue": 647058, 
        "short_term_average": 428191
    }, 
    {
        "accumulated_operating_revenue_yoy": 13.829148803476802, 
        "accumulated_operating_revenue": 290204, 
        "long_term_average": 309369, 
        "date": "2015-01-31", 
        "operating_revenue": 290204, 
        "short_term_average": 434433
    }, 
    {
        "accumulated_operating_revenue_yoy": 3.351493028592858, 
        "accumulated_operating_revenue": 507091, 
        "long_term_average": 307801, 
        "date": "2015-02-28", 
        "operating_revenue": 216887, 
        "short_term_average": 384716
    }, 
    {
        "accumulated_operating_revenue_yoy": 5.90594735173672, 
        "accumulated_operating_revenue": 818510, 
        "long_term_average": 310235, 
        "date": "2015-03-31", 
        "operating_revenue": 311419, 
        "short_term_average": 272836
    }, 
    {
        "accumulated_operating_revenue_yoy": 9.843028864696672, 
        "accumulated_operating_revenue": 1096463, 
        "long_term_average": 314619, 
        "date": "2015-04-30", 
        "operating_revenue": 277953, 
        "short_term_average": 268753
    }, 
    {
        "accumulated_operating_revenue_yoy": 30.00380711687849, 
        "accumulated_operating_revenue": 1604936, 
        "long_term_average": 337298, 
        "date": "2015-05-31", 
        "operating_revenue": 508473, 
        "short_term_average": 365948
    }, 
    {
        "accumulated_operating_revenue_yoy": 25.87128641513902, 
        "accumulated_operating_revenue": 1956070, 
        "long_term_average": 339935, 
        "date": "2015-06-30", 
        "operating_revenue": 351134, 
        "short_term_average": 379186
    }, 
    {
        "accumulated_operating_revenue_yoy": 41.82219137993759, 
        "accumulated_operating_revenue": 2654754, 
        "long_term_average": 371670, 
        "date": "2015-07-31", 
        "operating_revenue": 698684, 
        "short_term_average": 519430
    }, 
    {
        "accumulated_operating_revenue_yoy": 42.89200589960681, 
        "accumulated_operating_revenue": 3004323, 
        "long_term_average": 381582, 
        "date": "2015-08-31", 
        "operating_revenue": 349569, 
        "short_term_average": 466462
    }
]