[
    {
        "date": "2012-01-31", 
        "operating_revenue": 100463, 
        "accumulated_operating_revenue": 100463, 
        "long_term_average": 100463, 
        "short_term_average": 100463
    }, 
    {
        "date": "2012-02-29", 
        "operating_revenue": 120785, 
        "accumulated_operating_revenue": 221248, 
        "long_term_average": 110624, 
        "short_term_average": 110624
    }, 
    {
        "date": "2012-03-31", 
        "operating_revenue": 142576, 
        "accumulated_operating_revenue": 363824, 
        "long_term_average": 121274, 
        "short_term_average": 121274
    }, 
    {
        "date": "2012-04-30", 
        "operating_revenue": 158714, 
        "accumulated_operating_revenue": 522538, 
        "long_term_average": 130634, 
        "short_term_average": 140691
    }, 
    {
        "date": "2012-05-31", 
        "operating_revenue": 152298, 
        "accumulated_operating_revenue": 674836, 
        "long_term_average": 134967, 
        "short_term_average": 151196
    }, 
    {
        "date": "2012-06-30", 
        "operating_revenue": 129917, 
        "accumulated_operating_revenue": 804753, 
        "long_term_average": 134125, 
        "short_term_average": 146976
    }, 
    {
        "date": "2012-07-31", 
        "operating_revenue": 94782, 
        "accumulated_operating_revenue": 899535, 
        "long_term_average": 128505, 
        "short_term_average": 125665
    }, 
    {
        "date": "2012-08-31", 
        "operating_revenue": 85237, 
        "accumulated_operating_revenue": 984772, 
        "long_term_average": 123096, 
        "short_term_average": 103312
    }, 
    {
        "date": "2012-09-30", 
        "operating_revenue": 125964, 
        "accumulated_operating_revenue": 1110736, 
        "long_term_average": 123415, 
        "short_term_average": 101994
    }, 
    {
        "date": "2012-10-31", 
        "operating_revenue": 120713, 
        "accumulated_operating_revenue": 1231449, 
        "long_term_average": 123144, 
        "short_term_average": 110638
    }, 
    {
        "date": "2012-11-30", 
        "operating_revenue": 109587, 
        "accumulated_operating_revenue": 1341036, 
        "long_term_average": 121912, 
        "short_term_average": 118754
    }, 
    {
        "date": "2012-12-31", 
        "operating_revenue": 144804, 
        "accumulated_operating_revenue": 1485840, 
        "long_term_average": 123820, 
        "short_term_average": 125034
    }, 
    {
        "accumulated_operating_revenue_yoy": 31.777868468988586, 
        "accumulated_operating_revenue": 132388, 
        "long_term_average": 126480, 
        "date": "2013-01-31", 
        "operating_revenue": 132388, 
        "short_term_average": 128926
    }, 
    {
        "accumulated_operating_revenue_yoy": 6.530680503326584, 
        "accumulated_operating_revenue": 235697, 
        "long_term_average": 125024, 
        "date": "2013-02-28", 
        "operating_revenue": 103309, 
        "short_term_average": 126833
    }, 
    {
        "accumulated_operating_revenue_yoy": 9.97212938123928, 
        "accumulated_operating_revenue": 400105, 
        "long_term_average": 126843, 
        "date": "2013-03-31", 
        "operating_revenue": 164408, 
        "short_term_average": 133368
    }, 
    {
        "accumulated_operating_revenue_yoy": 8.472302492833057, 
        "accumulated_operating_revenue": 566809, 
        "long_term_average": 127509, 
        "date": "2013-04-30", 
        "operating_revenue": 166704, 
        "short_term_average": 144807
    }, 
    {
        "accumulated_operating_revenue_yoy": 9.843428625621632, 
        "accumulated_operating_revenue": 741263, 
        "long_term_average": 129355, 
        "date": "2013-05-31", 
        "operating_revenue": 174454, 
        "short_term_average": 168522
    }, 
    {
        "accumulated_operating_revenue_yoy": 15.114948313333407, 
        "accumulated_operating_revenue": 926391, 
        "long_term_average": 133956, 
        "date": "2013-06-30", 
        "operating_revenue": 185128, 
        "short_term_average": 175428
    }, 
    {
        "accumulated_operating_revenue_yoy": 22.88126643210103, 
        "accumulated_operating_revenue": 1105360, 
        "long_term_average": 140972, 
        "date": "2013-07-31", 
        "operating_revenue": 178969, 
        "short_term_average": 179517
    }, 
    {
        "accumulated_operating_revenue_yoy": 30.359717782390238, 
        "accumulated_operating_revenue": 1283746, 
        "long_term_average": 148734, 
        "date": "2013-08-31", 
        "operating_revenue": 178386, 
        "short_term_average": 180827
    }, 
    {
        "accumulated_operating_revenue_yoy": 31.462831852033247, 
        "accumulated_operating_revenue": 1460205, 
        "long_term_average": 152942, 
        "date": "2013-09-30", 
        "operating_revenue": 176459, 
        "short_term_average": 177938
    }, 
    {
        "accumulated_operating_revenue_yoy": 33.948381134744515, 
        "accumulated_operating_revenue": 1649506, 
        "long_term_average": 158658, 
        "date": "2013-10-31", 
        "operating_revenue": 189301, 
        "short_term_average": 181382
    }, 
    {
        "accumulated_operating_revenue_yoy": 36.536826751854534, 
        "accumulated_operating_revenue": 1831008, 
        "long_term_average": 164651, 
        "date": "2013-11-30", 
        "operating_revenue": 181502, 
        "short_term_average": 182420
    }, 
    {
        "accumulated_operating_revenue_yoy": 35.947814031120444, 
        "accumulated_operating_revenue": 2019967, 
        "long_term_average": 168330, 
        "date": "2013-12-31", 
        "operating_revenue": 188959, 
        "short_term_average": 186587
    }, 
    {
        "accumulated_operating_revenue_yoy": 23.635828020666523, 
        "accumulated_operating_revenue": 163679, 
        "long_term_average": 170938, 
        "date": "2014-01-31", 
        "operating_revenue": 163679, 
        "short_term_average": 178046
    }, 
    {
        "accumulated_operating_revenue_yoy": 52.70538021273076, 
        "accumulated_operating_revenue": 359922, 
        "long_term_average": 178682, 
        "date": "2014-02-28", 
        "operating_revenue": 196243, 
        "short_term_average": 182960
    }, 
    {
        "accumulated_operating_revenue_yoy": 39.621349395783604, 
        "accumulated_operating_revenue": 558632, 
        "long_term_average": 181541, 
        "date": "2014-03-31", 
        "operating_revenue": 198710, 
        "short_term_average": 186210
    }, 
    {
        "accumulated_operating_revenue_yoy": 29.732061417514544, 
        "accumulated_operating_revenue": 735333, 
        "long_term_average": 182374, 
        "date": "2014-04-30", 
        "operating_revenue": 176701, 
        "short_term_average": 190551
    }, 
    {
        "accumulated_operating_revenue_yoy": 22.363452647710734, 
        "accumulated_operating_revenue": 907035, 
        "long_term_average": 182144, 
        "date": "2014-05-31", 
        "operating_revenue": 171702, 
        "short_term_average": 182371
    }, 
    {
        "accumulated_operating_revenue_yoy": 12.071576688460919, 
        "accumulated_operating_revenue": 1038221, 
        "long_term_average": 177649, 
        "date": "2014-06-30", 
        "operating_revenue": 131186, 
        "short_term_average": 159863
    }, 
    {
        "accumulated_operating_revenue_yoy": 9.88818122602591, 
        "accumulated_operating_revenue": 1214660, 
        "long_term_average": 177438, 
        "date": "2014-07-31", 
        "operating_revenue": 176439, 
        "short_term_average": 159775
    }, 
    {
        "accumulated_operating_revenue_yoy": 8.065458431808162, 
        "accumulated_operating_revenue": 1387286, 
        "long_term_average": 176958, 
        "date": "2014-08-31", 
        "operating_revenue": 172626, 
        "short_term_average": 160083
    }, 
    {
        "accumulated_operating_revenue_yoy": 6.119003838502128, 
        "accumulated_operating_revenue": 1549555, 
        "long_term_average": 175776, 
        "date": "2014-09-30", 
        "operating_revenue": 162269, 
        "short_term_average": 170444
    }, 
    {
        "accumulated_operating_revenue_yoy": 4.480189826529882, 
        "accumulated_operating_revenue": 1723407, 
        "long_term_average": 174489, 
        "date": "2014-10-31", 
        "operating_revenue": 173852, 
        "short_term_average": 169582
    }, 
    {
        "accumulated_operating_revenue_yoy": 3.7264173613659803, 
        "accumulated_operating_revenue": 1899239, 
        "long_term_average": 174016, 
        "date": "2014-11-30", 
        "operating_revenue": 175832, 
        "short_term_average": 170651
    }, 
    {
        "accumulated_operating_revenue_yoy": 3.9333810898890924, 
        "accumulated_operating_revenue": 2099420, 
        "long_term_average": 174951, 
        "date": "2014-12-31", 
        "operating_revenue": 200181, 
        "short_term_average": 183288
    }, 
    {
        "accumulated_operating_revenue_yoy": 11.740663127218518, 
        "accumulated_operating_revenue": 182896, 
        "long_term_average": 176553, 
        "date": "2015-01-31", 
        "operating_revenue": 182896, 
        "short_term_average": 186303
    }, 
    {
        "accumulated_operating_revenue_yoy": -5.27114208078417, 
        "accumulated_operating_revenue": 340950, 
        "long_term_average": 173370, 
        "date": "2015-02-28", 
        "operating_revenue": 158054, 
        "short_term_average": 180377
    }, 
    {
        "accumulated_operating_revenue_yoy": -0.5133970127024589, 
        "accumulated_operating_revenue": 555764, 
        "long_term_average": 174712, 
        "date": "2015-03-31", 
        "operating_revenue": 214814, 
        "short_term_average": 185254
    }, 
    {
        "accumulated_operating_revenue_yoy": 0.20045340002420672, 
        "accumulated_operating_revenue": 736807, 
        "long_term_average": 175074, 
        "date": "2015-04-30", 
        "operating_revenue": 181043, 
        "short_term_average": 184637
    }, 
    {
        "accumulated_operating_revenue_yoy": -0.767004580859614, 
        "accumulated_operating_revenue": 900078, 
        "long_term_average": 174371, 
        "date": "2015-05-31", 
        "operating_revenue": 163271, 
        "short_term_average": 186376
    }, 
    {
        "accumulated_operating_revenue_yoy": 3.7496833525810014, 
        "accumulated_operating_revenue": 1077151, 
        "long_term_average": 178195, 
        "date": "2015-06-30", 
        "operating_revenue": 177073, 
        "short_term_average": 173795
    }, 
    {
        "accumulated_operating_revenue_yoy": 2.411209721238865, 
        "accumulated_operating_revenue": 1243948, 
        "long_term_average": 177392, 
        "date": "2015-07-31", 
        "operating_revenue": 166797, 
        "short_term_average": 169047
    }, 
    {
        "accumulated_operating_revenue_yoy": 1.3837809939695203, 
        "accumulated_operating_revenue": 1406483, 
        "long_term_average": 176551, 
        "date": "2015-08-31", 
        "operating_revenue": 162535, 
        "short_term_average": 168801
    }
]