[
    {
        "date": "2012-01-31", 
        "operating_revenue": 197521, 
        "accumulated_operating_revenue": 197521, 
        "long_term_average": 197521, 
        "short_term_average": 197521
    }, 
    {
        "date": "2012-02-29", 
        "operating_revenue": 215255, 
        "accumulated_operating_revenue": 412776, 
        "long_term_average": 206388, 
        "short_term_average": 206388
    }, 
    {
        "date": "2012-03-31", 
        "operating_revenue": 254618, 
        "accumulated_operating_revenue": 667394, 
        "long_term_average": 222464, 
        "short_term_average": 222464
    }, 
    {
        "date": "2012-04-30", 
        "operating_revenue": 210143, 
        "accumulated_operating_revenue": 877537, 
        "long_term_average": 219384, 
        "short_term_average": 226672
    }, 
    {
        "date": "2012-05-31", 
        "operating_revenue": 229727, 
        "accumulated_operating_revenue": 1107264, 
        "long_term_average": 221452, 
        "short_term_average": 231496
    }, 
    {
        "date": "2012-06-30", 
        "operating_revenue": 303444, 
        "accumulated_operating_revenue": 1410708, 
        "long_term_average": 235118, 
        "short_term_average": 247771
    }, 
    {
        "date": "2012-07-31", 
        "operating_revenue": 217165, 
        "accumulated_operating_revenue": 1627873, 
        "long_term_average": 232553, 
        "short_term_average": 250112
    }, 
    {
        "date": "2012-08-31", 
        "operating_revenue": 235244, 
        "accumulated_operating_revenue": 1863117, 
        "long_term_average": 232889, 
        "short_term_average": 251951
    }, 
    {
        "date": "2012-09-30", 
        "operating_revenue": 257831, 
        "accumulated_operating_revenue": 2120948, 
        "long_term_average": 235660, 
        "short_term_average": 236746
    }, 
    {
        "date": "2012-10-31", 
        "operating_revenue": 173591, 
        "accumulated_operating_revenue": 2294539, 
        "long_term_average": 229453, 
        "short_term_average": 222222
    }, 
    {
        "date": "2012-11-30", 
        "operating_revenue": 159907, 
        "accumulated_operating_revenue": 2454446, 
        "long_term_average": 223131, 
        "short_term_average": 197109
    }, 
    {
        "date": "2012-12-31", 
        "operating_revenue": 167255, 
        "accumulated_operating_revenue": 2621701, 
        "long_term_average": 218475, 
        "short_term_average": 166917
    }, 
    {
        "accumulated_operating_revenue_yoy": -19.262255658891966, 
        "accumulated_operating_revenue": 159474, 
        "long_term_average": 215304, 
        "date": "2013-01-31", 
        "operating_revenue": 159474, 
        "short_term_average": 162212
    }, 
    {
        "accumulated_operating_revenue_yoy": -28.28919317014555, 
        "accumulated_operating_revenue": 296005, 
        "long_term_average": 208744, 
        "date": "2013-02-28", 
        "operating_revenue": 136531, 
        "short_term_average": 154420
    }, 
    {
        "accumulated_operating_revenue_yoy": -28.466543001585272, 
        "accumulated_operating_revenue": 477410, 
        "long_term_average": 202643, 
        "date": "2013-03-31", 
        "operating_revenue": 181405, 
        "short_term_average": 159136
    }, 
    {
        "accumulated_operating_revenue_yoy": -30.634035943783566, 
        "accumulated_operating_revenue": 608712, 
        "long_term_average": 196073, 
        "date": "2013-04-30", 
        "operating_revenue": 131302, 
        "short_term_average": 149746
    }, 
    {
        "accumulated_operating_revenue_yoy": -24.191069157852148, 
        "accumulated_operating_revenue": 839405, 
        "long_term_average": 196153, 
        "date": "2013-05-31", 
        "operating_revenue": 230693, 
        "short_term_average": 181133
    }, 
    {
        "accumulated_operating_revenue_yoy": -29.121972796638286, 
        "accumulated_operating_revenue": 999882, 
        "long_term_average": 184239, 
        "date": "2013-06-30", 
        "operating_revenue": 160477, 
        "short_term_average": 174157
    }, 
    {
        "accumulated_operating_revenue_yoy": -25.696169172902312, 
        "accumulated_operating_revenue": 1209572, 
        "long_term_average": 183616, 
        "date": "2013-07-31", 
        "operating_revenue": 209690, 
        "short_term_average": 200286
    }, 
    {
        "accumulated_operating_revenue_yoy": -26.52211321135495, 
        "accumulated_operating_revenue": 1368979, 
        "long_term_average": 177296, 
        "date": "2013-08-31", 
        "operating_revenue": 159407, 
        "short_term_average": 176524
    }, 
    {
        "accumulated_operating_revenue_yoy": -26.054952785263946, 
        "accumulated_operating_revenue": 1568336, 
        "long_term_average": 172424, 
        "date": "2013-09-30", 
        "operating_revenue": 199357, 
        "short_term_average": 189484
    }, 
    {
        "accumulated_operating_revenue_yoy": -21.850227867122765, 
        "accumulated_operating_revenue": 1793177, 
        "long_term_average": 176694, 
        "date": "2013-10-31", 
        "operating_revenue": 224841, 
        "short_term_average": 194535
    }, 
    {
        "accumulated_operating_revenue_yoy": -20.068968720436303, 
        "accumulated_operating_revenue": 1961864, 
        "long_term_average": 177426, 
        "date": "2013-11-30", 
        "operating_revenue": 168687, 
        "short_term_average": 197628
    }, 
    {
        "accumulated_operating_revenue_yoy": -12.322953685412639, 
        "accumulated_operating_revenue": 2298630, 
        "long_term_average": 191552, 
        "date": "2013-12-31", 
        "operating_revenue": 336766, 
        "short_term_average": 243431
    }, 
    {
        "accumulated_operating_revenue_yoy": 8.855989064048057, 
        "accumulated_operating_revenue": 173597, 
        "long_term_average": 192729, 
        "date": "2014-01-31", 
        "operating_revenue": 173597, 
        "short_term_average": 226350
    }, 
    {
        "accumulated_operating_revenue_yoy": 17.24227631290012, 
        "accumulated_operating_revenue": 347043, 
        "long_term_average": 195805, 
        "date": "2014-02-28", 
        "operating_revenue": 173446, 
        "short_term_average": 227936
    }, 
    {
        "accumulated_operating_revenue_yoy": 16.86537776753734, 
        "accumulated_operating_revenue": 557927, 
        "long_term_average": 198262, 
        "date": "2014-03-31", 
        "operating_revenue": 210884, 
        "short_term_average": 185975
    }, 
    {
        "accumulated_operating_revenue_yoy": 20.794234383419415, 
        "accumulated_operating_revenue": 735289, 
        "long_term_average": 202100, 
        "date": "2014-04-30", 
        "operating_revenue": 177362, 
        "short_term_average": 187230
    }, 
    {
        "accumulated_operating_revenue_yoy": 14.064367021878594, 
        "accumulated_operating_revenue": 957462, 
        "long_term_average": 201390, 
        "date": "2014-05-31", 
        "operating_revenue": 222173, 
        "short_term_average": 203473
    }, 
    {
        "accumulated_operating_revenue_yoy": 19.741229465076877, 
        "accumulated_operating_revenue": 1197271, 
        "long_term_average": 208001, 
        "date": "2014-06-30", 
        "operating_revenue": 239809, 
        "short_term_average": 213114
    }, 
    {
        "accumulated_operating_revenue_yoy": 14.405426051528972, 
        "accumulated_operating_revenue": 1383816, 
        "long_term_average": 206072, 
        "date": "2014-07-31", 
        "operating_revenue": 186545, 
        "short_term_average": 216175
    }, 
    {
        "accumulated_operating_revenue_yoy": 15.737860113266894, 
        "accumulated_operating_revenue": 1584427, 
        "long_term_average": 209506, 
        "date": "2014-08-31", 
        "operating_revenue": 200611, 
        "short_term_average": 208988
    }, 
    {
        "accumulated_operating_revenue_yoy": 16.52037573581171, 
        "accumulated_operating_revenue": 1827431, 
        "long_term_average": 213143, 
        "date": "2014-09-30", 
        "operating_revenue": 243004, 
        "short_term_average": 210053
    }, 
    {
        "accumulated_operating_revenue_yoy": 13.839682306877682, 
        "accumulated_operating_revenue": 2041347, 
        "long_term_average": 212233, 
        "date": "2014-10-31", 
        "operating_revenue": 213916, 
        "short_term_average": 219177
    }, 
    {
        "accumulated_operating_revenue_yoy": 13.004010471673876, 
        "accumulated_operating_revenue": 2216985, 
        "long_term_average": 212812, 
        "date": "2014-11-30", 
        "operating_revenue": 175638, 
        "short_term_average": 210852
    }, 
    {
        "accumulated_operating_revenue_yoy": 7.601136329030771, 
        "accumulated_operating_revenue": 2473352, 
        "long_term_average": 206112, 
        "date": "2014-12-31", 
        "operating_revenue": 256367, 
        "short_term_average": 215307
    }, 
    {
        "accumulated_operating_revenue_yoy": -10.663202705115872, 
        "accumulated_operating_revenue": 155086, 
        "long_term_average": 204570, 
        "date": "2015-01-31", 
        "operating_revenue": 155086, 
        "short_term_average": 195697
    }, 
    {
        "accumulated_operating_revenue_yoy": -15.194947023855834, 
        "accumulated_operating_revenue": 294310, 
        "long_term_average": 201718, 
        "date": "2015-02-28", 
        "operating_revenue": 139224, 
        "short_term_average": 183559
    }, 
    {
        "accumulated_operating_revenue_yoy": 9.301037590939316, 
        "accumulated_operating_revenue": 609820, 
        "long_term_average": 210437, 
        "date": "2015-03-31", 
        "operating_revenue": 315510, 
        "short_term_average": 203273
    }, 
    {
        "accumulated_operating_revenue_yoy": 8.634564096566113, 
        "accumulated_operating_revenue": 798778, 
        "long_term_average": 211403, 
        "date": "2015-04-30", 
        "operating_revenue": 188958, 
        "short_term_average": 214564
    }, 
    {
        "accumulated_operating_revenue_yoy": 1.1960787999941511, 
        "accumulated_operating_revenue": 968914, 
        "long_term_average": 207067, 
        "date": "2015-05-31", 
        "operating_revenue": 170136, 
        "short_term_average": 224868
    }, 
    {
        "accumulated_operating_revenue_yoy": -0.32724420786939634, 
        "accumulated_operating_revenue": 1193353, 
        "long_term_average": 205786, 
        "date": "2015-06-30", 
        "operating_revenue": 224439, 
        "short_term_average": 194511
    }, 
    {
        "accumulated_operating_revenue_yoy": -2.704478051995352, 
        "accumulated_operating_revenue": 1346391, 
        "long_term_average": 202993, 
        "date": "2015-07-31", 
        "operating_revenue": 153038, 
        "short_term_average": 182537
    }, 
    {
        "accumulated_operating_revenue_yoy": -2.2138602788263517, 
        "accumulated_operating_revenue": 1549350, 
        "long_term_average": 203189, 
        "date": "2015-08-31", 
        "operating_revenue": 202959, 
        "short_term_average": 193478
    }
]