[
    {
        "date": "2012-01-31", 
        "operating_revenue": 133482, 
        "accumulated_operating_revenue": 133482, 
        "long_term_average": 133482, 
        "short_term_average": 133482
    }, 
    {
        "date": "2012-02-29", 
        "operating_revenue": 93458, 
        "accumulated_operating_revenue": 226940, 
        "long_term_average": 113470, 
        "short_term_average": 113470
    }, 
    {
        "date": "2012-03-31", 
        "operating_revenue": 211460, 
        "accumulated_operating_revenue": 438400, 
        "long_term_average": 146133, 
        "short_term_average": 146133
    }, 
    {
        "date": "2012-04-30", 
        "operating_revenue": 140890, 
        "accumulated_operating_revenue": 579290, 
        "long_term_average": 144822, 
        "short_term_average": 148602
    }, 
    {
        "date": "2012-05-31", 
        "operating_revenue": 119365, 
        "accumulated_operating_revenue": 698655, 
        "long_term_average": 139731, 
        "short_term_average": 157238
    }, 
    {
        "date": "2012-06-30", 
        "operating_revenue": 75791, 
        "accumulated_operating_revenue": 774446, 
        "long_term_average": 129074, 
        "short_term_average": 112015
    }, 
    {
        "date": "2012-07-31", 
        "operating_revenue": 168624, 
        "accumulated_operating_revenue": 943070, 
        "long_term_average": 134724, 
        "short_term_average": 121260
    }, 
    {
        "date": "2012-08-31", 
        "operating_revenue": 194918, 
        "accumulated_operating_revenue": 1137988, 
        "long_term_average": 142248, 
        "short_term_average": 146444
    }, 
    {
        "date": "2012-09-30", 
        "operating_revenue": 220627, 
        "accumulated_operating_revenue": 1358615, 
        "long_term_average": 150957, 
        "short_term_average": 194723
    }, 
    {
        "date": "2012-10-31", 
        "operating_revenue": 134370, 
        "accumulated_operating_revenue": 1492985, 
        "long_term_average": 149298, 
        "short_term_average": 183305
    }, 
    {
        "date": "2012-11-30", 
        "operating_revenue": 141239, 
        "accumulated_operating_revenue": 1634224, 
        "long_term_average": 148565, 
        "short_term_average": 165412
    }, 
    {
        "date": "2012-12-31", 
        "operating_revenue": 137378, 
        "accumulated_operating_revenue": 1771602, 
        "long_term_average": 147633, 
        "short_term_average": 137662
    }, 
    {
        "accumulated_operating_revenue_yoy": 30.413089405313077, 
        "accumulated_operating_revenue": 174078, 
        "long_term_average": 151016, 
        "date": "2013-01-31", 
        "operating_revenue": 174078, 
        "short_term_average": 150898
    }, 
    {
        "accumulated_operating_revenue_yoy": 17.15916101172116, 
        "accumulated_operating_revenue": 265881, 
        "long_term_average": 150878, 
        "date": "2013-02-28", 
        "operating_revenue": 91803, 
        "short_term_average": 134419
    }, 
    {
        "accumulated_operating_revenue_yoy": -8.327098540145986, 
        "accumulated_operating_revenue": 401894, 
        "long_term_average": 144591, 
        "date": "2013-03-31", 
        "operating_revenue": 136013, 
        "short_term_average": 133964
    }, 
    {
        "accumulated_operating_revenue_yoy": -12.838302059417565, 
        "accumulated_operating_revenue": 504919, 
        "long_term_average": 141435, 
        "date": "2013-04-30", 
        "operating_revenue": 103025, 
        "short_term_average": 110280
    }, 
    {
        "accumulated_operating_revenue_yoy": -13.268637596524751, 
        "accumulated_operating_revenue": 605953, 
        "long_term_average": 139908, 
        "date": "2013-05-31", 
        "operating_revenue": 101034, 
        "short_term_average": 113357
    }, 
    {
        "accumulated_operating_revenue_yoy": -11.105228769985253, 
        "accumulated_operating_revenue": 688442, 
        "long_term_average": 140466, 
        "date": "2013-06-30", 
        "operating_revenue": 82489, 
        "short_term_average": 95516
    }, 
    {
        "accumulated_operating_revenue_yoy": -15.455904651828604, 
        "accumulated_operating_revenue": 797310, 
        "long_term_average": 135486, 
        "date": "2013-07-31", 
        "operating_revenue": 108868, 
        "short_term_average": 97463
    }, 
    {
        "accumulated_operating_revenue_yoy": -22.58169681929862, 
        "accumulated_operating_revenue": 881011, 
        "long_term_average": 126218, 
        "date": "2013-08-31", 
        "operating_revenue": 83701, 
        "short_term_average": 91686
    }, 
    {
        "accumulated_operating_revenue_yoy": -28.98959602241989, 
        "accumulated_operating_revenue": 964758, 
        "long_term_average": 114812, 
        "date": "2013-09-30", 
        "operating_revenue": 83747, 
        "short_term_average": 92105
    }, 
    {
        "accumulated_operating_revenue_yoy": -28.969078724836482, 
        "accumulated_operating_revenue": 1060481, 
        "long_term_average": 111591, 
        "date": "2013-10-31", 
        "operating_revenue": 95723, 
        "short_term_average": 87723
    }, 
    {
        "accumulated_operating_revenue_yoy": -25.988297809847367, 
        "accumulated_operating_revenue": 1209517, 
        "long_term_average": 112241, 
        "date": "2013-11-30", 
        "operating_revenue": 149036, 
        "short_term_average": 109502
    }, 
    {
        "accumulated_operating_revenue_yoy": -23.3913711996261, 
        "accumulated_operating_revenue": 1357200, 
        "long_term_average": 113100, 
        "date": "2013-12-31", 
        "operating_revenue": 147683, 
        "short_term_average": 130814
    }, 
    {
        "accumulated_operating_revenue_yoy": -29.82168912786222, 
        "accumulated_operating_revenue": 122165, 
        "long_term_average": 108773, 
        "date": "2014-01-31", 
        "operating_revenue": 122165, 
        "short_term_average": 139628
    }, 
    {
        "accumulated_operating_revenue_yoy": -10.906382930709603, 
        "accumulated_operating_revenue": 236883, 
        "long_term_average": 110683, 
        "date": "2014-02-28", 
        "operating_revenue": 114718, 
        "short_term_average": 128188
    }, 
    {
        "accumulated_operating_revenue_yoy": -15.001468048788984, 
        "accumulated_operating_revenue": 341604, 
        "long_term_average": 108075, 
        "date": "2014-03-31", 
        "operating_revenue": 104721, 
        "short_term_average": 113868
    }, 
    {
        "accumulated_operating_revenue_yoy": -11.174465607354843, 
        "accumulated_operating_revenue": 448497, 
        "long_term_average": 108398, 
        "date": "2014-04-30", 
        "operating_revenue": 106893, 
        "short_term_average": 108777
    }, 
    {
        "accumulated_operating_revenue_yoy": -6.940472280853466, 
        "accumulated_operating_revenue": 563897, 
        "long_term_average": 109595, 
        "date": "2014-05-31", 
        "operating_revenue": 115400, 
        "short_term_average": 109004
    }, 
    {
        "accumulated_operating_revenue_yoy": -3.2309185087487395, 
        "accumulated_operating_revenue": 666199, 
        "long_term_average": 111246, 
        "date": "2014-06-30", 
        "operating_revenue": 102302, 
        "short_term_average": 108198
    }, 
    {
        "accumulated_operating_revenue_yoy": -3.4306605962549073, 
        "accumulated_operating_revenue": 769957, 
        "long_term_average": 110820, 
        "date": "2014-07-31", 
        "operating_revenue": 103758, 
        "short_term_average": 107153
    }, 
    {
        "accumulated_operating_revenue_yoy": 0.5972683655482168, 
        "accumulated_operating_revenue": 886273, 
        "long_term_average": 113538, 
        "date": "2014-08-31", 
        "operating_revenue": 116316, 
        "short_term_average": 107458
    }, 
    {
        "accumulated_operating_revenue_yoy": 2.940530164041138, 
        "accumulated_operating_revenue": 993127, 
        "long_term_average": 115464, 
        "date": "2014-09-30", 
        "operating_revenue": 106854, 
        "short_term_average": 108976
    }, 
    {
        "accumulated_operating_revenue_yoy": 5.326828109131611, 
        "accumulated_operating_revenue": 1116971, 
        "long_term_average": 117807, 
        "date": "2014-10-31", 
        "operating_revenue": 123844, 
        "short_term_average": 115671
    }, 
    {
        "accumulated_operating_revenue_yoy": 2.788385777132525, 
        "accumulated_operating_revenue": 1243243, 
        "long_term_average": 115910, 
        "date": "2014-11-30", 
        "operating_revenue": 126272, 
        "short_term_average": 118990
    }, 
    {
        "accumulated_operating_revenue_yoy": 0.5621131741821397, 
        "accumulated_operating_revenue": 1364829, 
        "long_term_average": 113735, 
        "date": "2014-12-31", 
        "operating_revenue": 121586, 
        "short_term_average": 123900
    }, 
    {
        "accumulated_operating_revenue_yoy": -23.200589366839928, 
        "accumulated_operating_revenue": 93822, 
        "long_term_average": 111373, 
        "date": "2015-01-31", 
        "operating_revenue": 93822, 
        "short_term_average": 113893
    }, 
    {
        "accumulated_operating_revenue_yoy": -28.921450673961406, 
        "accumulated_operating_revenue": 168373, 
        "long_term_average": 108026, 
        "date": "2015-02-28", 
        "operating_revenue": 74551, 
        "short_term_average": 96653
    }, 
    {
        "accumulated_operating_revenue_yoy": -22.871512043184506, 
        "accumulated_operating_revenue": 263474, 
        "long_term_average": 107224, 
        "date": "2015-03-31", 
        "operating_revenue": 95101, 
        "short_term_average": 87824
    }, 
    {
        "accumulated_operating_revenue_yoy": -15.192297830308787, 
        "accumulated_operating_revenue": 380360, 
        "long_term_average": 108057, 
        "date": "2015-04-30", 
        "operating_revenue": 116886, 
        "short_term_average": 95512
    }, 
    {
        "accumulated_operating_revenue_yoy": -5.687563508938689, 
        "accumulated_operating_revenue": 531825, 
        "long_term_average": 111063, 
        "date": "2015-05-31", 
        "operating_revenue": 151465, 
        "short_term_average": 121150
    }, 
    {
        "accumulated_operating_revenue_yoy": 10.891190169904187, 
        "accumulated_operating_revenue": 738756, 
        "long_term_average": 119782, 
        "date": "2015-06-30", 
        "operating_revenue": 206931, 
        "short_term_average": 158427
    }, 
    {
        "accumulated_operating_revenue_yoy": 15.666719050544382, 
        "accumulated_operating_revenue": 890584, 
        "long_term_average": 123788, 
        "date": "2015-07-31", 
        "operating_revenue": 151828, 
        "short_term_average": 170074
    }, 
    {
        "accumulated_operating_revenue_yoy": 13.513330542620613, 
        "accumulated_operating_revenue": 1006038, 
        "long_term_average": 123716, 
        "date": "2015-08-31", 
        "operating_revenue": 115454, 
        "short_term_average": 158071
    }
]