[
    {
        "date": "2012-01-31", 
        "operating_revenue": 409697, 
        "accumulated_operating_revenue": 409697, 
        "long_term_average": 409697, 
        "short_term_average": 409697
    }, 
    {
        "date": "2012-02-29", 
        "operating_revenue": 492112, 
        "accumulated_operating_revenue": 901809, 
        "long_term_average": 450904, 
        "short_term_average": 450904
    }, 
    {
        "date": "2012-03-31", 
        "operating_revenue": 781361, 
        "accumulated_operating_revenue": 1683170, 
        "long_term_average": 561056, 
        "short_term_average": 561056
    }, 
    {
        "date": "2012-04-30", 
        "operating_revenue": 646706, 
        "accumulated_operating_revenue": 2329876, 
        "long_term_average": 582469, 
        "short_term_average": 640059
    }, 
    {
        "date": "2012-05-31", 
        "operating_revenue": 595642, 
        "accumulated_operating_revenue": 2925518, 
        "long_term_average": 585103, 
        "short_term_average": 674569
    }, 
    {
        "date": "2012-06-30", 
        "operating_revenue": 528498, 
        "accumulated_operating_revenue": 3454016, 
        "long_term_average": 575669, 
        "short_term_average": 590282
    }, 
    {
        "date": "2012-07-31", 
        "operating_revenue": 620342, 
        "accumulated_operating_revenue": 4074358, 
        "long_term_average": 582051, 
        "short_term_average": 581494
    }, 
    {
        "date": "2012-08-31", 
        "operating_revenue": 664270, 
        "accumulated_operating_revenue": 4738628, 
        "long_term_average": 592328, 
        "short_term_average": 604370
    }, 
    {
        "date": "2012-09-30", 
        "operating_revenue": 597120, 
        "accumulated_operating_revenue": 5335748, 
        "long_term_average": 592860, 
        "short_term_average": 627244
    }, 
    {
        "date": "2012-10-31", 
        "operating_revenue": 571214, 
        "accumulated_operating_revenue": 5906962, 
        "long_term_average": 590696, 
        "short_term_average": 610868
    }, 
    {
        "date": "2012-11-30", 
        "operating_revenue": 576345, 
        "accumulated_operating_revenue": 6483307, 
        "long_term_average": 589391, 
        "short_term_average": 581559
    }, 
    {
        "date": "2012-12-31", 
        "operating_revenue": 743153, 
        "accumulated_operating_revenue": 7226460, 
        "long_term_average": 602205, 
        "short_term_average": 630237
    }, 
    {
        "accumulated_operating_revenue_yoy": -0.7285872242169213, 
        "accumulated_operating_revenue": 406712, 
        "long_term_average": 601956, 
        "date": "2013-01-31", 
        "operating_revenue": 406712, 
        "short_term_average": 575403
    }, 
    {
        "accumulated_operating_revenue_yoy": -6.672588097923174, 
        "accumulated_operating_revenue": 841635, 
        "long_term_average": 597190, 
        "date": "2013-02-28", 
        "operating_revenue": 434923, 
        "short_term_average": 528262
    }, 
    {
        "accumulated_operating_revenue_yoy": -13.57432701390828, 
        "accumulated_operating_revenue": 1454691, 
        "long_term_average": 583165, 
        "date": "2013-03-31", 
        "operating_revenue": 613056, 
        "short_term_average": 484897
    }, 
    {
        "accumulated_operating_revenue_yoy": -9.118210582880806, 
        "accumulated_operating_revenue": 2117433, 
        "long_term_average": 584501, 
        "date": "2013-04-30", 
        "operating_revenue": 662742, 
        "short_term_average": 570240
    }, 
    {
        "accumulated_operating_revenue_yoy": -3.996181189109074, 
        "accumulated_operating_revenue": 2808609, 
        "long_term_average": 592462, 
        "date": "2013-05-31", 
        "operating_revenue": 691176, 
        "short_term_average": 655658
    }, 
    {
        "accumulated_operating_revenue_yoy": 2.7045618781152143, 
        "accumulated_operating_revenue": 3547432, 
        "long_term_average": 609989, 
        "date": "2013-06-30", 
        "operating_revenue": 738823, 
        "short_term_average": 697580
    }, 
    {
        "accumulated_operating_revenue_yoy": 2.5086897125878482, 
        "accumulated_operating_revenue": 4176571, 
        "long_term_average": 610722, 
        "date": "2013-07-31", 
        "operating_revenue": 629139, 
        "short_term_average": 686379
    }, 
    {
        "accumulated_operating_revenue_yoy": 3.2941602506041834, 
        "accumulated_operating_revenue": 4894726, 
        "long_term_average": 615213, 
        "date": "2013-08-31", 
        "operating_revenue": 718155, 
        "short_term_average": 695372
    }, 
    {
        "accumulated_operating_revenue_yoy": 3.8120428476007486, 
        "accumulated_operating_revenue": 5539149, 
        "long_term_average": 619155, 
        "date": "2013-09-30", 
        "operating_revenue": 644423, 
        "short_term_average": 663905
    }, 
    {
        "accumulated_operating_revenue_yoy": 3.604543249135512, 
        "accumulated_operating_revenue": 6119881, 
        "long_term_average": 619948, 
        "date": "2013-10-31", 
        "operating_revenue": 580732, 
        "short_term_average": 647770
    }, 
    {
        "accumulated_operating_revenue_yoy": 5.852306546643557, 
        "accumulated_operating_revenue": 6862730, 
        "long_term_average": 633823, 
        "date": "2013-11-30", 
        "operating_revenue": 742849, 
        "short_term_average": 656001
    }, 
    {
        "accumulated_operating_revenue_yoy": 6.364610058036716, 
        "accumulated_operating_revenue": 7686396, 
        "long_term_average": 640533, 
        "date": "2013-12-31", 
        "operating_revenue": 823666, 
        "short_term_average": 715749
    }, 
    {
        "accumulated_operating_revenue_yoy": 42.01941422923346, 
        "accumulated_operating_revenue": 577610, 
        "long_term_average": 654774, 
        "date": "2014-01-31", 
        "operating_revenue": 577610, 
        "short_term_average": 714708
    }, 
    {
        "accumulated_operating_revenue_yoy": 34.10243157663358, 
        "accumulated_operating_revenue": 1128653, 
        "long_term_average": 664451, 
        "date": "2014-02-28", 
        "operating_revenue": 551043, 
        "short_term_average": 650773
    }, 
    {
        "accumulated_operating_revenue_yoy": 26.569903848996113, 
        "accumulated_operating_revenue": 1841201, 
        "long_term_average": 672742, 
        "date": "2014-03-31", 
        "operating_revenue": 712548, 
        "short_term_average": 613733
    }, 
    {
        "accumulated_operating_revenue_yoy": 20.86875948377115, 
        "accumulated_operating_revenue": 2559315, 
        "long_term_average": 677356, 
        "date": "2014-04-30", 
        "operating_revenue": 718114, 
        "short_term_average": 660568
    }, 
    {
        "accumulated_operating_revenue_yoy": 26.96979180797327, 
        "accumulated_operating_revenue": 3566085, 
        "long_term_average": 703656, 
        "date": "2014-05-31", 
        "operating_revenue": 1006770, 
        "short_term_average": 812477
    }, 
    {
        "accumulated_operating_revenue_yoy": 22.3063049552465, 
        "accumulated_operating_revenue": 4338733, 
        "long_term_average": 706474, 
        "date": "2014-06-30", 
        "operating_revenue": 772648, 
        "short_term_average": 832510
    }, 
    {
        "accumulated_operating_revenue_yoy": 23.87515979017237, 
        "accumulated_operating_revenue": 5173734, 
        "long_term_average": 723629, 
        "date": "2014-07-31", 
        "operating_revenue": 835001, 
        "short_term_average": 871473
    }, 
    {
        "accumulated_operating_revenue_yoy": 20.9552894278454, 
        "accumulated_operating_revenue": 5920430, 
        "long_term_average": 726008, 
        "date": "2014-08-31", 
        "operating_revenue": 746696, 
        "short_term_average": 784781
    }, 
    {
        "accumulated_operating_revenue_yoy": 22.69973239571638, 
        "accumulated_operating_revenue": 6796521, 
        "long_term_average": 745314, 
        "date": "2014-09-30", 
        "operating_revenue": 876091, 
        "short_term_average": 819262
    }, 
    {
        "accumulated_operating_revenue_yoy": 23.168113889796224, 
        "accumulated_operating_revenue": 7537742, 
        "long_term_average": 758688, 
        "date": "2014-10-31", 
        "operating_revenue": 741221, 
        "short_term_average": 788002
    }, 
    {
        "accumulated_operating_revenue_yoy": 20.789496308320448, 
        "accumulated_operating_revenue": 8289457, 
        "long_term_average": 759426, 
        "date": "2014-11-30", 
        "operating_revenue": 751715, 
        "short_term_average": 789675
    }, 
    {
        "accumulated_operating_revenue_yoy": 18.80803435055909, 
        "accumulated_operating_revenue": 9132056, 
        "long_term_average": 761004, 
        "date": "2014-12-31", 
        "operating_revenue": 842599, 
        "short_term_average": 778511
    }, 
    {
        "accumulated_operating_revenue_yoy": 26.5473243191773, 
        "accumulated_operating_revenue": 730950, 
        "long_term_average": 773783, 
        "date": "2015-01-31", 
        "operating_revenue": 730950, 
        "short_term_average": 775088
    }, 
    {
        "accumulated_operating_revenue_yoy": 2.6292403422486803, 
        "accumulated_operating_revenue": 1158328, 
        "long_term_average": 763477, 
        "date": "2015-02-28", 
        "operating_revenue": 427378, 
        "short_term_average": 666975
    }, 
    {
        "accumulated_operating_revenue_yoy": -3.1494660278807145, 
        "accumulated_operating_revenue": 1783213, 
        "long_term_average": 756172, 
        "date": "2015-03-31", 
        "operating_revenue": 624885, 
        "short_term_average": 594404
    }, 
    {
        "accumulated_operating_revenue_yoy": -2.3422673645096443, 
        "accumulated_operating_revenue": 2499369, 
        "long_term_average": 756009, 
        "date": "2015-04-30", 
        "operating_revenue": 716156, 
        "short_term_average": 589473
    }, 
    {
        "accumulated_operating_revenue_yoy": -10.638753703290863, 
        "accumulated_operating_revenue": 3186698, 
        "long_term_average": 729389, 
        "date": "2015-05-31", 
        "operating_revenue": 687329, 
        "short_term_average": 676123
    }, 
    {
        "accumulated_operating_revenue_yoy": -4.29228993809944, 
        "accumulated_operating_revenue": 4152502, 
        "long_term_average": 745485, 
        "date": "2015-06-30", 
        "operating_revenue": 965804, 
        "short_term_average": 789763
    }, 
    {
        "accumulated_operating_revenue_yoy": -7.038417514313647, 
        "accumulated_operating_revenue": 4809585, 
        "long_term_average": 730658, 
        "date": "2015-07-31", 
        "operating_revenue": 657083, 
        "short_term_average": 770072
    }, 
    {
        "accumulated_operating_revenue_yoy": -1.057913023209463, 
        "accumulated_operating_revenue": 5857797, 
        "long_term_average": 755785, 
        "date": "2015-08-31", 
        "operating_revenue": 1048212, 
        "short_term_average": 890366
    }, 
    {
        "accumulated_operating_revenue_yoy": -2.4407045898923876, 
        "accumulated_operating_revenue": 6630638, 
        "long_term_average": 747181, 
        "date": "2015-09-30", 
        "operating_revenue": 772841, 
        "short_term_average": 826045
    }
]