[
    {
        "date": "2012-01-31", 
        "operating_revenue": 101128, 
        "accumulated_operating_revenue": 101128, 
        "long_term_average": 101128, 
        "short_term_average": 101128
    }, 
    {
        "date": "2012-02-29", 
        "operating_revenue": 143171, 
        "accumulated_operating_revenue": 244299, 
        "long_term_average": 122149, 
        "short_term_average": 122149
    }, 
    {
        "date": "2012-03-31", 
        "operating_revenue": 172366, 
        "accumulated_operating_revenue": 416665, 
        "long_term_average": 138888, 
        "short_term_average": 138888
    }, 
    {
        "date": "2012-04-30", 
        "operating_revenue": 165980, 
        "accumulated_operating_revenue": 582645, 
        "long_term_average": 145661, 
        "short_term_average": 160505
    }, 
    {
        "date": "2012-05-31", 
        "operating_revenue": 186958, 
        "accumulated_operating_revenue": 769603, 
        "long_term_average": 153920, 
        "short_term_average": 175101
    }, 
    {
        "date": "2012-06-30", 
        "operating_revenue": 217243, 
        "accumulated_operating_revenue": 986846, 
        "long_term_average": 164474, 
        "short_term_average": 190060
    }, 
    {
        "date": "2012-07-31", 
        "operating_revenue": 174658, 
        "accumulated_operating_revenue": 1161504, 
        "long_term_average": 165929, 
        "short_term_average": 192953
    }, 
    {
        "date": "2012-08-31", 
        "operating_revenue": 228272, 
        "accumulated_operating_revenue": 1389776, 
        "long_term_average": 173722, 
        "short_term_average": 206724
    }, 
    {
        "date": "2012-09-30", 
        "operating_revenue": 216378, 
        "accumulated_operating_revenue": 1606154, 
        "long_term_average": 178461, 
        "short_term_average": 206436
    }, 
    {
        "date": "2012-10-31", 
        "operating_revenue": 200193, 
        "accumulated_operating_revenue": 1806347, 
        "long_term_average": 180634, 
        "short_term_average": 214947
    }, 
    {
        "date": "2012-11-30", 
        "operating_revenue": 213471, 
        "accumulated_operating_revenue": 2019818, 
        "long_term_average": 183619, 
        "short_term_average": 210014
    }, 
    {
        "date": "2012-12-31", 
        "operating_revenue": 168079, 
        "accumulated_operating_revenue": 2187897, 
        "long_term_average": 182324, 
        "short_term_average": 193914
    }, 
    {
        "accumulated_operating_revenue_yoy": 24.667747804762282, 
        "accumulated_operating_revenue": 126074, 
        "long_term_average": 184403, 
        "date": "2013-01-31", 
        "operating_revenue": 126074, 
        "short_term_average": 169208
    }, 
    {
        "accumulated_operating_revenue_yoy": -19.085628676335148, 
        "accumulated_operating_revenue": 197673, 
        "long_term_average": 178439, 
        "date": "2013-02-28", 
        "operating_revenue": 71599, 
        "short_term_average": 121917
    }, 
    {
        "accumulated_operating_revenue_yoy": -10.003960015840063, 
        "accumulated_operating_revenue": 374982, 
        "long_term_average": 178851, 
        "date": "2013-03-31", 
        "operating_revenue": 177309, 
        "short_term_average": 124994
    }, 
    {
        "accumulated_operating_revenue_yoy": -9.786919994164544, 
        "accumulated_operating_revenue": 525622, 
        "long_term_average": 177572, 
        "date": "2013-04-30", 
        "operating_revenue": 150640, 
        "short_term_average": 133182
    }, 
    {
        "accumulated_operating_revenue_yoy": -8.72579758654787, 
        "accumulated_operating_revenue": 702449, 
        "long_term_average": 176728, 
        "date": "2013-05-31", 
        "operating_revenue": 176827, 
        "short_term_average": 168258
    }, 
    {
        "accumulated_operating_revenue_yoy": -9.013969758199353, 
        "accumulated_operating_revenue": 897892, 
        "long_term_average": 174911, 
        "date": "2013-06-30", 
        "operating_revenue": 195443, 
        "short_term_average": 174303
    }, 
    {
        "accumulated_operating_revenue_yoy": -3.012301292117806, 
        "accumulated_operating_revenue": 1126516, 
        "long_term_average": 179409, 
        "date": "2013-07-31", 
        "operating_revenue": 228624, 
        "short_term_average": 200298
    }, 
    {
        "accumulated_operating_revenue_yoy": -6.455140972358135, 
        "accumulated_operating_revenue": 1300064, 
        "long_term_average": 174848, 
        "date": "2013-08-31", 
        "operating_revenue": 173548, 
        "short_term_average": 199205
    }, 
    {
        "accumulated_operating_revenue_yoy": -6.916148762820999, 
        "accumulated_operating_revenue": 1495070, 
        "long_term_average": 173067, 
        "date": "2013-09-30", 
        "operating_revenue": 195006, 
        "short_term_average": 199059
    }, 
    {
        "accumulated_operating_revenue_yoy": -3.09912768698373, 
        "accumulated_operating_revenue": 1750366, 
        "long_term_average": 177659, 
        "date": "2013-10-31", 
        "operating_revenue": 255296, 
        "short_term_average": 207950
    }, 
    {
        "accumulated_operating_revenue_yoy": -0.90532909400748, 
        "accumulated_operating_revenue": 2001532, 
        "long_term_average": 180800, 
        "date": "2013-11-30", 
        "operating_revenue": 251166, 
        "short_term_average": 233822
    }, 
    {
        "accumulated_operating_revenue_yoy": 2.046759970876143, 
        "accumulated_operating_revenue": 2232678, 
        "long_term_average": 186056, 
        "date": "2013-12-31", 
        "operating_revenue": 231146, 
        "short_term_average": 245869
    }, 
    {
        "accumulated_operating_revenue_yoy": 25.71902216158764, 
        "accumulated_operating_revenue": 158499, 
        "long_term_average": 188758, 
        "date": "2014-01-31", 
        "operating_revenue": 158499, 
        "short_term_average": 213603
    }, 
    {
        "accumulated_operating_revenue_yoy": 44.57462577084377, 
        "accumulated_operating_revenue": 285785, 
        "long_term_average": 193399, 
        "date": "2014-02-28", 
        "operating_revenue": 127286, 
        "short_term_average": 172310
    }, 
    {
        "accumulated_operating_revenue_yoy": 22.00958979364343, 
        "accumulated_operating_revenue": 457514, 
        "long_term_average": 192934, 
        "date": "2014-03-31", 
        "operating_revenue": 171729, 
        "short_term_average": 152504
    }, 
    {
        "accumulated_operating_revenue_yoy": 29.724022206072043, 
        "accumulated_operating_revenue": 681858, 
        "long_term_average": 199076, 
        "date": "2014-04-30", 
        "operating_revenue": 224344, 
        "short_term_average": 174453
    }, 
    {
        "accumulated_operating_revenue_yoy": 26.307959723766423, 
        "accumulated_operating_revenue": 887249, 
        "long_term_average": 201456, 
        "date": "2014-05-31", 
        "operating_revenue": 205391, 
        "short_term_average": 200488
    }, 
    {
        "accumulated_operating_revenue_yoy": 19.800154138805112, 
        "accumulated_operating_revenue": 1075676, 
        "long_term_average": 200871, 
        "date": "2014-06-30", 
        "operating_revenue": 188427, 
        "short_term_average": 206054
    }, 
    {
        "accumulated_operating_revenue_yoy": 14.95247293425038, 
        "accumulated_operating_revenue": 1294958, 
        "long_term_average": 200093, 
        "date": "2014-07-31", 
        "operating_revenue": 219282, 
        "short_term_average": 204366
    }, 
    {
        "accumulated_operating_revenue_yoy": 24.512254781303074, 
        "accumulated_operating_revenue": 1618739, 
        "long_term_average": 212612, 
        "date": "2014-08-31", 
        "operating_revenue": 323781, 
        "short_term_average": 243830
    }, 
    {
        "accumulated_operating_revenue_yoy": 25.424495174139004, 
        "accumulated_operating_revenue": 1875184, 
        "long_term_average": 217732, 
        "date": "2014-09-30", 
        "operating_revenue": 256445, 
        "short_term_average": 266502
    }, 
    {
        "accumulated_operating_revenue_yoy": 18.861255303176595, 
        "accumulated_operating_revenue": 2080507, 
        "long_term_average": 213568, 
        "date": "2014-10-31", 
        "operating_revenue": 205323, 
        "short_term_average": 261849
    }, 
    {
        "accumulated_operating_revenue_yoy": 12.398602670354508, 
        "accumulated_operating_revenue": 2249694, 
        "long_term_average": 206736, 
        "date": "2014-11-30", 
        "operating_revenue": 169187, 
        "short_term_average": 210318
    }, 
    {
        "accumulated_operating_revenue_yoy": 10.813337167294163, 
        "accumulated_operating_revenue": 2474105, 
        "long_term_average": 206175, 
        "date": "2014-12-31", 
        "operating_revenue": 224411, 
        "short_term_average": 199640
    }, 
    {
        "accumulated_operating_revenue_yoy": -0.9867570142398375, 
        "accumulated_operating_revenue": 156935, 
        "long_term_average": 206045, 
        "date": "2015-01-31", 
        "operating_revenue": 156935, 
        "short_term_average": 183511
    }, 
    {
        "accumulated_operating_revenue_yoy": -2.784610808824816, 
        "accumulated_operating_revenue": 277827, 
        "long_term_average": 205512, 
        "date": "2015-02-28", 
        "operating_revenue": 120892, 
        "short_term_average": 167412
    }, 
    {
        "accumulated_operating_revenue_yoy": 9.774127130535897, 
        "accumulated_operating_revenue": 502232, 
        "long_term_average": 209901, 
        "date": "2015-03-31", 
        "operating_revenue": 224405, 
        "short_term_average": 167410
    }, 
    {
        "accumulated_operating_revenue_yoy": 2.96850663921227, 
        "accumulated_operating_revenue": 702099, 
        "long_term_average": 207862, 
        "date": "2015-04-30", 
        "operating_revenue": 199867, 
        "short_term_average": 181721
    }, 
    {
        "accumulated_operating_revenue_yoy": 1.8382663716724392, 
        "accumulated_operating_revenue": 903559, 
        "long_term_average": 207534, 
        "date": "2015-05-31", 
        "operating_revenue": 201460, 
        "short_term_average": 208577
    }, 
    {
        "accumulated_operating_revenue_yoy": 3.5196471800058755, 
        "accumulated_operating_revenue": 1113536, 
        "long_term_average": 209330, 
        "date": "2015-06-30", 
        "operating_revenue": 209977, 
        "short_term_average": 203768
    }, 
    {
        "accumulated_operating_revenue_yoy": 1.6326398230676207, 
        "accumulated_operating_revenue": 1316100, 
        "long_term_average": 207937, 
        "date": "2015-07-31", 
        "operating_revenue": 202564, 
        "short_term_average": 204667
    }, 
    {
        "accumulated_operating_revenue_yoy": -7.805026010987564, 
        "accumulated_operating_revenue": 1492396, 
        "long_term_average": 195646, 
        "date": "2015-08-31", 
        "operating_revenue": 176296, 
        "short_term_average": 196279
    }
]