[
    {
        "date": "2012-01-31", 
        "operating_revenue": 97118, 
        "accumulated_operating_revenue": 97118, 
        "long_term_average": 97118, 
        "short_term_average": 97118
    }, 
    {
        "date": "2012-02-29", 
        "operating_revenue": 117899, 
        "accumulated_operating_revenue": 215017, 
        "long_term_average": 107508, 
        "short_term_average": 107508
    }, 
    {
        "date": "2012-03-31", 
        "operating_revenue": 121027, 
        "accumulated_operating_revenue": 336044, 
        "long_term_average": 112014, 
        "short_term_average": 112014
    }, 
    {
        "date": "2012-04-30", 
        "operating_revenue": 123578, 
        "accumulated_operating_revenue": 459622, 
        "long_term_average": 114905, 
        "short_term_average": 120834
    }, 
    {
        "date": "2012-05-31", 
        "operating_revenue": 124223, 
        "accumulated_operating_revenue": 583845, 
        "long_term_average": 116769, 
        "short_term_average": 122942
    }, 
    {
        "date": "2012-06-30", 
        "operating_revenue": 116725, 
        "accumulated_operating_revenue": 700570, 
        "long_term_average": 116761, 
        "short_term_average": 121508
    }, 
    {
        "date": "2012-07-31", 
        "operating_revenue": 111974, 
        "accumulated_operating_revenue": 812544, 
        "long_term_average": 116077, 
        "short_term_average": 117640
    }, 
    {
        "date": "2012-08-31", 
        "operating_revenue": 104698, 
        "accumulated_operating_revenue": 917242, 
        "long_term_average": 114655, 
        "short_term_average": 111132
    }, 
    {
        "date": "2012-09-30", 
        "operating_revenue": 101629, 
        "accumulated_operating_revenue": 1018871, 
        "long_term_average": 113207, 
        "short_term_average": 106100
    }, 
    {
        "date": "2012-10-31", 
        "operating_revenue": 87824, 
        "accumulated_operating_revenue": 1106695, 
        "long_term_average": 110669, 
        "short_term_average": 98050
    }, 
    {
        "date": "2012-11-30", 
        "operating_revenue": 84253, 
        "accumulated_operating_revenue": 1190948, 
        "long_term_average": 108268, 
        "short_term_average": 91235
    }, 
    {
        "date": "2012-12-31", 
        "operating_revenue": 105135, 
        "accumulated_operating_revenue": 1296083, 
        "long_term_average": 108006, 
        "short_term_average": 92404
    }, 
    {
        "accumulated_operating_revenue_yoy": 15.199036223974957, 
        "accumulated_operating_revenue": 111879, 
        "long_term_average": 109237, 
        "date": "2013-01-31", 
        "operating_revenue": 111879, 
        "short_term_average": 100422
    }, 
    {
        "accumulated_operating_revenue_yoy": -8.870461405377249, 
        "accumulated_operating_revenue": 195944, 
        "long_term_average": 106417, 
        "date": "2013-02-28", 
        "operating_revenue": 84065, 
        "short_term_average": 100359
    }, 
    {
        "accumulated_operating_revenue_yoy": -6.275666281796431, 
        "accumulated_operating_revenue": 314955, 
        "long_term_average": 106249, 
        "date": "2013-03-31", 
        "operating_revenue": 119011, 
        "short_term_average": 104985
    }, 
    {
        "accumulated_operating_revenue_yoy": -2.879105003676935, 
        "accumulated_operating_revenue": 446389, 
        "long_term_average": 106904, 
        "date": "2013-04-30", 
        "operating_revenue": 131434, 
        "short_term_average": 111503
    }, 
    {
        "accumulated_operating_revenue_yoy": -3.050809718332777, 
        "accumulated_operating_revenue": 566033, 
        "long_term_average": 106522, 
        "date": "2013-05-31", 
        "operating_revenue": 119644, 
        "short_term_average": 123363
    }, 
    {
        "accumulated_operating_revenue_yoy": -1.722169090883138, 
        "accumulated_operating_revenue": 688505, 
        "long_term_average": 107001, 
        "date": "2013-06-30", 
        "operating_revenue": 122472, 
        "short_term_average": 124516
    }, 
    {
        "accumulated_operating_revenue_yoy": -0.3097678402646503, 
        "accumulated_operating_revenue": 810027, 
        "long_term_average": 107797, 
        "date": "2013-07-31", 
        "operating_revenue": 121522, 
        "short_term_average": 121212
    }, 
    {
        "accumulated_operating_revenue_yoy": 3.1985015949989206, 
        "accumulated_operating_revenue": 946580, 
        "long_term_average": 110451, 
        "date": "2013-08-31", 
        "operating_revenue": 136553, 
        "short_term_average": 126849
    }, 
    {
        "accumulated_operating_revenue_yoy": 6.152692539094743, 
        "accumulated_operating_revenue": 1081559, 
        "long_term_average": 113230, 
        "date": "2013-09-30", 
        "operating_revenue": 134979, 
        "short_term_average": 131018
    }, 
    {
        "accumulated_operating_revenue_yoy": 10.472623441869711, 
        "accumulated_operating_revenue": 1222595, 
        "long_term_average": 117665, 
        "date": "2013-10-31", 
        "operating_revenue": 141036, 
        "short_term_average": 137522
    }, 
    {
        "accumulated_operating_revenue_yoy": 14.78099799487467, 
        "accumulated_operating_revenue": 1366982, 
        "long_term_average": 122676, 
        "date": "2013-11-30", 
        "operating_revenue": 144387, 
        "short_term_average": 140134
    }, 
    {
        "accumulated_operating_revenue_yoy": 17.243417281146346, 
        "accumulated_operating_revenue": 1519572, 
        "long_term_average": 126631, 
        "date": "2013-12-31", 
        "operating_revenue": 152590, 
        "short_term_average": 146004
    }, 
    {
        "accumulated_operating_revenue_yoy": 17.02911180829289, 
        "accumulated_operating_revenue": 130931, 
        "long_term_average": 128218, 
        "date": "2014-01-31", 
        "operating_revenue": 130931, 
        "short_term_average": 142636
    }, 
    {
        "accumulated_operating_revenue_yoy": 26.848997672804476, 
        "accumulated_operating_revenue": 248553, 
        "long_term_average": 131015, 
        "date": "2014-02-28", 
        "operating_revenue": 117622, 
        "short_term_average": 133714
    }, 
    {
        "accumulated_operating_revenue_yoy": 17.7441221761839, 
        "accumulated_operating_revenue": 370841, 
        "long_term_average": 131288, 
        "date": "2014-03-31", 
        "operating_revenue": 122288, 
        "short_term_average": 123613
    }, 
    {
        "accumulated_operating_revenue_yoy": 19.368532826749764, 
        "accumulated_operating_revenue": 532848, 
        "long_term_average": 133835, 
        "date": "2014-04-30", 
        "operating_revenue": 162007, 
        "short_term_average": 133972
    }, 
    {
        "accumulated_operating_revenue_yoy": 19.498509804198697, 
        "accumulated_operating_revenue": 676401, 
        "long_term_average": 135828, 
        "date": "2014-05-31", 
        "operating_revenue": 143553, 
        "short_term_average": 142616
    }, 
    {
        "accumulated_operating_revenue_yoy": 21.54682972527433, 
        "accumulated_operating_revenue": 836856, 
        "long_term_average": 138993, 
        "date": "2014-06-30", 
        "operating_revenue": 160455, 
        "short_term_average": 155338
    }, 
    {
        "accumulated_operating_revenue_yoy": 21.94173774454432, 
        "accumulated_operating_revenue": 987761, 
        "long_term_average": 141442, 
        "date": "2014-07-31", 
        "operating_revenue": 150905, 
        "short_term_average": 151637
    }, 
    {
        "accumulated_operating_revenue_yoy": 20.12497623021826, 
        "accumulated_operating_revenue": 1137079, 
        "long_term_average": 142505, 
        "date": "2014-08-31", 
        "operating_revenue": 149318, 
        "short_term_average": 153559
    }, 
    {
        "accumulated_operating_revenue_yoy": 19.21984838552497, 
        "accumulated_operating_revenue": 1289433, 
        "long_term_average": 143953, 
        "date": "2014-09-30", 
        "operating_revenue": 152354, 
        "short_term_average": 150859
    }, 
    {
        "accumulated_operating_revenue_yoy": 18.481590387659036, 
        "accumulated_operating_revenue": 1448550, 
        "long_term_average": 145460, 
        "date": "2014-10-31", 
        "operating_revenue": 159117, 
        "short_term_average": 153596
    }, 
    {
        "accumulated_operating_revenue_yoy": 18.775302088835115, 
        "accumulated_operating_revenue": 1623637, 
        "long_term_average": 148018, 
        "date": "2014-11-30", 
        "operating_revenue": 175087, 
        "short_term_average": 162186
    }, 
    {
        "accumulated_operating_revenue_yoy": 19.310437412639875, 
        "accumulated_operating_revenue": 1813008, 
        "long_term_average": 151084, 
        "date": "2014-12-31", 
        "operating_revenue": 189371, 
        "short_term_average": 174525
    }, 
    {
        "accumulated_operating_revenue_yoy": 43.30296110164896, 
        "accumulated_operating_revenue": 187628, 
        "long_term_average": 155808, 
        "date": "2015-01-31", 
        "operating_revenue": 187628, 
        "short_term_average": 184028
    }, 
    {
        "accumulated_operating_revenue_yoy": 35.903408930892, 
        "accumulated_operating_revenue": 337792, 
        "long_term_average": 158520, 
        "date": "2015-02-28", 
        "operating_revenue": 150164, 
        "short_term_average": 175721
    }, 
    {
        "accumulated_operating_revenue_yoy": 41.630510110802206, 
        "accumulated_operating_revenue": 525224, 
        "long_term_average": 163949, 
        "date": "2015-03-31", 
        "operating_revenue": 187432, 
        "short_term_average": 175074
    }, 
    {
        "accumulated_operating_revenue_yoy": 36.9133411404378, 
        "accumulated_operating_revenue": 729540, 
        "long_term_average": 167475, 
        "date": "2015-04-30", 
        "operating_revenue": 204316, 
        "short_term_average": 180637
    }, 
    {
        "accumulated_operating_revenue_yoy": 34.25793279430397, 
        "accumulated_operating_revenue": 908122, 
        "long_term_average": 170394, 
        "date": "2015-05-31", 
        "operating_revenue": 178582, 
        "short_term_average": 190110
    }, 
    {
        "accumulated_operating_revenue_yoy": 32.51670538300496, 
        "accumulated_operating_revenue": 1108974, 
        "long_term_average": 173760, 
        "date": "2015-06-30", 
        "operating_revenue": 200852, 
        "short_term_average": 194583
    }, 
    {
        "accumulated_operating_revenue_yoy": 30.53856145363099, 
        "accumulated_operating_revenue": 1289409, 
        "long_term_average": 176221, 
        "date": "2015-07-31", 
        "operating_revenue": 180435, 
        "short_term_average": 186623
    }, 
    {
        "accumulated_operating_revenue_yoy": 29.266656054680457, 
        "accumulated_operating_revenue": 1469864, 
        "long_term_average": 178816, 
        "date": "2015-08-31", 
        "operating_revenue": 180455, 
        "short_term_average": 187247
    }, 
    {
        "accumulated_operating_revenue_yoy": 28.617229433402123, 
        "accumulated_operating_revenue": 1658433, 
        "long_term_average": 181834, 
        "date": "2015-09-30", 
        "operating_revenue": 188569, 
        "short_term_average": 183153
    }
]