[
    {
        "date": "2012-01-31", 
        "operating_revenue": 45808, 
        "accumulated_operating_revenue": 45808, 
        "long_term_average": 45808, 
        "short_term_average": 45808
    }, 
    {
        "date": "2012-02-29", 
        "operating_revenue": 39582, 
        "accumulated_operating_revenue": 85390, 
        "long_term_average": 42695, 
        "short_term_average": 42695
    }, 
    {
        "date": "2012-03-31", 
        "operating_revenue": 1446, 
        "accumulated_operating_revenue": 86836, 
        "long_term_average": 28945, 
        "short_term_average": 28945
    }, 
    {
        "date": "2012-04-30", 
        "operating_revenue": 129, 
        "accumulated_operating_revenue": 86965, 
        "long_term_average": 21741, 
        "short_term_average": 13719
    }, 
    {
        "date": "2012-05-31", 
        "operating_revenue": 90410, 
        "accumulated_operating_revenue": 177375, 
        "long_term_average": 35475, 
        "short_term_average": 30661
    }, 
    {
        "date": "2012-06-30", 
        "operating_revenue": 3, 
        "accumulated_operating_revenue": 177378, 
        "long_term_average": 29563, 
        "short_term_average": 30180
    }, 
    {
        "date": "2012-07-31", 
        "operating_revenue": 106, 
        "accumulated_operating_revenue": 177484, 
        "long_term_average": 25354, 
        "short_term_average": 30173
    }, 
    {
        "accumulated_operating_revenue_yoy": -99.88866573524275, 
        "accumulated_operating_revenue": 51, 
        "long_term_average": 22191, 
        "date": "2013-01-31", 
        "operating_revenue": 51, 
        "short_term_average": 53
    }, 
    {
        "accumulated_operating_revenue_yoy": -99.9367607448179, 
        "accumulated_operating_revenue": 54, 
        "long_term_average": 19726, 
        "date": "2013-02-28", 
        "operating_revenue": 3, 
        "short_term_average": 53
    }, 
    {
        "accumulated_operating_revenue_yoy": -99.84914090930029, 
        "accumulated_operating_revenue": 131, 
        "long_term_average": 17761, 
        "date": "2013-03-31", 
        "operating_revenue": 77, 
        "short_term_average": 43
    }, 
    {
        "accumulated_operating_revenue_yoy": -99.71022825274535, 
        "accumulated_operating_revenue": 252, 
        "long_term_average": 16157, 
        "date": "2013-04-30", 
        "operating_revenue": 121, 
        "short_term_average": 67
    }, 
    {
        "accumulated_operating_revenue_yoy": -99.81508104298801, 
        "accumulated_operating_revenue": 328, 
        "long_term_average": 14817, 
        "date": "2013-05-31", 
        "operating_revenue": 76, 
        "short_term_average": 91
    }, 
    {
        "accumulated_operating_revenue_yoy": -99.8123774537423, 
        "accumulated_operating_revenue": 333, 
        "long_term_average": 11000, 
        "date": "2013-07-31", 
        "operating_revenue": 5, 
        "short_term_average": 67
    }, 
    {
        "date": "2013-08-31", 
        "operating_revenue": 15, 
        "accumulated_operating_revenue": 348, 
        "long_term_average": 7703, 
        "short_term_average": 32
    }, 
    {
        "date": "2013-09-30", 
        "operating_revenue": 6, 
        "accumulated_operating_revenue": 354, 
        "long_term_average": 7583, 
        "short_term_average": 8
    }, 
    {
        "date": "2013-10-31", 
        "operating_revenue": 3, 
        "accumulated_operating_revenue": 357, 
        "long_term_average": 7573, 
        "short_term_average": 8
    }, 
    {
        "date": "2013-12-31", 
        "operating_revenue": 1, 
        "accumulated_operating_revenue": 358, 
        "long_term_average": 38, 
        "short_term_average": 3
    }, 
    {
        "accumulated_operating_revenue_yoy": 8345.098039215687, 
        "accumulated_operating_revenue": 4307, 
        "long_term_average": 397, 
        "date": "2014-01-31", 
        "operating_revenue": 4307, 
        "short_term_average": 1437
    }, 
    {
        "accumulated_operating_revenue_yoy": 17842.59259259259, 
        "accumulated_operating_revenue": 9689, 
        "long_term_average": 837, 
        "date": "2014-02-28", 
        "operating_revenue": 5382, 
        "short_term_average": 3230
    }, 
    {
        "accumulated_operating_revenue_yoy": 9561.068702290077, 
        "accumulated_operating_revenue": 12656, 
        "long_term_average": 1080, 
        "date": "2014-03-31", 
        "operating_revenue": 2967, 
        "short_term_average": 4218
    }, 
    {
        "accumulated_operating_revenue_yoy": 6580.952380952381, 
        "accumulated_operating_revenue": 16836, 
        "long_term_average": 1428, 
        "date": "2014-04-30", 
        "operating_revenue": 4180, 
        "short_term_average": 4176
    }, 
    {
        "accumulated_operating_revenue_yoy": 5114.329268292683, 
        "accumulated_operating_revenue": 17103, 
        "long_term_average": 1444, 
        "date": "2014-05-31", 
        "operating_revenue": 267, 
        "short_term_average": 2471
    }, 
    {
        "date": "2014-06-30", 
        "operating_revenue": 3137, 
        "accumulated_operating_revenue": 20240, 
        "long_term_average": 1695, 
        "short_term_average": 2528
    }, 
    {
        "accumulated_operating_revenue_yoy": 6304.204204204204, 
        "accumulated_operating_revenue": 21326, 
        "long_term_average": 1779, 
        "date": "2014-07-31", 
        "operating_revenue": 1086, 
        "short_term_average": 1496
    }, 
    {
        "accumulated_operating_revenue_yoy": 5652.873563218391, 
        "accumulated_operating_revenue": 20020, 
        "long_term_average": 1670, 
        "date": "2014-08-31", 
        "operating_revenue": -1306, 
        "short_term_average": 972
    }, 
    {
        "accumulated_operating_revenue_yoy": 5421.468926553672, 
        "accumulated_operating_revenue": 19546, 
        "long_term_average": 1629, 
        "date": "2014-09-30", 
        "operating_revenue": -474, 
        "short_term_average": -231
    }, 
    {
        "accumulated_operating_revenue_yoy": 5186.274509803921, 
        "accumulated_operating_revenue": 18872, 
        "long_term_average": 1573, 
        "date": "2014-10-31", 
        "operating_revenue": -674, 
        "short_term_average": -818
    }, 
    {
        "date": "2014-11-30", 
        "operating_revenue": -1506, 
        "accumulated_operating_revenue": 17366, 
        "long_term_average": 1447, 
        "short_term_average": -884
    }, 
    {
        "accumulated_operating_revenue_yoy": 5625.977653631285, 
        "accumulated_operating_revenue": 20499, 
        "long_term_average": 1708, 
        "date": "2014-12-31", 
        "operating_revenue": 3133, 
        "short_term_average": 317
    }, 
    {
        "accumulated_operating_revenue_yoy": -90.85210123055492, 
        "accumulated_operating_revenue": 394, 
        "long_term_average": 1382, 
        "date": "2015-01-31", 
        "operating_revenue": 394, 
        "short_term_average": 673
    }, 
    {
        "accumulated_operating_revenue_yoy": -92.01155950046444, 
        "accumulated_operating_revenue": 774, 
        "long_term_average": 965, 
        "date": "2015-02-28", 
        "operating_revenue": 380, 
        "short_term_average": 1302
    }, 
    {
        "accumulated_operating_revenue_yoy": -90.89759797724399, 
        "accumulated_operating_revenue": 1152, 
        "long_term_average": 749, 
        "date": "2015-03-31", 
        "operating_revenue": 378, 
        "short_term_average": 384
    }, 
    {
        "accumulated_operating_revenue_yoy": -90.96578759800428, 
        "accumulated_operating_revenue": 1521, 
        "long_term_average": 432, 
        "date": "2015-04-30", 
        "operating_revenue": 369, 
        "short_term_average": 375
    }, 
    {
        "accumulated_operating_revenue_yoy": -88.9493071390984, 
        "accumulated_operating_revenue": 1890, 
        "long_term_average": 440, 
        "date": "2015-05-31", 
        "operating_revenue": 369, 
        "short_term_average": 372
    }, 
    {
        "accumulated_operating_revenue_yoy": -88.81916996047431, 
        "accumulated_operating_revenue": 2263, 
        "long_term_average": 210, 
        "date": "2015-06-30", 
        "operating_revenue": 373, 
        "short_term_average": 370
    }, 
    {
        "accumulated_operating_revenue_yoy": -87.57854262402701, 
        "accumulated_operating_revenue": 2649, 
        "long_term_average": 151, 
        "date": "2015-07-31", 
        "operating_revenue": 386, 
        "short_term_average": 376
    }, 
    {
        "accumulated_operating_revenue_yoy": -79.4005994005994, 
        "accumulated_operating_revenue": 4124, 
        "long_term_average": 383, 
        "date": "2015-08-31", 
        "operating_revenue": 1475, 
        "short_term_average": 744
    }
]