[
    {
        "date": "2011-09-30", 
        "operating_revenue": 48777, 
        "accumulated_operating_revenue": 48777, 
        "long_term_average": 48777, 
        "short_term_average": 48777
    }, 
    {
        "date": "2011-10-31", 
        "operating_revenue": 59023, 
        "accumulated_operating_revenue": 107800, 
        "long_term_average": 53900, 
        "short_term_average": 53900
    }, 
    {
        "date": "2011-11-30", 
        "operating_revenue": 63778, 
        "accumulated_operating_revenue": 171578, 
        "long_term_average": 57192, 
        "short_term_average": 57192
    }, 
    {
        "date": "2011-12-31", 
        "operating_revenue": 55796, 
        "accumulated_operating_revenue": 227374, 
        "long_term_average": 56843, 
        "short_term_average": 59532
    }, 
    {
        "date": "2012-01-31", 
        "operating_revenue": 39759, 
        "accumulated_operating_revenue": 39759, 
        "long_term_average": 53426, 
        "short_term_average": 53111
    }, 
    {
        "date": "2012-02-29", 
        "operating_revenue": 40921, 
        "accumulated_operating_revenue": 80680, 
        "long_term_average": 51342, 
        "short_term_average": 45492
    }, 
    {
        "date": "2012-03-31", 
        "operating_revenue": 47851, 
        "accumulated_operating_revenue": 128531, 
        "long_term_average": 50843, 
        "short_term_average": 42843
    }, 
    {
        "date": "2012-04-30", 
        "operating_revenue": 42537, 
        "accumulated_operating_revenue": 171068, 
        "long_term_average": 49805, 
        "short_term_average": 43769
    }, 
    {
        "date": "2012-05-31", 
        "operating_revenue": 50746, 
        "accumulated_operating_revenue": 221814, 
        "long_term_average": 49909, 
        "short_term_average": 47044
    }, 
    {
        "date": "2012-06-30", 
        "operating_revenue": 32982, 
        "accumulated_operating_revenue": 254796, 
        "long_term_average": 48217, 
        "short_term_average": 42088
    }, 
    {
        "date": "2012-07-31", 
        "operating_revenue": 32039, 
        "accumulated_operating_revenue": 286835, 
        "long_term_average": 46746, 
        "short_term_average": 38589
    }, 
    {
        "date": "2012-08-31", 
        "operating_revenue": 36234, 
        "accumulated_operating_revenue": 323069, 
        "long_term_average": 45870, 
        "short_term_average": 33751
    }, 
    {
        "accumulated_operating_revenue_yoy": 580.2263361830371, 
        "accumulated_operating_revenue": 331794, 
        "long_term_average": 42532, 
        "date": "2012-09-30", 
        "operating_revenue": 8725, 
        "short_term_average": 25666
    }, 
    {
        "accumulated_operating_revenue_yoy": 223.1669758812616, 
        "accumulated_operating_revenue": 348374, 
        "long_term_average": 38995, 
        "date": "2012-10-31", 
        "operating_revenue": 16580, 
        "short_term_average": 20513
    }, 
    {
        "accumulated_operating_revenue_yoy": 115.35861240951637, 
        "accumulated_operating_revenue": 369508, 
        "long_term_average": 35442, 
        "date": "2012-11-30", 
        "operating_revenue": 21134, 
        "short_term_average": 15479
    }, 
    {
        "accumulated_operating_revenue_yoy": 67.17610632702068, 
        "accumulated_operating_revenue": 380115, 
        "long_term_average": 31676, 
        "date": "2012-12-31", 
        "operating_revenue": 10607, 
        "short_term_average": 16107
    }, 
    {
        "accumulated_operating_revenue_yoy": -52.67738122186172, 
        "accumulated_operating_revenue": 18815, 
        "long_term_average": 29930, 
        "date": "2013-01-31", 
        "operating_revenue": 18815, 
        "short_term_average": 16852
    }, 
    {
        "accumulated_operating_revenue_yoy": -57.086018839861175, 
        "accumulated_operating_revenue": 34623, 
        "long_term_average": 27838, 
        "date": "2013-02-28", 
        "operating_revenue": 15808, 
        "short_term_average": 15076
    }, 
    {
        "accumulated_operating_revenue_yoy": -62.410624674203106, 
        "accumulated_operating_revenue": 48314, 
        "long_term_average": 24991, 
        "date": "2013-03-31", 
        "operating_revenue": 13691, 
        "short_term_average": 16104
    }, 
    {
        "accumulated_operating_revenue_yoy": -66.09652302008558, 
        "accumulated_operating_revenue": 57998, 
        "long_term_average": 22253, 
        "date": "2013-04-30", 
        "operating_revenue": 9684, 
        "short_term_average": 13061
    }, 
    {
        "accumulated_operating_revenue_yoy": -65.70505017717548, 
        "accumulated_operating_revenue": 76071, 
        "long_term_average": 19531, 
        "date": "2013-05-31", 
        "operating_revenue": 18073, 
        "short_term_average": 13816
    }, 
    {
        "accumulated_operating_revenue_yoy": -65.98847705615472, 
        "accumulated_operating_revenue": 86660, 
        "long_term_average": 17664, 
        "date": "2013-06-30", 
        "operating_revenue": 10589, 
        "short_term_average": 12782
    }, 
    {
        "accumulated_operating_revenue_yoy": -62.19603604859937, 
        "accumulated_operating_revenue": 108435, 
        "long_term_average": 16809, 
        "date": "2013-07-31", 
        "operating_revenue": 21775, 
        "short_term_average": 16812
    }, 
    {
        "accumulated_operating_revenue_yoy": -62.1631911449257, 
        "accumulated_operating_revenue": 122239, 
        "long_term_average": 14940, 
        "date": "2013-08-31", 
        "operating_revenue": 13804, 
        "short_term_average": 15389
    }, 
    {
        "accumulated_operating_revenue_yoy": -60.84980439670397, 
        "accumulated_operating_revenue": 129898, 
        "long_term_average": 14851, 
        "date": "2013-09-30", 
        "operating_revenue": 7659, 
        "short_term_average": 14412
    }, 
    {
        "accumulated_operating_revenue_yoy": -60.70200416793446, 
        "accumulated_operating_revenue": 136904, 
        "long_term_average": 14053, 
        "date": "2013-10-31", 
        "operating_revenue": 7006, 
        "short_term_average": 9489
    }, 
    {
        "accumulated_operating_revenue_yoy": -61.06714874914751, 
        "accumulated_operating_revenue": 143860, 
        "long_term_average": 12872, 
        "date": "2013-11-30", 
        "operating_revenue": 6956, 
        "short_term_average": 7207
    }, 
    {
        "accumulated_operating_revenue_yoy": -57.576785972666165, 
        "accumulated_operating_revenue": 161257, 
        "long_term_average": 13438, 
        "date": "2013-12-31", 
        "operating_revenue": 17397, 
        "short_term_average": 10453
    }, 
    {
        "accumulated_operating_revenue_yoy": -69.56683497209674, 
        "accumulated_operating_revenue": 5726, 
        "long_term_average": 12347, 
        "date": "2014-01-31", 
        "operating_revenue": 5726, 
        "short_term_average": 10026
    }, 
    {
        "accumulated_operating_revenue_yoy": -71.66334517517258, 
        "accumulated_operating_revenue": 9811, 
        "long_term_average": 11370, 
        "date": "2014-02-28", 
        "operating_revenue": 4085, 
        "short_term_average": 9069
    }, 
    {
        "accumulated_operating_revenue_yoy": -76.62582274289026, 
        "accumulated_operating_revenue": 11293, 
        "long_term_average": 10353, 
        "date": "2014-03-31", 
        "operating_revenue": 1482, 
        "short_term_average": 3764
    }, 
    {
        "accumulated_operating_revenue_yoy": -62.798717197144725, 
        "accumulated_operating_revenue": 21576, 
        "long_term_average": 10402, 
        "date": "2014-04-30", 
        "operating_revenue": 10283, 
        "short_term_average": 5283
    }, 
    {
        "accumulated_operating_revenue_yoy": -62.115655111671984, 
        "accumulated_operating_revenue": 28819, 
        "long_term_average": 9500, 
        "date": "2014-05-31", 
        "operating_revenue": 7243, 
        "short_term_average": 6336
    }, 
    {
        "accumulated_operating_revenue_yoy": -61.16201246249712, 
        "accumulated_operating_revenue": 33657, 
        "long_term_average": 9021, 
        "date": "2014-06-30", 
        "operating_revenue": 4838, 
        "short_term_average": 7454
    }, 
    {
        "accumulated_operating_revenue_yoy": -66.13916170978004, 
        "accumulated_operating_revenue": 36717, 
        "long_term_average": 7461, 
        "date": "2014-07-31", 
        "operating_revenue": 3060, 
        "short_term_average": 5047
    }, 
    {
        "accumulated_operating_revenue_yoy": -59.823787825489404, 
        "accumulated_operating_revenue": 49111, 
        "long_term_average": 7344, 
        "date": "2014-08-31", 
        "operating_revenue": 12394, 
        "short_term_average": 6764
    }, 
    {
        "accumulated_operating_revenue_yoy": -58.97011501331815, 
        "accumulated_operating_revenue": 53297, 
        "long_term_average": 7054, 
        "date": "2014-09-30", 
        "operating_revenue": 4186, 
        "short_term_average": 6546
    }, 
    {
        "accumulated_operating_revenue_yoy": -56.9355168585286, 
        "accumulated_operating_revenue": 58957, 
        "long_term_average": 6942, 
        "date": "2014-10-31", 
        "operating_revenue": 5660, 
        "short_term_average": 7413
    }, 
    {
        "accumulated_operating_revenue_yoy": -55.49075490059781, 
        "accumulated_operating_revenue": 64031, 
        "long_term_average": 6785, 
        "date": "2014-11-30", 
        "operating_revenue": 5074, 
        "short_term_average": 4973
    }, 
    {
        "accumulated_operating_revenue_yoy": -55.78734566561452, 
        "accumulated_operating_revenue": 71296, 
        "long_term_average": 5941, 
        "date": "2014-12-31", 
        "operating_revenue": 7265, 
        "short_term_average": 5999
    }, 
    {
        "accumulated_operating_revenue_yoy": -36.97170799860287, 
        "accumulated_operating_revenue": 3609, 
        "long_term_average": 5764, 
        "date": "2015-01-31", 
        "operating_revenue": 3609, 
        "short_term_average": 5316
    }, 
    {
        "accumulated_operating_revenue_yoy": -6.462134339007236, 
        "accumulated_operating_revenue": 9177, 
        "long_term_average": 5888, 
        "date": "2015-02-28", 
        "operating_revenue": 5568, 
        "short_term_average": 5480
    }, 
    {
        "accumulated_operating_revenue_yoy": 36.26140086779421, 
        "accumulated_operating_revenue": 15388, 
        "long_term_average": 6282, 
        "date": "2015-03-31", 
        "operating_revenue": 6211, 
        "short_term_average": 5129
    }, 
    {
        "accumulated_operating_revenue_yoy": -5.756395995550612, 
        "accumulated_operating_revenue": 20334, 
        "long_term_average": 5837, 
        "date": "2015-04-30", 
        "operating_revenue": 4946, 
        "short_term_average": 5575
    }, 
    {
        "accumulated_operating_revenue_yoy": -6.037683472708977, 
        "accumulated_operating_revenue": 27079, 
        "long_term_average": 5796, 
        "date": "2015-05-31", 
        "operating_revenue": 6745, 
        "short_term_average": 5967
    }, 
    {
        "accumulated_operating_revenue_yoy": 0.606114626972101, 
        "accumulated_operating_revenue": 33861, 
        "long_term_average": 5958, 
        "date": "2015-06-30", 
        "operating_revenue": 6782, 
        "short_term_average": 6157
    }, 
    {
        "accumulated_operating_revenue_yoy": 11.259089794917886, 
        "accumulated_operating_revenue": 40851, 
        "long_term_average": 6285, 
        "date": "2015-07-31", 
        "operating_revenue": 6990, 
        "short_term_average": 6839
    }, 
    {
        "accumulated_operating_revenue_yoy": -1.4701390727128343, 
        "accumulated_operating_revenue": 48389, 
        "long_term_average": 5881, 
        "date": "2015-08-31", 
        "operating_revenue": 7538, 
        "short_term_average": 7103
    }, 
    {
        "accumulated_operating_revenue_yoy": -2.6511811171360486, 
        "accumulated_operating_revenue": 51884, 
        "long_term_average": 5823, 
        "date": "2015-09-30", 
        "operating_revenue": 3495, 
        "short_term_average": 6007
    }
]