[
    {
        "date": "2011-09-30", 
        "operating_revenue": 1269390, 
        "accumulated_operating_revenue": 1269390, 
        "long_term_average": 1269390, 
        "short_term_average": 1269390
    }, 
    {
        "date": "2011-10-31", 
        "operating_revenue": 1424382, 
        "accumulated_operating_revenue": 2693772, 
        "long_term_average": 1346886, 
        "short_term_average": 1346886
    }, 
    {
        "date": "2011-11-30", 
        "operating_revenue": 1426544, 
        "accumulated_operating_revenue": 4120316, 
        "long_term_average": 1373438, 
        "short_term_average": 1373438
    }, 
    {
        "date": "2011-12-31", 
        "operating_revenue": 1328641, 
        "accumulated_operating_revenue": 5448957, 
        "long_term_average": 1362239, 
        "short_term_average": 1393189
    }, 
    {
        "date": "2012-01-31", 
        "operating_revenue": 1153559, 
        "accumulated_operating_revenue": 1153559, 
        "long_term_average": 1320503, 
        "short_term_average": 1302914
    }, 
    {
        "date": "2012-02-29", 
        "operating_revenue": 1503509, 
        "accumulated_operating_revenue": 2657068, 
        "long_term_average": 1351004, 
        "short_term_average": 1328569
    }, 
    {
        "date": "2012-03-31", 
        "operating_revenue": 1587186, 
        "accumulated_operating_revenue": 4244254, 
        "long_term_average": 1384744, 
        "short_term_average": 1414751
    }, 
    {
        "date": "2012-04-30", 
        "operating_revenue": 1626473, 
        "accumulated_operating_revenue": 5870727, 
        "long_term_average": 1414960, 
        "short_term_average": 1572389
    }, 
    {
        "date": "2012-05-31", 
        "operating_revenue": 1577971, 
        "accumulated_operating_revenue": 7448698, 
        "long_term_average": 1433072, 
        "short_term_average": 1597210
    }, 
    {
        "date": "2012-06-30", 
        "operating_revenue": 1408926, 
        "accumulated_operating_revenue": 8857624, 
        "long_term_average": 1430658, 
        "short_term_average": 1537790
    }, 
    {
        "date": "2012-07-31", 
        "operating_revenue": 1042523, 
        "accumulated_operating_revenue": 9900147, 
        "long_term_average": 1395373, 
        "short_term_average": 1343140
    }, 
    {
        "date": "2012-08-31", 
        "operating_revenue": 828215, 
        "accumulated_operating_revenue": 10728362, 
        "long_term_average": 1348109, 
        "short_term_average": 1093221
    }, 
    {
        "accumulated_operating_revenue_yoy": 826.5365254177203, 
        "accumulated_operating_revenue": 11761362, 
        "long_term_average": 1328410, 
        "date": "2012-09-30", 
        "operating_revenue": 1033000, 
        "short_term_average": 967912
    }, 
    {
        "accumulated_operating_revenue_yoy": 372.95665705932055, 
        "accumulated_operating_revenue": 12740374, 
        "long_term_average": 1291296, 
        "date": "2012-10-31", 
        "operating_revenue": 979012, 
        "short_term_average": 946742
    }, 
    {
        "accumulated_operating_revenue_yoy": 238.1064704745947, 
        "accumulated_operating_revenue": 13931055, 
        "long_term_average": 1271641, 
        "date": "2012-11-30", 
        "operating_revenue": 1190681, 
        "short_term_average": 1067564
    }, 
    {
        "accumulated_operating_revenue_yoy": 180.52109789084406, 
        "accumulated_operating_revenue": 15285474, 
        "long_term_average": 1273789, 
        "date": "2012-12-31", 
        "operating_revenue": 1354419, 
        "short_term_average": 1174704
    }, 
    {
        "accumulated_operating_revenue_yoy": 9.822904593523175, 
        "accumulated_operating_revenue": 1266872, 
        "long_term_average": 1283232, 
        "date": "2013-01-31", 
        "operating_revenue": 1266872, 
        "short_term_average": 1270657
    }, 
    {
        "accumulated_operating_revenue_yoy": -10.345425860384454, 
        "accumulated_operating_revenue": 2382183, 
        "long_term_average": 1250882, 
        "date": "2013-02-28", 
        "operating_revenue": 1115311, 
        "short_term_average": 1245534
    }, 
    {
        "accumulated_operating_revenue_yoy": -6.337721540699497, 
        "accumulated_operating_revenue": 3975265, 
        "long_term_average": 1251373, 
        "date": "2013-03-31", 
        "operating_revenue": 1593082, 
        "short_term_average": 1325088
    }, 
    {
        "accumulated_operating_revenue_yoy": -3.1467312310724043, 
        "accumulated_operating_revenue": 5685991, 
        "long_term_average": 1258394, 
        "date": "2013-04-30", 
        "operating_revenue": 1710726, 
        "short_term_average": 1473039
    }, 
    {
        "accumulated_operating_revenue_yoy": -4.002511579876107, 
        "accumulated_operating_revenue": 7150563, 
        "long_term_average": 1248944, 
        "date": "2013-05-31", 
        "operating_revenue": 1464572, 
        "short_term_average": 1589460
    }, 
    {
        "accumulated_operating_revenue_yoy": -3.038422041847791, 
        "accumulated_operating_revenue": 8588492, 
        "long_term_average": 1251361, 
        "date": "2013-06-30", 
        "operating_revenue": 1437929, 
        "short_term_average": 1537742
    }, 
    {
        "accumulated_operating_revenue_yoy": 1.3049099169941618, 
        "accumulated_operating_revenue": 10029335, 
        "long_term_average": 1284555, 
        "date": "2013-07-31", 
        "operating_revenue": 1440843, 
        "short_term_average": 1447781
    }, 
    {
        "accumulated_operating_revenue_yoy": 3.2438595938503942, 
        "accumulated_operating_revenue": 11076375, 
        "long_term_average": 1302790, 
        "date": "2013-08-31", 
        "operating_revenue": 1047040, 
        "short_term_average": 1308604
    }, 
    {
        "accumulated_operating_revenue_yoy": 4.569156191264243, 
        "accumulated_operating_revenue": 12298757, 
        "long_term_average": 1318572, 
        "date": "2013-09-30", 
        "operating_revenue": 1222382, 
        "short_term_average": 1236755
    }, 
    {
        "accumulated_operating_revenue_yoy": 6.217878690217414, 
        "accumulated_operating_revenue": 13532555, 
        "long_term_average": 1339804, 
        "date": "2013-10-31", 
        "operating_revenue": 1233798, 
        "short_term_average": 1167740
    }, 
    {
        "accumulated_operating_revenue_yoy": 7.084668031243865, 
        "accumulated_operating_revenue": 14918024, 
        "long_term_average": 1356036, 
        "date": "2013-11-30", 
        "operating_revenue": 1385469, 
        "short_term_average": 1280549
    }, 
    {
        "accumulated_operating_revenue_yoy": 7.760073387321846, 
        "accumulated_operating_revenue": 16471638, 
        "long_term_average": 1372636, 
        "date": "2013-12-31", 
        "operating_revenue": 1553614, 
        "short_term_average": 1390960
    }, 
    {
        "accumulated_operating_revenue_yoy": 32.91161222286071, 
        "accumulated_operating_revenue": 1683820, 
        "long_term_average": 1407382, 
        "date": "2014-01-31", 
        "operating_revenue": 1683820, 
        "short_term_average": 1540967
    }, 
    {
        "accumulated_operating_revenue_yoy": 39.80768899786457, 
        "accumulated_operating_revenue": 3330475, 
        "long_term_average": 1451660, 
        "date": "2014-02-28", 
        "operating_revenue": 1646655, 
        "short_term_average": 1628029
    }, 
    {
        "accumulated_operating_revenue_yoy": 28.64931017177471, 
        "accumulated_operating_revenue": 5114151, 
        "long_term_average": 1467543, 
        "date": "2014-03-31", 
        "operating_revenue": 1783676, 
        "short_term_average": 1704717
    }, 
    {
        "accumulated_operating_revenue_yoy": 20.30565999840661, 
        "accumulated_operating_revenue": 6840569, 
        "long_term_average": 1468851, 
        "date": "2014-04-30", 
        "operating_revenue": 1726418, 
        "short_term_average": 1718916
    }, 
    {
        "accumulated_operating_revenue_yoy": 18.362987641672408, 
        "accumulated_operating_revenue": 8463620, 
        "long_term_average": 1482057, 
        "date": "2014-05-31", 
        "operating_revenue": 1623051, 
        "short_term_average": 1711048
    }, 
    {
        "accumulated_operating_revenue_yoy": 17.148458658400102, 
        "accumulated_operating_revenue": 10061286, 
        "long_term_average": 1495369, 
        "date": "2014-06-30", 
        "operating_revenue": 1597666, 
        "short_term_average": 1649045
    }, 
    {
        "accumulated_operating_revenue_yoy": 16.316016964235416, 
        "accumulated_operating_revenue": 11665723, 
        "long_term_average": 1509002, 
        "date": "2014-07-31", 
        "operating_revenue": 1604437, 
        "short_term_average": 1608384
    }, 
    {
        "accumulated_operating_revenue_yoy": 17.68180474207491, 
        "accumulated_operating_revenue": 13034878, 
        "long_term_average": 1535845, 
        "date": "2014-08-31", 
        "operating_revenue": 1369155, 
        "short_term_average": 1523752
    }, 
    {
        "accumulated_operating_revenue_yoy": 16.948119228634244, 
        "accumulated_operating_revenue": 14383165, 
        "long_term_average": 1546337, 
        "date": "2014-09-30", 
        "operating_revenue": 1348287, 
        "short_term_average": 1440626
    }, 
    {
        "accumulated_operating_revenue_yoy": 15.146526284208711, 
        "accumulated_operating_revenue": 15582267, 
        "long_term_average": 1543445, 
        "date": "2014-10-31", 
        "operating_revenue": 1199102, 
        "short_term_average": 1305514
    }, 
    {
        "accumulated_operating_revenue_yoy": 12.656602509823017, 
        "accumulated_operating_revenue": 16806139, 
        "long_term_average": 1529979, 
        "date": "2014-11-30", 
        "operating_revenue": 1223872, 
        "short_term_average": 1257087
    }, 
    {
        "accumulated_operating_revenue_yoy": 10.019161421590251, 
        "accumulated_operating_revenue": 18121958, 
        "long_term_average": 1510163, 
        "date": "2014-12-31", 
        "operating_revenue": 1315819, 
        "short_term_average": 1246264
    }, 
    {
        "accumulated_operating_revenue_yoy": -10.849200033257711, 
        "accumulated_operating_revenue": 1501139, 
        "long_term_average": 1494939, 
        "date": "2015-01-31", 
        "operating_revenue": 1501139, 
        "short_term_average": 1346943
    }, 
    {
        "accumulated_operating_revenue_yoy": -22.081985302396806, 
        "accumulated_operating_revenue": 2595040, 
        "long_term_average": 1448876, 
        "date": "2015-02-28", 
        "operating_revenue": 1093901, 
        "short_term_average": 1303619
    }, 
    {
        "accumulated_operating_revenue_yoy": -17.12329182302204, 
        "accumulated_operating_revenue": 4238440, 
        "long_term_average": 1437187, 
        "date": "2015-03-31", 
        "operating_revenue": 1643400, 
        "short_term_average": 1412813
    }, 
    {
        "accumulated_operating_revenue_yoy": -15.629591631924185, 
        "accumulated_operating_revenue": 5771416, 
        "long_term_average": 1421067, 
        "date": "2015-04-30", 
        "operating_revenue": 1532976, 
        "short_term_average": 1423425
    }, 
    {
        "accumulated_operating_revenue_yoy": -11.586058920414668, 
        "accumulated_operating_revenue": 7483020, 
        "long_term_average": 1428446, 
        "date": "2015-05-31", 
        "operating_revenue": 1711604, 
        "short_term_average": 1629326
    }, 
    {
        "accumulated_operating_revenue_yoy": -11.618872577521403, 
        "accumulated_operating_revenue": 8892278, 
        "long_term_average": 1412745, 
        "date": "2015-06-30", 
        "operating_revenue": 1409258, 
        "short_term_average": 1551279
    }, 
    {
        "accumulated_operating_revenue_yoy": -13.434392364708128, 
        "accumulated_operating_revenue": 10098504, 
        "long_term_average": 1379561, 
        "date": "2015-07-31", 
        "operating_revenue": 1206226, 
        "short_term_average": 1442362
    }, 
    {
        "accumulated_operating_revenue_yoy": -15.089285837581295, 
        "accumulated_operating_revenue": 11068008, 
        "long_term_average": 1346257, 
        "date": "2015-08-31", 
        "operating_revenue": 969504, 
        "short_term_average": 1194996
    }, 
    {
        "accumulated_operating_revenue_yoy": -15.26364329408722, 
        "accumulated_operating_revenue": 12187770, 
        "long_term_average": 1327213, 
        "date": "2015-09-30", 
        "operating_revenue": 1119762, 
        "short_term_average": 1098497
    }, 
    {
        "accumulated_operating_revenue_yoy": -16.306221681350987, 
        "accumulated_operating_revenue": 13041388, 
        "long_term_average": 1298423, 
        "date": "2015-10-31", 
        "operating_revenue": 853618, 
        "short_term_average": 980961
    }
]