[
    {
        "date": "2012-01-31", 
        "operating_revenue": 55333, 
        "accumulated_operating_revenue": 55333, 
        "long_term_average": 55333, 
        "short_term_average": 55333
    }, 
    {
        "date": "2012-02-29", 
        "operating_revenue": 58151, 
        "accumulated_operating_revenue": 113484, 
        "long_term_average": 56742, 
        "short_term_average": 56742
    }, 
    {
        "date": "2012-03-31", 
        "operating_revenue": 68044, 
        "accumulated_operating_revenue": 181528, 
        "long_term_average": 60509, 
        "short_term_average": 60509
    }, 
    {
        "date": "2012-04-30", 
        "operating_revenue": 67399, 
        "accumulated_operating_revenue": 248927, 
        "long_term_average": 62231, 
        "short_term_average": 64531
    }, 
    {
        "date": "2012-05-31", 
        "operating_revenue": 71269, 
        "accumulated_operating_revenue": 320196, 
        "long_term_average": 64039, 
        "short_term_average": 68904
    }, 
    {
        "date": "2012-06-30", 
        "operating_revenue": 75950, 
        "accumulated_operating_revenue": 396146, 
        "long_term_average": 66024, 
        "short_term_average": 71539
    }, 
    {
        "date": "2012-07-31", 
        "operating_revenue": 73356, 
        "accumulated_operating_revenue": 469502, 
        "long_term_average": 67071, 
        "short_term_average": 73525
    }, 
    {
        "date": "2012-08-31", 
        "operating_revenue": 81400, 
        "accumulated_operating_revenue": 550902, 
        "long_term_average": 68862, 
        "short_term_average": 76902
    }, 
    {
        "date": "2012-09-30", 
        "operating_revenue": 75315, 
        "accumulated_operating_revenue": 626217, 
        "long_term_average": 69579, 
        "short_term_average": 76690
    }, 
    {
        "date": "2012-10-31", 
        "operating_revenue": 58805, 
        "accumulated_operating_revenue": 685022, 
        "long_term_average": 68502, 
        "short_term_average": 71840
    }, 
    {
        "date": "2012-11-30", 
        "operating_revenue": 66281, 
        "accumulated_operating_revenue": 751303, 
        "long_term_average": 68300, 
        "short_term_average": 66800
    }, 
    {
        "date": "2012-12-31", 
        "operating_revenue": 63017, 
        "accumulated_operating_revenue": 814320, 
        "long_term_average": 67860, 
        "short_term_average": 62701
    }, 
    {
        "accumulated_operating_revenue_yoy": 61.78229989337285, 
        "accumulated_operating_revenue": 89519, 
        "long_term_average": 70708, 
        "date": "2013-01-31", 
        "operating_revenue": 89519, 
        "short_term_average": 72939
    }, 
    {
        "accumulated_operating_revenue_yoy": 17.015614535969828, 
        "accumulated_operating_revenue": 132794, 
        "long_term_average": 69469, 
        "date": "2013-02-28", 
        "operating_revenue": 43275, 
        "short_term_average": 65270
    }, 
    {
        "accumulated_operating_revenue_yoy": 15.096844563924023, 
        "accumulated_operating_revenue": 208933, 
        "long_term_average": 70143, 
        "date": "2013-03-31", 
        "operating_revenue": 76139, 
        "short_term_average": 69644
    }, 
    {
        "accumulated_operating_revenue_yoy": 20.060499664560293, 
        "accumulated_operating_revenue": 298863, 
        "long_term_average": 72021, 
        "date": "2013-04-30", 
        "operating_revenue": 89930, 
        "short_term_average": 69781
    }, 
    {
        "accumulated_operating_revenue_yoy": 23.242638883683746, 
        "accumulated_operating_revenue": 394618, 
        "long_term_average": 74061, 
        "date": "2013-05-31", 
        "operating_revenue": 95755, 
        "short_term_average": 87274
    }, 
    {
        "accumulated_operating_revenue_yoy": 21.934084908089442, 
        "accumulated_operating_revenue": 483037, 
        "long_term_average": 75100, 
        "date": "2013-06-30", 
        "operating_revenue": 88419, 
        "short_term_average": 91368
    }, 
    {
        "accumulated_operating_revenue_yoy": 22.687443290976397, 
        "accumulated_operating_revenue": 576020, 
        "long_term_average": 76736, 
        "date": "2013-07-31", 
        "operating_revenue": 92983, 
        "short_term_average": 92385
    }, 
    {
        "accumulated_operating_revenue_yoy": 18.943296629890614, 
        "accumulated_operating_revenue": 655261, 
        "long_term_average": 76556, 
        "date": "2013-08-31", 
        "operating_revenue": 79241, 
        "short_term_average": 86881
    }, 
    {
        "accumulated_operating_revenue_yoy": 19.12452073322826, 
        "accumulated_operating_revenue": 745978, 
        "long_term_average": 77840, 
        "date": "2013-09-30", 
        "operating_revenue": 90717, 
        "short_term_average": 87647
    }, 
    {
        "accumulated_operating_revenue_yoy": 21.620327522327752, 
        "accumulated_operating_revenue": 833126, 
        "long_term_average": 80202, 
        "date": "2013-10-31", 
        "operating_revenue": 87148, 
        "short_term_average": 85702
    }, 
    {
        "accumulated_operating_revenue_yoy": 22.829936789817157, 
        "accumulated_operating_revenue": 922825, 
        "long_term_average": 82153, 
        "date": "2013-11-30", 
        "operating_revenue": 89699, 
        "short_term_average": 89188
    }, 
    {
        "accumulated_operating_revenue_yoy": 25.014122212398078, 
        "accumulated_operating_revenue": 1018015, 
        "long_term_average": 84834, 
        "date": "2013-12-31", 
        "operating_revenue": 95190, 
        "short_term_average": 90679
    }, 
    {
        "accumulated_operating_revenue_yoy": 11.02447525106402, 
        "accumulated_operating_revenue": 99388, 
        "long_term_average": 85657, 
        "date": "2014-01-31", 
        "operating_revenue": 99388, 
        "short_term_average": 94759
    }, 
    {
        "accumulated_operating_revenue_yoy": 16.682982664879436, 
        "accumulated_operating_revenue": 154948, 
        "long_term_average": 86680, 
        "date": "2014-02-28", 
        "operating_revenue": 55560, 
        "short_term_average": 83379
    }, 
    {
        "accumulated_operating_revenue_yoy": 22.759927823752115, 
        "accumulated_operating_revenue": 256486, 
        "long_term_average": 88797, 
        "date": "2014-03-31", 
        "operating_revenue": 101538, 
        "short_term_average": 85495
    }, 
    {
        "accumulated_operating_revenue_yoy": 20.436119559798303, 
        "accumulated_operating_revenue": 359939, 
        "long_term_average": 89924, 
        "date": "2014-04-30", 
        "operating_revenue": 103453, 
        "short_term_average": 86850
    }, 
    {
        "accumulated_operating_revenue_yoy": 19.82144757715056, 
        "accumulated_operating_revenue": 472837, 
        "long_term_average": 91352, 
        "date": "2014-05-31", 
        "operating_revenue": 112898, 
        "short_term_average": 105963
    }, 
    {
        "accumulated_operating_revenue_yoy": 19.064171067640782, 
        "accumulated_operating_revenue": 575124, 
        "long_term_average": 92508, 
        "date": "2014-06-30", 
        "operating_revenue": 102287, 
        "short_term_average": 106212
    }, 
    {
        "accumulated_operating_revenue_yoy": 18.109614249505228, 
        "accumulated_operating_revenue": 680335, 
        "long_term_average": 93527, 
        "date": "2014-07-31", 
        "operating_revenue": 105211, 
        "short_term_average": 106798
    }, 
    {
        "accumulated_operating_revenue_yoy": 16.628030662590938, 
        "accumulated_operating_revenue": 764218, 
        "long_term_average": 93914, 
        "date": "2014-08-31", 
        "operating_revenue": 83883, 
        "short_term_average": 97127
    }, 
    {
        "accumulated_operating_revenue_yoy": 14.619465989613634, 
        "accumulated_operating_revenue": 855036, 
        "long_term_average": 93922, 
        "date": "2014-09-30", 
        "operating_revenue": 90818, 
        "short_term_average": 93304
    }, 
    {
        "accumulated_operating_revenue_yoy": 12.588371986950353, 
        "accumulated_operating_revenue": 938003, 
        "long_term_average": 93574, 
        "date": "2014-10-31", 
        "operating_revenue": 82967, 
        "short_term_average": 85889
    }, 
    {
        "accumulated_operating_revenue_yoy": 10.689133909462791, 
        "accumulated_operating_revenue": 1021467, 
        "long_term_average": 93054, 
        "date": "2014-11-30", 
        "operating_revenue": 83464, 
        "short_term_average": 85749
    }, 
    {
        "accumulated_operating_revenue_yoy": 11.611911415843577, 
        "accumulated_operating_revenue": 1136226, 
        "long_term_average": 94685, 
        "date": "2014-12-31", 
        "operating_revenue": 114759, 
        "short_term_average": 93730
    }, 
    {
        "accumulated_operating_revenue_yoy": 1.038354730953435, 
        "accumulated_operating_revenue": 100420, 
        "long_term_average": 94771, 
        "date": "2015-01-31", 
        "operating_revenue": 100420, 
        "short_term_average": 99547
    }, 
    {
        "accumulated_operating_revenue_yoy": 2.062627462116323, 
        "accumulated_operating_revenue": 158144, 
        "long_term_average": 94951, 
        "date": "2015-02-28", 
        "operating_revenue": 57724, 
        "short_term_average": 90967
    }, 
    {
        "accumulated_operating_revenue_yoy": 2.3030496791247868, 
        "accumulated_operating_revenue": 262393, 
        "long_term_average": 95177, 
        "date": "2015-03-31", 
        "operating_revenue": 104249, 
        "short_term_average": 87464
    }, 
    {
        "accumulated_operating_revenue_yoy": 0.5570388315797955, 
        "accumulated_operating_revenue": 361944, 
        "long_term_average": 94852, 
        "date": "2015-04-30", 
        "operating_revenue": 99551, 
        "short_term_average": 87174
    }, 
    {
        "accumulated_operating_revenue_yoy": -3.183549510719339, 
        "accumulated_operating_revenue": 457784, 
        "long_term_average": 93431, 
        "date": "2015-05-31", 
        "operating_revenue": 95840, 
        "short_term_average": 99880
    }, 
    {
        "accumulated_operating_revenue_yoy": -3.5100256640307137, 
        "accumulated_operating_revenue": 554937, 
        "long_term_average": 93003, 
        "date": "2015-06-30", 
        "operating_revenue": 97153, 
        "short_term_average": 97514
    }, 
    {
        "accumulated_operating_revenue_yoy": -1.34345579751152, 
        "accumulated_operating_revenue": 671195, 
        "long_term_average": 93923, 
        "date": "2015-07-31", 
        "operating_revenue": 116258, 
        "short_term_average": 103083
    }, 
    {
        "accumulated_operating_revenue_yoy": 1.3362679235506099, 
        "accumulated_operating_revenue": 774430, 
        "long_term_average": 95536, 
        "date": "2015-08-31", 
        "operating_revenue": 103235, 
        "short_term_average": 105548
    }
]