[
    {
        "date": "2012-01-31", 
        "operating_revenue": 292064, 
        "accumulated_operating_revenue": 292064, 
        "long_term_average": 292064, 
        "short_term_average": 292064
    }, 
    {
        "date": "2012-02-29", 
        "operating_revenue": 325618, 
        "accumulated_operating_revenue": 617682, 
        "long_term_average": 308841, 
        "short_term_average": 308841
    }, 
    {
        "date": "2012-03-31", 
        "operating_revenue": 314143, 
        "accumulated_operating_revenue": 931825, 
        "long_term_average": 310608, 
        "short_term_average": 310608
    }, 
    {
        "date": "2012-04-30", 
        "operating_revenue": 301471, 
        "accumulated_operating_revenue": 1233296, 
        "long_term_average": 308324, 
        "short_term_average": 313744
    }, 
    {
        "date": "2012-05-31", 
        "operating_revenue": 290142, 
        "accumulated_operating_revenue": 1523438, 
        "long_term_average": 304687, 
        "short_term_average": 301918
    }, 
    {
        "date": "2012-06-30", 
        "operating_revenue": 285141, 
        "accumulated_operating_revenue": 1808579, 
        "long_term_average": 301429, 
        "short_term_average": 292251
    }, 
    {
        "date": "2012-07-31", 
        "operating_revenue": 326153, 
        "accumulated_operating_revenue": 2134732, 
        "long_term_average": 304961, 
        "short_term_average": 300478
    }, 
    {
        "date": "2012-08-31", 
        "operating_revenue": 284183, 
        "accumulated_operating_revenue": 2418915, 
        "long_term_average": 302364, 
        "short_term_average": 298492
    }, 
    {
        "date": "2012-09-30", 
        "operating_revenue": 296223, 
        "accumulated_operating_revenue": 2715138, 
        "long_term_average": 301682, 
        "short_term_average": 302186
    }, 
    {
        "date": "2012-10-31", 
        "operating_revenue": 347483, 
        "accumulated_operating_revenue": 3062621, 
        "long_term_average": 306262, 
        "short_term_average": 309296
    }, 
    {
        "date": "2012-11-30", 
        "operating_revenue": 311378, 
        "accumulated_operating_revenue": 3373999, 
        "long_term_average": 306727, 
        "short_term_average": 318361
    }, 
    {
        "date": "2012-12-31", 
        "operating_revenue": 294938, 
        "accumulated_operating_revenue": 3668937, 
        "long_term_average": 305744, 
        "short_term_average": 317933
    }, 
    {
        "accumulated_operating_revenue_yoy": 9.081913553193822, 
        "accumulated_operating_revenue": 318589, 
        "long_term_average": 307955, 
        "date": "2013-01-31", 
        "operating_revenue": 318589, 
        "short_term_average": 308301
    }, 
    {
        "accumulated_operating_revenue_yoy": -9.975197593583754, 
        "accumulated_operating_revenue": 556067, 
        "long_term_average": 300610, 
        "date": "2013-02-28", 
        "operating_revenue": 237478, 
        "short_term_average": 283668
    }, 
    {
        "accumulated_operating_revenue_yoy": -8.388592278593084, 
        "accumulated_operating_revenue": 853658, 
        "long_term_average": 299230, 
        "date": "2013-03-31", 
        "operating_revenue": 297591, 
        "short_term_average": 284552
    }, 
    {
        "accumulated_operating_revenue_yoy": -5.621197182184974, 
        "accumulated_operating_revenue": 1163970, 
        "long_term_average": 299967, 
        "date": "2013-04-30", 
        "operating_revenue": 310312, 
        "short_term_average": 281793
    }, 
    {
        "accumulated_operating_revenue_yoy": -4.66477795617544, 
        "accumulated_operating_revenue": 1452373, 
        "long_term_average": 299822, 
        "date": "2013-05-31", 
        "operating_revenue": 288403, 
        "short_term_average": 298768
    }, 
    {
        "accumulated_operating_revenue_yoy": -4.775627716566431, 
        "accumulated_operating_revenue": 1722208, 
        "long_term_average": 298547, 
        "date": "2013-06-30", 
        "operating_revenue": 269835, 
        "short_term_average": 289516
    }, 
    {
        "accumulated_operating_revenue_yoy": -6.199700946067234, 
        "accumulated_operating_revenue": 2002385, 
        "long_term_average": 294715, 
        "date": "2013-07-31", 
        "operating_revenue": 280177, 
        "short_term_average": 279471
    }, 
    {
        "accumulated_operating_revenue_yoy": -5.954405177527941, 
        "accumulated_operating_revenue": 2274883, 
        "long_term_average": 293742, 
        "date": "2013-08-31", 
        "operating_revenue": 272498, 
        "short_term_average": 274170
    }, 
    {
        "accumulated_operating_revenue_yoy": -5.9992530766391985, 
        "accumulated_operating_revenue": 2552250, 
        "long_term_average": 292170, 
        "date": "2013-09-30", 
        "operating_revenue": 277367, 
        "short_term_average": 276680
    }, 
    {
        "accumulated_operating_revenue_yoy": -7.458219609935411, 
        "accumulated_operating_revenue": 2834204, 
        "long_term_average": 286710, 
        "date": "2013-10-31", 
        "operating_revenue": 281954, 
        "short_term_average": 277273
    }, 
    {
        "accumulated_operating_revenue_yoy": -7.443955970348538, 
        "accumulated_operating_revenue": 3122840, 
        "long_term_average": 284814, 
        "date": "2013-11-30", 
        "operating_revenue": 288636, 
        "short_term_average": 282652
    }, 
    {
        "accumulated_operating_revenue_yoy": -6.630748906290841, 
        "accumulated_operating_revenue": 3425659, 
        "long_term_average": 285471, 
        "date": "2013-12-31", 
        "operating_revenue": 302819, 
        "short_term_average": 291136
    }, 
    {
        "accumulated_operating_revenue_yoy": -7.674464592311725, 
        "accumulated_operating_revenue": 294139, 
        "long_term_average": 283434, 
        "date": "2014-01-31", 
        "operating_revenue": 294139, 
        "short_term_average": 295198
    }, 
    {
        "accumulated_operating_revenue_yoy": -2.726649846151633, 
        "accumulated_operating_revenue": 540905, 
        "long_term_average": 284208, 
        "date": "2014-02-28", 
        "operating_revenue": 246766, 
        "short_term_average": 281241
    }, 
    {
        "accumulated_operating_revenue_yoy": 2.0402784253178674, 
        "accumulated_operating_revenue": 871075, 
        "long_term_average": 286923, 
        "date": "2014-03-31", 
        "operating_revenue": 330170, 
        "short_term_average": 290358
    }, 
    {
        "accumulated_operating_revenue_yoy": 1.0339613563923469, 
        "accumulated_operating_revenue": 1176005, 
        "long_term_average": 286474, 
        "date": "2014-04-30", 
        "operating_revenue": 304930, 
        "short_term_average": 293955
    }, 
    {
        "accumulated_operating_revenue_yoy": 0.9230411196021958, 
        "accumulated_operating_revenue": 1465779, 
        "long_term_average": 286588, 
        "date": "2014-05-31", 
        "operating_revenue": 289774, 
        "short_term_average": 308291
    }, 
    {
        "accumulated_operating_revenue_yoy": 1.478915438785559, 
        "accumulated_operating_revenue": 1747678, 
        "long_term_average": 287594, 
        "date": "2014-06-30", 
        "operating_revenue": 281899, 
        "short_term_average": 292201
    }, 
    {
        "accumulated_operating_revenue_yoy": 1.2136027786864165, 
        "accumulated_operating_revenue": 2026686, 
        "long_term_average": 287496, 
        "date": "2014-07-31", 
        "operating_revenue": 279008, 
        "short_term_average": 283560
    }, 
    {
        "accumulated_operating_revenue_yoy": 1.233821695445436, 
        "accumulated_operating_revenue": 2302951, 
        "long_term_average": 287810, 
        "date": "2014-08-31", 
        "operating_revenue": 276265, 
        "short_term_average": 279057
    }, 
    {
        "accumulated_operating_revenue_yoy": 1.2600254677245566, 
        "accumulated_operating_revenue": 2584409, 
        "long_term_average": 288151, 
        "date": "2014-09-30", 
        "operating_revenue": 281458, 
        "short_term_average": 278910
    }, 
    {
        "accumulated_operating_revenue_yoy": 1.0937109678766948, 
        "accumulated_operating_revenue": 2865202, 
        "long_term_average": 288054, 
        "date": "2014-10-31", 
        "operating_revenue": 280793, 
        "short_term_average": 279505
    }, 
    {
        "accumulated_operating_revenue_yoy": 0.6788692344148276, 
        "accumulated_operating_revenue": 3144040, 
        "long_term_average": 287238, 
        "date": "2014-11-30", 
        "operating_revenue": 278838, 
        "short_term_average": 280363
    }, 
    {
        "accumulated_operating_revenue_yoy": 0.6713452798425062, 
        "accumulated_operating_revenue": 3448657, 
        "long_term_average": 287388, 
        "date": "2014-12-31", 
        "operating_revenue": 304617, 
        "short_term_average": 288082
    }, 
    {
        "accumulated_operating_revenue_yoy": 2.731361703140352, 
        "accumulated_operating_revenue": 302173, 
        "long_term_average": 288057, 
        "date": "2015-01-31", 
        "operating_revenue": 302173, 
        "short_term_average": 295209
    }, 
    {
        "accumulated_operating_revenue_yoy": 1.0561928619628216, 
        "accumulated_operating_revenue": 546618, 
        "long_term_average": 287864, 
        "date": "2015-02-28", 
        "operating_revenue": 244445, 
        "short_term_average": 283745
    }, 
    {
        "accumulated_operating_revenue_yoy": -0.606032775593376, 
        "accumulated_operating_revenue": 865796, 
        "long_term_average": 286948, 
        "date": "2015-03-31", 
        "operating_revenue": 319178, 
        "short_term_average": 288598
    }, 
    {
        "accumulated_operating_revenue_yoy": -2.188426069617051, 
        "accumulated_operating_revenue": 1150269, 
        "long_term_average": 285243, 
        "date": "2015-04-30", 
        "operating_revenue": 284473, 
        "short_term_average": 282698
    }, 
    {
        "accumulated_operating_revenue_yoy": -2.5710560732552454, 
        "accumulated_operating_revenue": 1428093, 
        "long_term_average": 284247, 
        "date": "2015-05-31", 
        "operating_revenue": 277824, 
        "short_term_average": 293825
    }, 
    {
        "accumulated_operating_revenue_yoy": -3.0983396254916524, 
        "accumulated_operating_revenue": 1693529, 
        "long_term_average": 282875, 
        "date": "2015-06-30", 
        "operating_revenue": 265436, 
        "short_term_average": 275911
    }, 
    {
        "accumulated_operating_revenue_yoy": -3.127470165580657, 
        "accumulated_operating_revenue": 1963302, 
        "long_term_average": 282106, 
        "date": "2015-07-31", 
        "operating_revenue": 269773, 
        "short_term_average": 271011
    }, 
    {
        "accumulated_operating_revenue_yoy": -3.5327716482026754, 
        "accumulated_operating_revenue": 2221593, 
        "long_term_average": 280608, 
        "date": "2015-08-31", 
        "operating_revenue": 258291, 
        "short_term_average": 264500
    }, 
    {
        "accumulated_operating_revenue_yoy": -3.145090424928872, 
        "accumulated_operating_revenue": 2503127, 
        "long_term_average": 280614, 
        "date": "2015-09-30", 
        "operating_revenue": 281534, 
        "short_term_average": 269866
    }
]