[
    {
        "date": "2011-09-30", 
        "operating_revenue": 526360, 
        "accumulated_operating_revenue": 526360, 
        "long_term_average": 526360, 
        "short_term_average": 526360
    }, 
    {
        "date": "2011-10-31", 
        "operating_revenue": 462023, 
        "accumulated_operating_revenue": 988383, 
        "long_term_average": 494191, 
        "short_term_average": 494191
    }, 
    {
        "date": "2011-11-30", 
        "operating_revenue": 500683, 
        "accumulated_operating_revenue": 1489066, 
        "long_term_average": 496355, 
        "short_term_average": 496355
    }, 
    {
        "date": "2011-12-31", 
        "operating_revenue": 649062, 
        "accumulated_operating_revenue": 2138128, 
        "long_term_average": 534532, 
        "short_term_average": 537256
    }, 
    {
        "date": "2012-01-31", 
        "operating_revenue": 374039, 
        "accumulated_operating_revenue": 374039, 
        "long_term_average": 502433, 
        "short_term_average": 507928
    }, 
    {
        "date": "2012-02-29", 
        "operating_revenue": 495995, 
        "accumulated_operating_revenue": 870034, 
        "long_term_average": 501360, 
        "short_term_average": 506365
    }, 
    {
        "date": "2012-03-31", 
        "operating_revenue": 481296, 
        "accumulated_operating_revenue": 1351330, 
        "long_term_average": 498494, 
        "short_term_average": 450443
    }, 
    {
        "date": "2012-04-30", 
        "operating_revenue": 415311, 
        "accumulated_operating_revenue": 1766641, 
        "long_term_average": 488096, 
        "short_term_average": 464200
    }, 
    {
        "date": "2012-05-31", 
        "operating_revenue": 500172, 
        "accumulated_operating_revenue": 2266813, 
        "long_term_average": 489437, 
        "short_term_average": 465593
    }, 
    {
        "date": "2012-06-30", 
        "operating_revenue": 538511, 
        "accumulated_operating_revenue": 2805324, 
        "long_term_average": 494345, 
        "short_term_average": 484664
    }, 
    {
        "date": "2012-07-31", 
        "operating_revenue": 527355, 
        "accumulated_operating_revenue": 3332679, 
        "long_term_average": 497346, 
        "short_term_average": 522012
    }, 
    {
        "date": "2012-08-31", 
        "operating_revenue": 651446, 
        "accumulated_operating_revenue": 3984125, 
        "long_term_average": 510187, 
        "short_term_average": 572437
    }, 
    {
        "accumulated_operating_revenue_yoy": 776.8441750892924, 
        "accumulated_operating_revenue": 4615357, 
        "long_term_average": 518927, 
        "date": "2012-09-30", 
        "operating_revenue": 631232, 
        "short_term_average": 603344
    }, 
    {
        "accumulated_operating_revenue_yoy": 419.2710720439344, 
        "accumulated_operating_revenue": 5132387, 
        "long_term_average": 523511, 
        "date": "2012-10-31", 
        "operating_revenue": 517030, 
        "short_term_average": 599902
    }, 
    {
        "accumulated_operating_revenue_yoy": 286.9456424362654, 
        "accumulated_operating_revenue": 5761876, 
        "long_term_average": 534244, 
        "date": "2012-11-30", 
        "operating_revenue": 629489, 
        "short_term_average": 592583
    }, 
    {
        "accumulated_operating_revenue_yoy": 193.20578562181495, 
        "accumulated_operating_revenue": 6269115, 
        "long_term_average": 522426, 
        "date": "2012-12-31", 
        "operating_revenue": 507239, 
        "short_term_average": 551252
    }, 
    {
        "accumulated_operating_revenue_yoy": 56.54677720772433, 
        "accumulated_operating_revenue": 585546, 
        "long_term_average": 540051, 
        "date": "2013-01-31", 
        "operating_revenue": 585546, 
        "short_term_average": 574091
    }, 
    {
        "accumulated_operating_revenue_yoy": 3.7395090306815595, 
        "accumulated_operating_revenue": 902569, 
        "long_term_average": 525137, 
        "date": "2013-02-28", 
        "operating_revenue": 317023, 
        "short_term_average": 469936
    }, 
    {
        "accumulated_operating_revenue_yoy": -0.994427711957849, 
        "accumulated_operating_revenue": 1337892, 
        "long_term_average": 521306, 
        "date": "2013-03-31", 
        "operating_revenue": 435323, 
        "short_term_average": 445964
    }, 
    {
        "accumulated_operating_revenue_yoy": 1.7814598438505616, 
        "accumulated_operating_revenue": 1798113, 
        "long_term_average": 525048, 
        "date": "2013-04-30", 
        "operating_revenue": 460221, 
        "short_term_average": 404189
    }, 
    {
        "accumulated_operating_revenue_yoy": 3.687908971759029, 
        "accumulated_operating_revenue": 2350411, 
        "long_term_average": 529392, 
        "date": "2013-05-31", 
        "operating_revenue": 552298, 
        "short_term_average": 482614
    }, 
    {
        "accumulated_operating_revenue_yoy": 0.25825893907441705, 
        "accumulated_operating_revenue": 2812569, 
        "long_term_average": 523030, 
        "date": "2013-06-30", 
        "operating_revenue": 462158, 
        "short_term_average": 491559
    }, 
    {
        "accumulated_operating_revenue_yoy": 0.09469858933308609, 
        "accumulated_operating_revenue": 3335835, 
        "long_term_average": 522689, 
        "date": "2013-07-31", 
        "operating_revenue": 523266, 
        "short_term_average": 512574
    }, 
    {
        "accumulated_operating_revenue_yoy": -1.5042198726194584, 
        "accumulated_operating_revenue": 3924195, 
        "long_term_average": 517432, 
        "date": "2013-08-31", 
        "operating_revenue": 588360, 
        "short_term_average": 524594
    }, 
    {
        "accumulated_operating_revenue_yoy": -2.604283915632095, 
        "accumulated_operating_revenue": 4495160, 
        "long_term_average": 512409, 
        "date": "2013-09-30", 
        "operating_revenue": 570965, 
        "short_term_average": 560863
    }, 
    {
        "accumulated_operating_revenue_yoy": -3.118646353051709, 
        "accumulated_operating_revenue": 4972326, 
        "long_term_average": 509087, 
        "date": "2013-10-31", 
        "operating_revenue": 477166, 
        "short_term_average": 545497
    }, 
    {
        "accumulated_operating_revenue_yoy": -4.703763149363159, 
        "accumulated_operating_revenue": 5490851, 
        "long_term_average": 499840, 
        "date": "2013-11-30", 
        "operating_revenue": 518525, 
        "short_term_average": 522218
    }, 
    {
        "accumulated_operating_revenue_yoy": -3.5331462255836747, 
        "accumulated_operating_revenue": 6047618, 
        "long_term_average": 503968, 
        "date": "2013-12-31", 
        "operating_revenue": 556767, 
        "short_term_average": 517486
    }, 
    {
        "accumulated_operating_revenue_yoy": -20.695214381107547, 
        "accumulated_operating_revenue": 464366, 
        "long_term_average": 493869, 
        "date": "2014-01-31", 
        "operating_revenue": 464366, 
        "short_term_average": 513219
    }, 
    {
        "accumulated_operating_revenue_yoy": -12.588843623036022, 
        "accumulated_operating_revenue": 788946, 
        "long_term_average": 494499, 
        "date": "2014-02-28", 
        "operating_revenue": 324580, 
        "short_term_average": 448571
    }, 
    {
        "accumulated_operating_revenue_yoy": -4.706508447617595, 
        "accumulated_operating_revenue": 1274924, 
        "long_term_average": 498720, 
        "date": "2014-03-31", 
        "operating_revenue": 485978, 
        "short_term_average": 424974
    }, 
    {
        "accumulated_operating_revenue_yoy": 1.6612415348757281, 
        "accumulated_operating_revenue": 1827984, 
        "long_term_average": 506457, 
        "date": "2014-04-30", 
        "operating_revenue": 553060, 
        "short_term_average": 454539
    }, 
    {
        "accumulated_operating_revenue_yoy": 2.936975703398257, 
        "accumulated_operating_revenue": 2419442, 
        "long_term_average": 509720, 
        "date": "2014-05-31", 
        "operating_revenue": 591458, 
        "short_term_average": 543498
    }, 
    {
        "accumulated_operating_revenue_yoy": 7.0374451257906925, 
        "accumulated_operating_revenue": 3010502, 
        "long_term_average": 520462, 
        "date": "2014-06-30", 
        "operating_revenue": 591060, 
        "short_term_average": 578526
    }, 
    {
        "accumulated_operating_revenue_yoy": 9.144726882474703, 
        "accumulated_operating_revenue": 3640888, 
        "long_term_average": 529389, 
        "date": "2014-07-31", 
        "operating_revenue": 630386, 
        "short_term_average": 604301
    }, 
    {
        "accumulated_operating_revenue_yoy": 8.302772925402536, 
        "accumulated_operating_revenue": 4250012, 
        "long_term_average": 531119, 
        "date": "2014-08-31", 
        "operating_revenue": 609124, 
        "short_term_average": 610190
    }, 
    {
        "accumulated_operating_revenue_yoy": 7.665778303775617, 
        "accumulated_operating_revenue": 4839749, 
        "long_term_average": 532683, 
        "date": "2014-09-30", 
        "operating_revenue": 589737, 
        "short_term_average": 609749
    }, 
    {
        "accumulated_operating_revenue_yoy": 8.371152655718873, 
        "accumulated_operating_revenue": 5388567, 
        "long_term_average": 538654, 
        "date": "2014-10-31", 
        "operating_revenue": 548818, 
        "short_term_average": 582559
    }, 
    {
        "accumulated_operating_revenue_yoy": 8.099181711541616, 
        "accumulated_operating_revenue": 5935565, 
        "long_term_average": 541027, 
        "date": "2014-11-30", 
        "operating_revenue": 546998, 
        "short_term_average": 561851
    }, 
    {
        "accumulated_operating_revenue_yoy": 8.41526366248662, 
        "accumulated_operating_revenue": 6556541, 
        "long_term_average": 546378, 
        "date": "2014-12-31", 
        "operating_revenue": 620976, 
        "short_term_average": 572264
    }, 
    {
        "accumulated_operating_revenue_yoy": 26.366056085070827, 
        "accumulated_operating_revenue": 586801, 
        "long_term_average": 556581, 
        "date": "2015-01-31", 
        "operating_revenue": 586801, 
        "short_term_average": 584925
    }, 
    {
        "accumulated_operating_revenue_yoy": 17.981078552904762, 
        "accumulated_operating_revenue": 930807, 
        "long_term_average": 558200, 
        "date": "2015-02-28", 
        "operating_revenue": 344006, 
        "short_term_average": 517261
    }, 
    {
        "accumulated_operating_revenue_yoy": 10.554668356702045, 
        "accumulated_operating_revenue": 1409488, 
        "long_term_average": 557592, 
        "date": "2015-03-31", 
        "operating_revenue": 478681, 
        "short_term_average": 469829
    }, 
    {
        "accumulated_operating_revenue_yoy": 9.130386261586535, 
        "accumulated_operating_revenue": 1994886, 
        "long_term_average": 560286, 
        "date": "2015-04-30", 
        "operating_revenue": 585398, 
        "short_term_average": 469361
    }, 
    {
        "accumulated_operating_revenue_yoy": 6.155468905640226, 
        "accumulated_operating_revenue": 2568370, 
        "long_term_average": 558789, 
        "date": "2015-05-31", 
        "operating_revenue": 573484, 
        "short_term_average": 545854
    }, 
    {
        "accumulated_operating_revenue_yoy": 4.167677018650045, 
        "accumulated_operating_revenue": 3135970, 
        "long_term_average": 556834, 
        "date": "2015-06-30", 
        "operating_revenue": 567600, 
        "short_term_average": 575494
    }, 
    {
        "accumulated_operating_revenue_yoy": 4.148465978629389, 
        "accumulated_operating_revenue": 3791929, 
        "long_term_average": 558965, 
        "date": "2015-07-31", 
        "operating_revenue": 655959, 
        "short_term_average": 599014
    }, 
    {
        "accumulated_operating_revenue_yoy": 4.663022127937521, 
        "accumulated_operating_revenue": 4448191, 
        "long_term_average": 562893, 
        "date": "2015-08-31", 
        "operating_revenue": 656262, 
        "short_term_average": 626607
    }, 
    {
        "accumulated_operating_revenue_yoy": 4.245654061811884, 
        "accumulated_operating_revenue": 5045228, 
        "long_term_average": 563501, 
        "date": "2015-09-30", 
        "operating_revenue": 597037, 
        "short_term_average": 636419
    }, 
    {
        "accumulated_operating_revenue_yoy": 4.464693489011086, 
        "accumulated_operating_revenue": 5629150, 
        "long_term_average": 566427, 
        "date": "2015-10-31", 
        "operating_revenue": 583922, 
        "short_term_average": 612407
    }
]