[
    {
        "date": "2012-01-31", 
        "operating_revenue": 36579, 
        "accumulated_operating_revenue": 36579, 
        "long_term_average": 36579, 
        "short_term_average": 36579
    }, 
    {
        "date": "2012-02-29", 
        "operating_revenue": 48907, 
        "accumulated_operating_revenue": 85486, 
        "long_term_average": 42743, 
        "short_term_average": 42743
    }, 
    {
        "date": "2012-03-31", 
        "operating_revenue": 47601, 
        "accumulated_operating_revenue": 133087, 
        "long_term_average": 44362, 
        "short_term_average": 44362
    }, 
    {
        "date": "2012-04-30", 
        "operating_revenue": 49805, 
        "accumulated_operating_revenue": 182892, 
        "long_term_average": 45723, 
        "short_term_average": 48771
    }, 
    {
        "date": "2012-05-31", 
        "operating_revenue": 45745, 
        "accumulated_operating_revenue": 228637, 
        "long_term_average": 45727, 
        "short_term_average": 47717
    }, 
    {
        "date": "2012-06-30", 
        "operating_revenue": 46746, 
        "accumulated_operating_revenue": 275383, 
        "long_term_average": 45897, 
        "short_term_average": 47432
    }, 
    {
        "date": "2012-07-31", 
        "operating_revenue": 66948, 
        "accumulated_operating_revenue": 342331, 
        "long_term_average": 48904, 
        "short_term_average": 53146
    }, 
    {
        "date": "2012-08-31", 
        "operating_revenue": 66319, 
        "accumulated_operating_revenue": 408650, 
        "long_term_average": 51081, 
        "short_term_average": 60004
    }, 
    {
        "date": "2012-09-30", 
        "operating_revenue": 73118, 
        "accumulated_operating_revenue": 481768, 
        "long_term_average": 53529, 
        "short_term_average": 68795
    }, 
    {
        "date": "2012-10-31", 
        "operating_revenue": 81535, 
        "accumulated_operating_revenue": 563303, 
        "long_term_average": 56330, 
        "short_term_average": 73657
    }, 
    {
        "date": "2012-11-30", 
        "operating_revenue": 81405, 
        "accumulated_operating_revenue": 644708, 
        "long_term_average": 58609, 
        "short_term_average": 78686
    }, 
    {
        "date": "2012-12-31", 
        "operating_revenue": 66675, 
        "accumulated_operating_revenue": 711383, 
        "long_term_average": 59281, 
        "short_term_average": 76538
    }, 
    {
        "accumulated_operating_revenue_yoy": 103.30517510046748, 
        "accumulated_operating_revenue": 74367, 
        "long_term_average": 62430, 
        "date": "2013-01-31", 
        "operating_revenue": 74367, 
        "short_term_average": 74149
    }, 
    {
        "accumulated_operating_revenue_yoy": 46.253187656458365, 
        "accumulated_operating_revenue": 125026, 
        "long_term_average": 62576, 
        "date": "2013-02-28", 
        "operating_revenue": 50659, 
        "short_term_average": 63900
    }, 
    {
        "accumulated_operating_revenue_yoy": 44.75117780098732, 
        "accumulated_operating_revenue": 192645, 
        "long_term_average": 64245, 
        "date": "2013-03-31", 
        "operating_revenue": 67619, 
        "short_term_average": 64215
    }, 
    {
        "accumulated_operating_revenue_yoy": 43.26651794501673, 
        "accumulated_operating_revenue": 262023, 
        "long_term_average": 65876, 
        "date": "2013-04-30", 
        "operating_revenue": 69378, 
        "short_term_average": 62552
    }, 
    {
        "accumulated_operating_revenue_yoy": 47.26444101348425, 
        "accumulated_operating_revenue": 336701, 
        "long_term_average": 68287, 
        "date": "2013-05-31", 
        "operating_revenue": 74678, 
        "short_term_average": 70558
    }, 
    {
        "accumulated_operating_revenue_yoy": 49.3062389472117, 
        "accumulated_operating_revenue": 411164, 
        "long_term_average": 70597, 
        "date": "2013-06-30", 
        "operating_revenue": 74463, 
        "short_term_average": 72839
    }, 
    {
        "accumulated_operating_revenue_yoy": 41.607391676476865, 
        "accumulated_operating_revenue": 484766, 
        "long_term_average": 71151, 
        "date": "2013-07-31", 
        "operating_revenue": 73602, 
        "short_term_average": 74247
    }, 
    {
        "accumulated_operating_revenue_yoy": 36.85696806558179, 
        "accumulated_operating_revenue": 559266, 
        "long_term_average": 71833, 
        "date": "2013-08-31", 
        "operating_revenue": 74500, 
        "short_term_average": 74188
    }, 
    {
        "accumulated_operating_revenue_yoy": 30.264567177562647, 
        "accumulated_operating_revenue": 627573, 
        "long_term_average": 71432, 
        "date": "2013-09-30", 
        "operating_revenue": 68307, 
        "short_term_average": 72136
    }, 
    {
        "accumulated_operating_revenue_yoy": 27.279989632577852, 
        "accumulated_operating_revenue": 716972, 
        "long_term_average": 72087, 
        "date": "2013-10-31", 
        "operating_revenue": 89399, 
        "short_term_average": 77402
    }, 
    {
        "accumulated_operating_revenue_yoy": 23.182898304348633, 
        "accumulated_operating_revenue": 794170, 
        "long_term_average": 71737, 
        "date": "2013-11-30", 
        "operating_revenue": 77198, 
        "short_term_average": 78301
    }, 
    {
        "accumulated_operating_revenue_yoy": 25.90629801386876, 
        "accumulated_operating_revenue": 895676, 
        "long_term_average": 74639, 
        "date": "2013-12-31", 
        "operating_revenue": 101506, 
        "short_term_average": 89367
    }, 
    {
        "accumulated_operating_revenue_yoy": 9.451772963814594, 
        "accumulated_operating_revenue": 81396, 
        "long_term_average": 75225, 
        "date": "2014-01-31", 
        "operating_revenue": 81396, 
        "short_term_average": 86700
    }, 
    {
        "accumulated_operating_revenue_yoy": 22.221777870202995, 
        "accumulated_operating_revenue": 152809, 
        "long_term_average": 76954, 
        "date": "2014-02-28", 
        "operating_revenue": 71413, 
        "short_term_average": 84771
    }, 
    {
        "accumulated_operating_revenue_yoy": 22.94894754600431, 
        "accumulated_operating_revenue": 236855, 
        "long_term_average": 78323, 
        "date": "2014-03-31", 
        "operating_revenue": 84046, 
        "short_term_average": 78951
    }, 
    {
        "accumulated_operating_revenue_yoy": 19.832228468493224, 
        "accumulated_operating_revenue": 313988, 
        "long_term_average": 78970, 
        "date": "2014-04-30", 
        "operating_revenue": 77133, 
        "short_term_average": 77530
    }, 
    {
        "accumulated_operating_revenue_yoy": 19.52325653918462, 
        "accumulated_operating_revenue": 402436, 
        "long_term_average": 80117, 
        "date": "2014-05-31", 
        "operating_revenue": 88448, 
        "short_term_average": 83209
    }, 
    {
        "accumulated_operating_revenue_yoy": 20.752303217207732, 
        "accumulated_operating_revenue": 496490, 
        "long_term_average": 81750, 
        "date": "2014-06-30", 
        "operating_revenue": 94054, 
        "short_term_average": 86545
    }, 
    {
        "accumulated_operating_revenue_yoy": 20.941443913145726, 
        "accumulated_operating_revenue": 586283, 
        "long_term_average": 83099, 
        "date": "2014-07-31", 
        "operating_revenue": 89793, 
        "short_term_average": 90765
    }, 
    {
        "accumulated_operating_revenue_yoy": 21.27145222488047, 
        "accumulated_operating_revenue": 678230, 
        "long_term_average": 84553, 
        "date": "2014-08-31", 
        "operating_revenue": 91947, 
        "short_term_average": 91931
    }, 
    {
        "accumulated_operating_revenue_yoy": 23.494477933244422, 
        "accumulated_operating_revenue": 775018, 
        "long_term_average": 86926, 
        "date": "2014-09-30", 
        "operating_revenue": 96788, 
        "short_term_average": 92842
    }, 
    {
        "accumulated_operating_revenue_yoy": 18.87116930647222, 
        "accumulated_operating_revenue": 852273, 
        "long_term_average": 85914, 
        "date": "2014-10-31", 
        "operating_revenue": 77255, 
        "short_term_average": 88663
    }, 
    {
        "accumulated_operating_revenue_yoy": 18.928189178639336, 
        "accumulated_operating_revenue": 944492, 
        "long_term_average": 87166, 
        "date": "2014-11-30", 
        "operating_revenue": 92219, 
        "short_term_average": 88754
    }, 
    {
        "accumulated_operating_revenue_yoy": 16.33559456767849, 
        "accumulated_operating_revenue": 1041990, 
        "long_term_average": 86832, 
        "date": "2014-12-31", 
        "operating_revenue": 97498, 
        "short_term_average": 88990
    }, 
    {
        "accumulated_operating_revenue_yoy": -8.436532507739939, 
        "accumulated_operating_revenue": 74529, 
        "long_term_average": 86260, 
        "date": "2015-01-31", 
        "operating_revenue": 74529, 
        "short_term_average": 88082
    }, 
    {
        "accumulated_operating_revenue_yoy": -4.883220229174983, 
        "accumulated_operating_revenue": 145347, 
        "long_term_average": 86210, 
        "date": "2015-02-28", 
        "operating_revenue": 70818, 
        "short_term_average": 80948
    }, 
    {
        "accumulated_operating_revenue_yoy": -3.120474551941061, 
        "accumulated_operating_revenue": 229464, 
        "long_term_average": 86216, 
        "date": "2015-03-31", 
        "operating_revenue": 84117, 
        "short_term_average": 76488
    }, 
    {
        "accumulated_operating_revenue_yoy": 1.3615170006497064, 
        "accumulated_operating_revenue": 318263, 
        "long_term_average": 87188, 
        "date": "2015-04-30", 
        "operating_revenue": 88799, 
        "short_term_average": 81244
    }, 
    {
        "accumulated_operating_revenue_yoy": 1.8703595105805642, 
        "accumulated_operating_revenue": 409963, 
        "long_term_average": 87459, 
        "date": "2015-05-31", 
        "operating_revenue": 91700, 
        "short_term_average": 88205
    }, 
    {
        "accumulated_operating_revenue_yoy": 1.1347660577252312, 
        "accumulated_operating_revenue": 502124, 
        "long_term_average": 87302, 
        "date": "2015-06-30", 
        "operating_revenue": 92161, 
        "short_term_average": 90886
    }, 
    {
        "accumulated_operating_revenue_yoy": 0.7218357005064107, 
        "accumulated_operating_revenue": 590515, 
        "long_term_average": 87185, 
        "date": "2015-07-31", 
        "operating_revenue": 88391, 
        "short_term_average": 90750
    }, 
    {
        "accumulated_operating_revenue_yoy": -0.2154136502366454, 
        "accumulated_operating_revenue": 676769, 
        "long_term_average": 86710, 
        "date": "2015-08-31", 
        "operating_revenue": 86254, 
        "short_term_average": 88935
    }
]