[
    {
        "date": "2012-01-31", 
        "operating_revenue": 47002, 
        "accumulated_operating_revenue": 47002, 
        "long_term_average": 47002, 
        "short_term_average": 47002
    }, 
    {
        "date": "2012-02-29", 
        "operating_revenue": 14684, 
        "accumulated_operating_revenue": 61686, 
        "long_term_average": 30843, 
        "short_term_average": 30843
    }, 
    {
        "date": "2012-03-31", 
        "operating_revenue": 40610, 
        "accumulated_operating_revenue": 102296, 
        "long_term_average": 34098, 
        "short_term_average": 34098
    }, 
    {
        "date": "2012-04-30", 
        "operating_revenue": 27566, 
        "accumulated_operating_revenue": 129862, 
        "long_term_average": 32465, 
        "short_term_average": 27620
    }, 
    {
        "date": "2012-05-31", 
        "operating_revenue": 45606, 
        "accumulated_operating_revenue": 175468, 
        "long_term_average": 35093, 
        "short_term_average": 37927
    }, 
    {
        "date": "2012-06-30", 
        "operating_revenue": 57682, 
        "accumulated_operating_revenue": 233150, 
        "long_term_average": 38858, 
        "short_term_average": 43618
    }, 
    {
        "date": "2012-07-31", 
        "operating_revenue": 85347, 
        "accumulated_operating_revenue": 318497, 
        "long_term_average": 45499, 
        "short_term_average": 62878
    }, 
    {
        "date": "2012-08-31", 
        "operating_revenue": 96199, 
        "accumulated_operating_revenue": 414696, 
        "long_term_average": 51837, 
        "short_term_average": 79742
    }, 
    {
        "date": "2012-09-30", 
        "operating_revenue": 47599, 
        "accumulated_operating_revenue": 462295, 
        "long_term_average": 51366, 
        "short_term_average": 76381
    }, 
    {
        "date": "2012-10-31", 
        "operating_revenue": 77742, 
        "accumulated_operating_revenue": 540037, 
        "long_term_average": 54003, 
        "short_term_average": 73846
    }, 
    {
        "date": "2012-11-30", 
        "operating_revenue": 43319, 
        "accumulated_operating_revenue": 583356, 
        "long_term_average": 53032, 
        "short_term_average": 56220
    }, 
    {
        "date": "2012-12-31", 
        "operating_revenue": 45651, 
        "accumulated_operating_revenue": 629007, 
        "long_term_average": 52417, 
        "short_term_average": 55570
    }, 
    {
        "accumulated_operating_revenue_yoy": 4.450874430875282, 
        "accumulated_operating_revenue": 49094, 
        "long_term_average": 52591, 
        "date": "2013-01-31", 
        "operating_revenue": 49094, 
        "short_term_average": 46021
    }, 
    {
        "accumulated_operating_revenue_yoy": 6.9529552896929605, 
        "accumulated_operating_revenue": 65975, 
        "long_term_average": 52774, 
        "date": "2013-02-28", 
        "operating_revenue": 16881, 
        "short_term_average": 37208
    }, 
    {
        "accumulated_operating_revenue_yoy": 73.86017048564949, 
        "accumulated_operating_revenue": 177852, 
        "long_term_average": 58713, 
        "date": "2013-03-31", 
        "operating_revenue": 111877, 
        "short_term_average": 59284
    }, 
    {
        "accumulated_operating_revenue_yoy": 108.7292664520799, 
        "accumulated_operating_revenue": 271060, 
        "long_term_average": 64183, 
        "date": "2013-04-30", 
        "operating_revenue": 93208, 
        "short_term_average": 73988
    }, 
    {
        "accumulated_operating_revenue_yoy": 80.6175484988716, 
        "accumulated_operating_revenue": 316926, 
        "long_term_average": 64205, 
        "date": "2013-05-31", 
        "operating_revenue": 45866, 
        "short_term_average": 83650
    }, 
    {
        "accumulated_operating_revenue_yoy": 54.205447137036245, 
        "accumulated_operating_revenue": 359530, 
        "long_term_average": 62948, 
        "date": "2013-06-30", 
        "operating_revenue": 42604, 
        "short_term_average": 60559
    }, 
    {
        "accumulated_operating_revenue_yoy": 29.953186372242126, 
        "accumulated_operating_revenue": 413897, 
        "long_term_average": 60367, 
        "date": "2013-07-31", 
        "operating_revenue": 54367, 
        "short_term_average": 47612
    }, 
    {
        "accumulated_operating_revenue_yoy": 16.297480564075855, 
        "accumulated_operating_revenue": 482281, 
        "long_term_average": 58049, 
        "date": "2013-08-31", 
        "operating_revenue": 68384, 
        "short_term_average": 55118
    }, 
    {
        "accumulated_operating_revenue_yoy": 23.566770135952154, 
        "accumulated_operating_revenue": 571243, 
        "long_term_average": 61496, 
        "date": "2013-09-30", 
        "operating_revenue": 88962, 
        "short_term_average": 70571
    }, 
    {
        "accumulated_operating_revenue_yoy": 15.981867909050676, 
        "accumulated_operating_revenue": 626345, 
        "long_term_average": 59609, 
        "date": "2013-10-31", 
        "operating_revenue": 55102, 
        "short_term_average": 70816
    }, 
    {
        "accumulated_operating_revenue_yoy": 14.50623632910264, 
        "accumulated_operating_revenue": 667979, 
        "long_term_average": 59469, 
        "date": "2013-11-30", 
        "operating_revenue": 41634, 
        "short_term_average": 61899
    }, 
    {
        "accumulated_operating_revenue_yoy": 22.428208271132117, 
        "accumulated_operating_revenue": 770082, 
        "long_term_average": 64173, 
        "date": "2013-12-31", 
        "operating_revenue": 102103, 
        "short_term_average": 66279
    }, 
    {
        "accumulated_operating_revenue_yoy": 23.66276938118711, 
        "accumulated_operating_revenue": 60711, 
        "long_term_average": 65141, 
        "date": "2014-01-31", 
        "operating_revenue": 60711, 
        "short_term_average": 68149
    }, 
    {
        "accumulated_operating_revenue_yoy": 29.292913982569157, 
        "accumulated_operating_revenue": 85301, 
        "long_term_average": 65784, 
        "date": "2014-02-28", 
        "operating_revenue": 24590, 
        "short_term_average": 62468
    }, 
    {
        "accumulated_operating_revenue_yoy": 9.767671996941276, 
        "accumulated_operating_revenue": 195224, 
        "long_term_average": 65621, 
        "date": "2014-03-31", 
        "operating_revenue": 109923, 
        "short_term_average": 65074
    }, 
    {
        "accumulated_operating_revenue_yoy": -10.492510883199293, 
        "accumulated_operating_revenue": 242619, 
        "long_term_average": 61803, 
        "date": "2014-04-30", 
        "operating_revenue": 47395, 
        "short_term_average": 60636
    }, 
    {
        "accumulated_operating_revenue_yoy": -5.784315581555316, 
        "accumulated_operating_revenue": 298594, 
        "long_term_average": 62645, 
        "date": "2014-05-31", 
        "operating_revenue": 55975, 
        "short_term_average": 71097
    }, 
    {
        "accumulated_operating_revenue_yoy": -1.8248824854671375, 
        "accumulated_operating_revenue": 352969, 
        "long_term_average": 63626, 
        "date": "2014-06-30", 
        "operating_revenue": 54375, 
        "short_term_average": 52581
    }, 
    {
        "accumulated_operating_revenue_yoy": -1.0234430305124222, 
        "accumulated_operating_revenue": 409661, 
        "long_term_average": 63820, 
        "date": "2014-07-31", 
        "operating_revenue": 56692, 
        "short_term_average": 55680
    }, 
    {
        "accumulated_operating_revenue_yoy": -2.299489301880024, 
        "accumulated_operating_revenue": 471191, 
        "long_term_average": 63249, 
        "date": "2014-08-31", 
        "operating_revenue": 61530, 
        "short_term_average": 57532
    }, 
    {
        "accumulated_operating_revenue_yoy": -0.30354857740051083, 
        "accumulated_operating_revenue": 569509, 
        "long_term_average": 64029, 
        "date": "2014-09-30", 
        "operating_revenue": 98318, 
        "short_term_average": 72180
    }, 
    {
        "accumulated_operating_revenue_yoy": 0.5188833630028179, 
        "accumulated_operating_revenue": 629595, 
        "long_term_average": 64444, 
        "date": "2014-10-31", 
        "operating_revenue": 60086, 
        "short_term_average": 73311
    }, 
    {
        "accumulated_operating_revenue_yoy": 0.5006145402774639, 
        "accumulated_operating_revenue": 671323, 
        "long_term_average": 64452, 
        "date": "2014-11-30", 
        "operating_revenue": 41728, 
        "short_term_average": 66710
    }, 
    {
        "accumulated_operating_revenue_yoy": -1.9374560111780303, 
        "accumulated_operating_revenue": 755162, 
        "long_term_average": 62930, 
        "date": "2014-12-31", 
        "operating_revenue": 83839, 
        "short_term_average": 61884
    }, 
    {
        "accumulated_operating_revenue_yoy": -15.198234257383342, 
        "accumulated_operating_revenue": 51484, 
        "long_term_average": 62161, 
        "date": "2015-01-31", 
        "operating_revenue": 51484, 
        "short_term_average": 59017
    }, 
    {
        "accumulated_operating_revenue_yoy": -10.764234885874727, 
        "accumulated_operating_revenue": 76119, 
        "long_term_average": 62165, 
        "date": "2015-02-28", 
        "operating_revenue": 24635, 
        "short_term_average": 53319
    }, 
    {
        "accumulated_operating_revenue_yoy": -36.602569356226695, 
        "accumulated_operating_revenue": 123767, 
        "long_term_average": 56975, 
        "date": "2015-03-31", 
        "operating_revenue": 47648, 
        "short_term_average": 41255
    }, 
    {
        "accumulated_operating_revenue_yoy": -36.36112588049576, 
        "accumulated_operating_revenue": 154400, 
        "long_term_average": 55578, 
        "date": "2015-04-30", 
        "operating_revenue": 30633, 
        "short_term_average": 34305
    }, 
    {
        "accumulated_operating_revenue_yoy": -33.43737650455133, 
        "accumulated_operating_revenue": 198752, 
        "long_term_average": 54610, 
        "date": "2015-05-31", 
        "operating_revenue": 44352, 
        "short_term_average": 40877
    }, 
    {
        "accumulated_operating_revenue_yoy": -26.11419133125005, 
        "accumulated_operating_revenue": 260794, 
        "long_term_average": 55248, 
        "date": "2015-06-30", 
        "operating_revenue": 62042, 
        "short_term_average": 45675
    }, 
    {
        "accumulated_operating_revenue_yoy": -29.77290979614852, 
        "accumulated_operating_revenue": 287693, 
        "long_term_average": 52766, 
        "date": "2015-07-31", 
        "operating_revenue": 26899, 
        "short_term_average": 44431
    }, 
    {
        "accumulated_operating_revenue_yoy": -25.33197790280375, 
        "accumulated_operating_revenue": 351829, 
        "long_term_average": 52983, 
        "date": "2015-08-31", 
        "operating_revenue": 64136, 
        "short_term_average": 51025
    }, 
    {
        "accumulated_operating_revenue_yoy": -27.581302490390847, 
        "accumulated_operating_revenue": 412431, 
        "long_term_average": 49840, 
        "date": "2015-09-30", 
        "operating_revenue": 60602, 
        "short_term_average": 50545
    }
]