[
    {
        "date": "2012-11-30", 
        "operating_revenue": 70837, 
        "accumulated_operating_revenue": 70837, 
        "long_term_average": 70837, 
        "short_term_average": 70837
    }, 
    {
        "date": "2012-12-31", 
        "operating_revenue": 53990, 
        "accumulated_operating_revenue": 124827, 
        "long_term_average": 62413, 
        "short_term_average": 62413
    }, 
    {
        "date": "2013-01-31", 
        "operating_revenue": 62698, 
        "accumulated_operating_revenue": 62698, 
        "long_term_average": 62508, 
        "short_term_average": 62508
    }, 
    {
        "date": "2013-02-28", 
        "operating_revenue": 43443, 
        "accumulated_operating_revenue": 106141, 
        "long_term_average": 57742, 
        "short_term_average": 53377
    }, 
    {
        "date": "2013-03-31", 
        "operating_revenue": 72581, 
        "accumulated_operating_revenue": 178722, 
        "long_term_average": 60709, 
        "short_term_average": 59574
    }, 
    {
        "date": "2013-04-30", 
        "operating_revenue": 70525, 
        "accumulated_operating_revenue": 249247, 
        "long_term_average": 62345, 
        "short_term_average": 62183
    }, 
    {
        "date": "2013-05-31", 
        "operating_revenue": 66806, 
        "accumulated_operating_revenue": 316053, 
        "long_term_average": 62982, 
        "short_term_average": 69970
    }, 
    {
        "date": "2013-06-30", 
        "operating_revenue": 64931, 
        "accumulated_operating_revenue": 380984, 
        "long_term_average": 63226, 
        "short_term_average": 67420
    }, 
    {
        "date": "2013-07-31", 
        "operating_revenue": 74958, 
        "accumulated_operating_revenue": 455942, 
        "long_term_average": 64529, 
        "short_term_average": 68898
    }, 
    {
        "date": "2013-08-31", 
        "operating_revenue": 72667, 
        "accumulated_operating_revenue": 528609, 
        "long_term_average": 65343, 
        "short_term_average": 70852
    }, 
    {
        "date": "2013-09-30", 
        "operating_revenue": 67012, 
        "accumulated_operating_revenue": 595621, 
        "long_term_average": 65495, 
        "short_term_average": 71545
    }, 
    {
        "date": "2013-10-31", 
        "operating_revenue": 69452, 
        "accumulated_operating_revenue": 665073, 
        "long_term_average": 65825, 
        "short_term_average": 69710
    }, 
    {
        "accumulated_operating_revenue_yoy": 944.2028883210751, 
        "accumulated_operating_revenue": 739682, 
        "long_term_average": 66139, 
        "date": "2013-11-30", 
        "operating_revenue": 74609, 
        "short_term_average": 70357
    }, 
    {
        "accumulated_operating_revenue_yoy": 548.7338476451408, 
        "accumulated_operating_revenue": 809795, 
        "long_term_average": 67482, 
        "date": "2013-12-31", 
        "operating_revenue": 70113, 
        "short_term_average": 71391
    }, 
    {
        "accumulated_operating_revenue_yoy": -3.7576956202749687, 
        "accumulated_operating_revenue": 60342, 
        "long_term_average": 67286, 
        "date": "2014-01-31", 
        "operating_revenue": 60342, 
        "short_term_average": 68354
    }, 
    {
        "accumulated_operating_revenue_yoy": 11.853101063679446, 
        "accumulated_operating_revenue": 118722, 
        "long_term_average": 68531, 
        "date": "2014-02-28", 
        "operating_revenue": 58380, 
        "short_term_average": 62945
    }, 
    {
        "accumulated_operating_revenue_yoy": 8.696187374805564, 
        "accumulated_operating_revenue": 194264, 
        "long_term_average": 68778, 
        "date": "2014-03-31", 
        "operating_revenue": 75542, 
        "short_term_average": 64754
    }, 
    {
        "accumulated_operating_revenue_yoy": 10.20714391747945, 
        "accumulated_operating_revenue": 274688, 
        "long_term_average": 69603, 
        "date": "2014-04-30", 
        "operating_revenue": 80424, 
        "short_term_average": 71448
    }, 
    {
        "accumulated_operating_revenue_yoy": 12.408994693927918, 
        "accumulated_operating_revenue": 355272, 
        "long_term_average": 70751, 
        "date": "2014-05-31", 
        "operating_revenue": 80584, 
        "short_term_average": 78850
    }, 
    {
        "accumulated_operating_revenue_yoy": 12.666936144300022, 
        "accumulated_operating_revenue": 429243, 
        "long_term_average": 71504, 
        "date": "2014-06-30", 
        "operating_revenue": 73971, 
        "short_term_average": 78326
    }, 
    {
        "accumulated_operating_revenue_yoy": 11.391580508047076, 
        "accumulated_operating_revenue": 507881, 
        "long_term_average": 71811, 
        "date": "2014-07-31", 
        "operating_revenue": 78638, 
        "short_term_average": 77731
    }, 
    {
        "accumulated_operating_revenue_yoy": 11.120506839648964, 
        "accumulated_operating_revenue": 587393, 
        "long_term_average": 72381, 
        "date": "2014-08-31", 
        "operating_revenue": 79512, 
        "short_term_average": 77373
    }, 
    {
        "accumulated_operating_revenue_yoy": 11.368974566041157, 
        "accumulated_operating_revenue": 663337, 
        "long_term_average": 73125, 
        "date": "2014-09-30", 
        "operating_revenue": 75944, 
        "short_term_average": 78031
    }, 
    {
        "accumulated_operating_revenue_yoy": 13.221856848797051, 
        "accumulated_operating_revenue": 753008, 
        "long_term_average": 74810, 
        "date": "2014-10-31", 
        "operating_revenue": 89671, 
        "short_term_average": 81709
    }, 
    {
        "accumulated_operating_revenue_yoy": 11.595658674944097, 
        "accumulated_operating_revenue": 825453, 
        "long_term_average": 74630, 
        "date": "2014-11-30", 
        "operating_revenue": 72445, 
        "short_term_average": 79353
    }, 
    {
        "accumulated_operating_revenue_yoy": 12.813860297976648, 
        "accumulated_operating_revenue": 913561, 
        "long_term_average": 76130, 
        "date": "2014-12-31", 
        "operating_revenue": 88108, 
        "short_term_average": 83408
    }, 
    {
        "accumulated_operating_revenue_yoy": 17.93278313612409, 
        "accumulated_operating_revenue": 71163, 
        "long_term_average": 77031, 
        "date": "2015-01-31", 
        "operating_revenue": 71163, 
        "short_term_average": 77238
    }, 
    {
        "accumulated_operating_revenue_yoy": 2.777075857886491, 
        "accumulated_operating_revenue": 122019, 
        "long_term_average": 76404, 
        "date": "2015-02-28", 
        "operating_revenue": 50856, 
        "short_term_average": 70042
    }, 
    {
        "accumulated_operating_revenue_yoy": -1.8634435613392084, 
        "accumulated_operating_revenue": 190644, 
        "long_term_average": 75828, 
        "date": "2015-03-31", 
        "operating_revenue": 68625, 
        "short_term_average": 63548
    }, 
    {
        "accumulated_operating_revenue_yoy": -3.546205149114632, 
        "accumulated_operating_revenue": 264947, 
        "long_term_average": 75318, 
        "date": "2015-04-30", 
        "operating_revenue": 74303, 
        "short_term_average": 64594
    }, 
    {
        "accumulated_operating_revenue_yoy": -5.244995383818595, 
        "accumulated_operating_revenue": 336638, 
        "long_term_average": 74577, 
        "date": "2015-05-31", 
        "operating_revenue": 71691, 
        "short_term_average": 71539
    }, 
    {
        "accumulated_operating_revenue_yoy": -4.7467285430397235, 
        "accumulated_operating_revenue": 408868, 
        "long_term_average": 74432, 
        "date": "2015-06-30", 
        "operating_revenue": 72230, 
        "short_term_average": 72741
    }, 
    {
        "accumulated_operating_revenue_yoy": -5.917724821365635, 
        "accumulated_operating_revenue": 477826, 
        "long_term_average": 73625, 
        "date": "2015-07-31", 
        "operating_revenue": 68958, 
        "short_term_average": 70959
    }, 
    {
        "accumulated_operating_revenue_yoy": -5.765986315805602, 
        "accumulated_operating_revenue": 553524, 
        "long_term_average": 73307, 
        "date": "2015-08-31", 
        "operating_revenue": 75698, 
        "short_term_average": 72295
    }
]