[
    {
        "date": "2012-11-30", 
        "operating_revenue": 198344, 
        "accumulated_operating_revenue": 198344, 
        "long_term_average": 198344, 
        "short_term_average": 198344
    }, 
    {
        "date": "2012-12-31", 
        "operating_revenue": 230709, 
        "accumulated_operating_revenue": 429053, 
        "long_term_average": 214526, 
        "short_term_average": 214526
    }, 
    {
        "date": "2013-01-31", 
        "operating_revenue": 56327, 
        "accumulated_operating_revenue": 56327, 
        "long_term_average": 161793, 
        "short_term_average": 161793
    }, 
    {
        "date": "2013-02-28", 
        "operating_revenue": 18653, 
        "accumulated_operating_revenue": 74980, 
        "long_term_average": 126008, 
        "short_term_average": 101896
    }, 
    {
        "date": "2013-03-31", 
        "operating_revenue": 52867, 
        "accumulated_operating_revenue": 127847, 
        "long_term_average": 111380, 
        "short_term_average": 42615
    }, 
    {
        "date": "2013-04-30", 
        "operating_revenue": 109866, 
        "accumulated_operating_revenue": 237713, 
        "long_term_average": 111127, 
        "short_term_average": 60462
    }, 
    {
        "date": "2013-05-31", 
        "operating_revenue": 61992, 
        "accumulated_operating_revenue": 299705, 
        "long_term_average": 104108, 
        "short_term_average": 74908
    }, 
    {
        "date": "2013-06-30", 
        "operating_revenue": 92146, 
        "accumulated_operating_revenue": 391851, 
        "long_term_average": 102613, 
        "short_term_average": 88001
    }, 
    {
        "date": "2013-07-31", 
        "operating_revenue": 97277, 
        "accumulated_operating_revenue": 489128, 
        "long_term_average": 102020, 
        "short_term_average": 83805
    }, 
    {
        "date": "2013-08-31", 
        "operating_revenue": 92393, 
        "accumulated_operating_revenue": 581521, 
        "long_term_average": 101057, 
        "short_term_average": 93938
    }, 
    {
        "date": "2013-09-30", 
        "operating_revenue": 138559, 
        "accumulated_operating_revenue": 720080, 
        "long_term_average": 104466, 
        "short_term_average": 109409
    }, 
    {
        "date": "2013-10-31", 
        "operating_revenue": 112236, 
        "accumulated_operating_revenue": 832316, 
        "long_term_average": 105114, 
        "short_term_average": 114396
    }, 
    {
        "accumulated_operating_revenue_yoy": 364.8912999636994, 
        "accumulated_operating_revenue": 922084, 
        "long_term_average": 96066, 
        "date": "2013-11-30", 
        "operating_revenue": 89768, 
        "short_term_average": 113521
    }, 
    {
        "accumulated_operating_revenue_yoy": 136.75979424453388, 
        "accumulated_operating_revenue": 1015825, 
        "long_term_average": 84652, 
        "date": "2013-12-31", 
        "operating_revenue": 93741, 
        "short_term_average": 98581
    }, 
    {
        "accumulated_operating_revenue_yoy": 14.009267314076732, 
        "accumulated_operating_revenue": 64218, 
        "long_term_average": 85309, 
        "date": "2014-01-31", 
        "operating_revenue": 64218, 
        "short_term_average": 82575
    }, 
    {
        "accumulated_operating_revenue_yoy": 78.76900506801815, 
        "accumulated_operating_revenue": 134041, 
        "long_term_average": 89573, 
        "date": "2014-02-28", 
        "operating_revenue": 69823, 
        "short_term_average": 75927
    }, 
    {
        "accumulated_operating_revenue_yoy": 86.51747792282963, 
        "accumulated_operating_revenue": 238457, 
        "long_term_average": 93869, 
        "date": "2014-03-31", 
        "operating_revenue": 104416, 
        "short_term_average": 79485
    }, 
    {
        "accumulated_operating_revenue_yoy": 41.417591801878736, 
        "accumulated_operating_revenue": 336168, 
        "long_term_average": 92856, 
        "date": "2014-04-30", 
        "operating_revenue": 97711, 
        "short_term_average": 90650
    }, 
    {
        "accumulated_operating_revenue_yoy": 33.447556764151415, 
        "accumulated_operating_revenue": 399949, 
        "long_term_average": 93005, 
        "date": "2014-05-31", 
        "operating_revenue": 63781, 
        "short_term_average": 88636
    }, 
    {
        "accumulated_operating_revenue_yoy": 24.623390013040673, 
        "accumulated_operating_revenue": 488338, 
        "long_term_average": 92692, 
        "date": "2014-06-30", 
        "operating_revenue": 88389, 
        "short_term_average": 83293
    }, 
    {
        "accumulated_operating_revenue_yoy": 13.621383359774947, 
        "accumulated_operating_revenue": 555754, 
        "long_term_average": 90204, 
        "date": "2014-07-31", 
        "operating_revenue": 67416, 
        "short_term_average": 73195
    }, 
    {
        "accumulated_operating_revenue_yoy": 11.955200242123672, 
        "accumulated_operating_revenue": 651043, 
        "long_term_average": 90445, 
        "date": "2014-08-31", 
        "operating_revenue": 95289, 
        "short_term_average": 83698
    }, 
    {
        "accumulated_operating_revenue_yoy": 6.189173425174981, 
        "accumulated_operating_revenue": 764647, 
        "long_term_average": 88366, 
        "date": "2014-09-30", 
        "operating_revenue": 113604, 
        "short_term_average": 92103
    }, 
    {
        "accumulated_operating_revenue_yoy": 10.163207243402745, 
        "accumulated_operating_revenue": 916906, 
        "long_term_average": 91701, 
        "date": "2014-10-31", 
        "operating_revenue": 152259, 
        "short_term_average": 120384
    }, 
    {
        "accumulated_operating_revenue_yoy": 11.853475388359412, 
        "accumulated_operating_revenue": 1031383, 
        "long_term_average": 93760, 
        "date": "2014-11-30", 
        "operating_revenue": 114477, 
        "short_term_average": 126780
    }, 
    {
        "accumulated_operating_revenue_yoy": 10.664139984741466, 
        "accumulated_operating_revenue": 1124154, 
        "long_term_average": 93679, 
        "date": "2014-12-31", 
        "operating_revenue": 92771, 
        "short_term_average": 119835
    }, 
    {
        "accumulated_operating_revenue_yoy": 31.109657728362766, 
        "accumulated_operating_revenue": 84196, 
        "long_term_average": 95344, 
        "date": "2015-01-31", 
        "operating_revenue": 84196, 
        "short_term_average": 97148
    }, 
    {
        "accumulated_operating_revenue_yoy": 16.651621518789028, 
        "accumulated_operating_revenue": 156361, 
        "long_term_average": 95539, 
        "date": "2015-02-28", 
        "operating_revenue": 72165, 
        "short_term_average": 83044
    }, 
    {
        "accumulated_operating_revenue_yoy": 3.663553596665227, 
        "accumulated_operating_revenue": 247193, 
        "long_term_average": 94407, 
        "date": "2015-03-31", 
        "operating_revenue": 90832, 
        "short_term_average": 82397
    }, 
    {
        "accumulated_operating_revenue_yoy": 0.23738130934532736, 
        "accumulated_operating_revenue": 336966, 
        "long_term_average": 93746, 
        "date": "2015-04-30", 
        "operating_revenue": 89773, 
        "short_term_average": 84256
    }, 
    {
        "accumulated_operating_revenue_yoy": 6.889878459503588, 
        "accumulated_operating_revenue": 427505, 
        "long_term_average": 95975, 
        "date": "2015-05-31", 
        "operating_revenue": 90539, 
        "short_term_average": 90381
    }, 
    {
        "accumulated_operating_revenue_yoy": 11.120985874537718, 
        "accumulated_operating_revenue": 542646, 
        "long_term_average": 98205, 
        "date": "2015-06-30", 
        "operating_revenue": 115141, 
        "short_term_average": 98484
    }, 
    {
        "accumulated_operating_revenue_yoy": 17.27994760271631, 
        "accumulated_operating_revenue": 651788, 
        "long_term_average": 101682, 
        "date": "2015-07-31", 
        "operating_revenue": 109142, 
        "short_term_average": 104940
    }, 
    {
        "accumulated_operating_revenue_yoy": 15.340768582105943, 
        "accumulated_operating_revenue": 750918, 
        "long_term_average": 102002, 
        "date": "2015-08-31", 
        "operating_revenue": 99130, 
        "short_term_average": 107804
    }, 
    {
        "accumulated_operating_revenue_yoy": 12.20746305157805, 
        "accumulated_operating_revenue": 857991, 
        "long_term_average": 101458, 
        "date": "2015-09-30", 
        "operating_revenue": 107073, 
        "short_term_average": 105115
    }
]