[
    {
        "date": "2012-11-30", 
        "operating_revenue": 173222, 
        "accumulated_operating_revenue": 173222, 
        "long_term_average": 173222, 
        "short_term_average": 173222
    }, 
    {
        "date": "2012-12-31", 
        "operating_revenue": 169024, 
        "accumulated_operating_revenue": 342246, 
        "long_term_average": 171123, 
        "short_term_average": 171123
    }, 
    {
        "date": "2013-01-31", 
        "operating_revenue": 217123, 
        "accumulated_operating_revenue": 217123, 
        "long_term_average": 186456, 
        "short_term_average": 186456
    }, 
    {
        "date": "2013-02-28", 
        "operating_revenue": 148595, 
        "accumulated_operating_revenue": 365718, 
        "long_term_average": 176991, 
        "short_term_average": 178247
    }, 
    {
        "date": "2013-03-31", 
        "operating_revenue": 202369, 
        "accumulated_operating_revenue": 568087, 
        "long_term_average": 182066, 
        "short_term_average": 189362
    }, 
    {
        "date": "2013-04-30", 
        "operating_revenue": 214689, 
        "accumulated_operating_revenue": 782776, 
        "long_term_average": 187503, 
        "short_term_average": 188551
    }, 
    {
        "date": "2013-05-31", 
        "operating_revenue": 195238, 
        "accumulated_operating_revenue": 978014, 
        "long_term_average": 188608, 
        "short_term_average": 204098
    }, 
    {
        "date": "2013-06-30", 
        "operating_revenue": 187429, 
        "accumulated_operating_revenue": 1165443, 
        "long_term_average": 188461, 
        "short_term_average": 199118
    }, 
    {
        "date": "2013-07-31", 
        "operating_revenue": 197022, 
        "accumulated_operating_revenue": 1362465, 
        "long_term_average": 189412, 
        "short_term_average": 193229
    }, 
    {
        "date": "2013-08-31", 
        "operating_revenue": 194906, 
        "accumulated_operating_revenue": 1557371, 
        "long_term_average": 189961, 
        "short_term_average": 193119
    }, 
    {
        "date": "2013-09-30", 
        "operating_revenue": 185568, 
        "accumulated_operating_revenue": 1742939, 
        "long_term_average": 189562, 
        "short_term_average": 192498
    }, 
    {
        "date": "2013-10-31", 
        "operating_revenue": 206185, 
        "accumulated_operating_revenue": 1949124, 
        "long_term_average": 190947, 
        "short_term_average": 195553
    }, 
    {
        "accumulated_operating_revenue_yoy": 1142.217501241182, 
        "accumulated_operating_revenue": 2151794, 
        "long_term_average": 193401, 
        "date": "2013-11-30", 
        "operating_revenue": 202670, 
        "short_term_average": 198141
    }, 
    {
        "accumulated_operating_revenue_yoy": 594.8919782846257, 
        "accumulated_operating_revenue": 2378240, 
        "long_term_average": 198186, 
        "date": "2013-12-31", 
        "operating_revenue": 226446, 
        "short_term_average": 211767
    }, 
    {
        "accumulated_operating_revenue_yoy": 3.910226000930348, 
        "accumulated_operating_revenue": 225613, 
        "long_term_average": 198894, 
        "date": "2014-01-31", 
        "operating_revenue": 225613, 
        "short_term_average": 218243
    }, 
    {
        "accumulated_operating_revenue_yoy": 8.918346923039062, 
        "accumulated_operating_revenue": 398334, 
        "long_term_average": 200904, 
        "date": "2014-02-28", 
        "operating_revenue": 172721, 
        "short_term_average": 208260
    }, 
    {
        "accumulated_operating_revenue_yoy": 16.82629597227185, 
        "accumulated_operating_revenue": 663675, 
        "long_term_average": 206152, 
        "date": "2014-03-31", 
        "operating_revenue": 265341, 
        "short_term_average": 221225
    }, 
    {
        "accumulated_operating_revenue_yoy": 15.318941817327051, 
        "accumulated_operating_revenue": 902689, 
        "long_term_average": 208179, 
        "date": "2014-04-30", 
        "operating_revenue": 239014, 
        "short_term_average": 225692
    }, 
    {
        "accumulated_operating_revenue_yoy": 17.15159496694321, 
        "accumulated_operating_revenue": 1145759, 
        "long_term_average": 212165, 
        "date": "2014-05-31", 
        "operating_revenue": 243070, 
        "short_term_average": 249141
    }, 
    {
        "accumulated_operating_revenue_yoy": 16.366909406980863, 
        "accumulated_operating_revenue": 1356190, 
        "long_term_average": 214082, 
        "date": "2014-06-30", 
        "operating_revenue": 210431, 
        "short_term_average": 230838
    }, 
    {
        "accumulated_operating_revenue_yoy": 16.683217550542583, 
        "accumulated_operating_revenue": 1589768, 
        "long_term_average": 217128, 
        "date": "2014-07-31", 
        "operating_revenue": 233578, 
        "short_term_average": 229026
    }, 
    {
        "accumulated_operating_revenue_yoy": 16.806592648765132, 
        "accumulated_operating_revenue": 1819112, 
        "long_term_average": 219998, 
        "date": "2014-08-31", 
        "operating_revenue": 229344, 
        "short_term_average": 224451
    }, 
    {
        "accumulated_operating_revenue_yoy": 19.352656633422054, 
        "accumulated_operating_revenue": 2080244, 
        "long_term_average": 226295, 
        "date": "2014-09-30", 
        "operating_revenue": 261132, 
        "short_term_average": 241351
    }, 
    {
        "accumulated_operating_revenue_yoy": 18.298630564294523, 
        "accumulated_operating_revenue": 2305787, 
        "long_term_average": 227908, 
        "date": "2014-10-31", 
        "operating_revenue": 225543, 
        "short_term_average": 238673
    }, 
    {
        "accumulated_operating_revenue_yoy": 18.588164108646087, 
        "accumulated_operating_revenue": 2551773, 
        "long_term_average": 231518, 
        "date": "2014-11-30", 
        "operating_revenue": 245986, 
        "short_term_average": 244220
    }, 
    {
        "accumulated_operating_revenue_yoy": 17.52005684876211, 
        "accumulated_operating_revenue": 2794909, 
        "long_term_average": 232909, 
        "date": "2014-12-31", 
        "operating_revenue": 243136, 
        "short_term_average": 238221
    }, 
    {
        "accumulated_operating_revenue_yoy": 34.35794923164889, 
        "accumulated_operating_revenue": 303129, 
        "long_term_average": 239368, 
        "date": "2015-01-31", 
        "operating_revenue": 303129, 
        "short_term_average": 264083
    }, 
    {
        "accumulated_operating_revenue_yoy": 27.401125688492574, 
        "accumulated_operating_revenue": 507482, 
        "long_term_average": 242004, 
        "date": "2015-02-28", 
        "operating_revenue": 204353, 
        "short_term_average": 250206
    }, 
    {
        "accumulated_operating_revenue_yoy": 16.13184163935661, 
        "accumulated_operating_revenue": 770738, 
        "long_term_average": 241831, 
        "date": "2015-03-31", 
        "operating_revenue": 263256, 
        "short_term_average": 256912
    }, 
    {
        "accumulated_operating_revenue_yoy": 14.514079599950813, 
        "accumulated_operating_revenue": 1033706, 
        "long_term_average": 243827, 
        "date": "2015-04-30", 
        "operating_revenue": 262968, 
        "short_term_average": 243525
    }, 
    {
        "accumulated_operating_revenue_yoy": 11.806060436793427, 
        "accumulated_operating_revenue": 1281028, 
        "long_term_average": 244181, 
        "date": "2015-05-31", 
        "operating_revenue": 247322, 
        "short_term_average": 257848
    }, 
    {
        "accumulated_operating_revenue_yoy": 11.617546214026058, 
        "accumulated_operating_revenue": 1513746, 
        "long_term_average": 246038, 
        "date": "2015-06-30", 
        "operating_revenue": 232718, 
        "short_term_average": 247669
    }, 
    {
        "accumulated_operating_revenue_yoy": 10.48681317022358, 
        "accumulated_operating_revenue": 1756484, 
        "long_term_average": 246802, 
        "date": "2015-07-31", 
        "operating_revenue": 242738, 
        "short_term_average": 240926
    }, 
    {
        "accumulated_operating_revenue_yoy": 10.002682627567737, 
        "accumulated_operating_revenue": 2001072, 
        "long_term_average": 248072, 
        "date": "2015-08-31", 
        "operating_revenue": 244588, 
        "short_term_average": 240014
    }, 
    {
        "accumulated_operating_revenue_yoy": 7.390479193786883, 
        "accumulated_operating_revenue": 2233984, 
        "long_term_average": 245720, 
        "date": "2015-09-30", 
        "operating_revenue": 232912, 
        "short_term_average": 240079
    }, 
    {
        "accumulated_operating_revenue_yoy": 8.461839710259447, 
        "accumulated_operating_revenue": 2500899, 
        "long_term_average": 249168, 
        "date": "2015-10-31", 
        "operating_revenue": 266915, 
        "short_term_average": 248138
    }
]