[
    {
        "date": "2012-01-31", 
        "operating_revenue": 99119, 
        "accumulated_operating_revenue": 99119, 
        "long_term_average": 99119, 
        "short_term_average": 99119
    }, 
    {
        "date": "2012-02-29", 
        "operating_revenue": 73269, 
        "accumulated_operating_revenue": 172388, 
        "long_term_average": 86194, 
        "short_term_average": 86194
    }, 
    {
        "date": "2012-03-31", 
        "operating_revenue": 59150, 
        "accumulated_operating_revenue": 231538, 
        "long_term_average": 77179, 
        "short_term_average": 77179
    }, 
    {
        "date": "2012-04-30", 
        "operating_revenue": 125864, 
        "accumulated_operating_revenue": 357402, 
        "long_term_average": 89350, 
        "short_term_average": 86094
    }, 
    {
        "date": "2012-05-31", 
        "operating_revenue": 85580, 
        "accumulated_operating_revenue": 442982, 
        "long_term_average": 88596, 
        "short_term_average": 90198
    }, 
    {
        "date": "2012-06-30", 
        "operating_revenue": 80586, 
        "accumulated_operating_revenue": 523568, 
        "long_term_average": 87261, 
        "short_term_average": 97343
    }, 
    {
        "date": "2012-07-31", 
        "operating_revenue": 96042, 
        "accumulated_operating_revenue": 619610, 
        "long_term_average": 88515, 
        "short_term_average": 87402
    }, 
    {
        "date": "2012-08-31", 
        "operating_revenue": 90794, 
        "accumulated_operating_revenue": 710404, 
        "long_term_average": 88800, 
        "short_term_average": 89140
    }, 
    {
        "date": "2012-09-30", 
        "operating_revenue": 115914, 
        "accumulated_operating_revenue": 826318, 
        "long_term_average": 91813, 
        "short_term_average": 100916
    }, 
    {
        "date": "2012-10-31", 
        "operating_revenue": 73519, 
        "accumulated_operating_revenue": 899837, 
        "long_term_average": 89983, 
        "short_term_average": 93409
    }, 
    {
        "date": "2012-11-30", 
        "operating_revenue": 60993, 
        "accumulated_operating_revenue": 960830, 
        "long_term_average": 87348, 
        "short_term_average": 83475
    }, 
    {
        "date": "2012-12-31", 
        "operating_revenue": 53833, 
        "accumulated_operating_revenue": 1014663, 
        "long_term_average": 84555, 
        "short_term_average": 62781
    }, 
    {
        "accumulated_operating_revenue_yoy": 21.726409669185525, 
        "accumulated_operating_revenue": 120654, 
        "long_term_average": 86349, 
        "date": "2013-01-31", 
        "operating_revenue": 120654, 
        "short_term_average": 78493
    }, 
    {
        "accumulated_operating_revenue_yoy": 2.988607095621505, 
        "accumulated_operating_revenue": 177540, 
        "long_term_average": 84984, 
        "date": "2013-02-28", 
        "operating_revenue": 56886, 
        "short_term_average": 77124
    }, 
    {
        "accumulated_operating_revenue_yoy": 5.7899783188936595, 
        "accumulated_operating_revenue": 244944, 
        "long_term_average": 85672, 
        "date": "2013-03-31", 
        "operating_revenue": 67404, 
        "short_term_average": 81648
    }, 
    {
        "accumulated_operating_revenue_yoy": 5.53158628099451, 
        "accumulated_operating_revenue": 377172, 
        "long_term_average": 86202, 
        "date": "2013-04-30", 
        "operating_revenue": 132228, 
        "short_term_average": 85506
    }, 
    {
        "accumulated_operating_revenue_yoy": 6.398905598873092, 
        "accumulated_operating_revenue": 471328, 
        "long_term_average": 86917, 
        "date": "2013-05-31", 
        "operating_revenue": 94156, 
        "short_term_average": 97929
    }, 
    {
        "accumulated_operating_revenue_yoy": 5.540445558170094, 
        "accumulated_operating_revenue": 552576, 
        "long_term_average": 86972, 
        "date": "2013-06-30", 
        "operating_revenue": 81248, 
        "short_term_average": 102544
    }, 
    {
        "accumulated_operating_revenue_yoy": 0.79275673407466, 
        "accumulated_operating_revenue": 624522, 
        "long_term_average": 84964, 
        "date": "2013-07-31", 
        "operating_revenue": 71946, 
        "short_term_average": 82450
    }, 
    {
        "accumulated_operating_revenue_yoy": 4.309097358686043, 
        "accumulated_operating_revenue": 741016, 
        "long_term_average": 87106, 
        "date": "2013-08-31", 
        "operating_revenue": 116494, 
        "short_term_average": 89896
    }, 
    {
        "accumulated_operating_revenue_yoy": 0.06970681989258373, 
        "accumulated_operating_revenue": 826894, 
        "long_term_average": 84603, 
        "date": "2013-09-30", 
        "operating_revenue": 85878, 
        "short_term_average": 91439
    }, 
    {
        "accumulated_operating_revenue_yoy": 6.162116027680569, 
        "accumulated_operating_revenue": 955286, 
        "long_term_average": 89176, 
        "date": "2013-10-31", 
        "operating_revenue": 128392, 
        "short_term_average": 110254
    }, 
    {
        "accumulated_operating_revenue_yoy": 10.248431043993214, 
        "accumulated_operating_revenue": 1059300, 
        "long_term_average": 92761, 
        "date": "2013-11-30", 
        "operating_revenue": 104014, 
        "short_term_average": 106094
    }, 
    {
        "accumulated_operating_revenue_yoy": 9.669712998305842, 
        "accumulated_operating_revenue": 1112778, 
        "long_term_average": 92731, 
        "date": "2013-12-31", 
        "operating_revenue": 53478, 
        "short_term_average": 95294
    }, 
    {
        "accumulated_operating_revenue_yoy": -25.460407446085505, 
        "accumulated_operating_revenue": 89935, 
        "long_term_average": 90171, 
        "date": "2014-01-31", 
        "operating_revenue": 89935, 
        "short_term_average": 82475
    }, 
    {
        "accumulated_operating_revenue_yoy": -23.154218767601666, 
        "accumulated_operating_revenue": 136432, 
        "long_term_average": 89305, 
        "date": "2014-02-28", 
        "operating_revenue": 46497, 
        "short_term_average": 63303
    }, 
    {
        "accumulated_operating_revenue_yoy": -17.22271213011954, 
        "accumulated_operating_revenue": 202758, 
        "long_term_average": 89216, 
        "date": "2014-03-31", 
        "operating_revenue": 66326, 
        "short_term_average": 67586
    }, 
    {
        "accumulated_operating_revenue_yoy": -24.63968693328243, 
        "accumulated_operating_revenue": 284238, 
        "long_term_average": 84987, 
        "date": "2014-04-30", 
        "operating_revenue": 81480, 
        "short_term_average": 64767
    }, 
    {
        "accumulated_operating_revenue_yoy": -17.22919071220042, 
        "accumulated_operating_revenue": 390122, 
        "long_term_average": 85964, 
        "date": "2014-05-31", 
        "operating_revenue": 105884, 
        "short_term_average": 84563
    }, 
    {
        "accumulated_operating_revenue_yoy": -18.369056926106094, 
        "accumulated_operating_revenue": 451073, 
        "long_term_average": 84272, 
        "date": "2014-06-30", 
        "operating_revenue": 60951, 
        "short_term_average": 82771
    }, 
    {
        "accumulated_operating_revenue_yoy": -9.016015448615102, 
        "accumulated_operating_revenue": 568215, 
        "long_term_average": 88039, 
        "date": "2014-07-31", 
        "operating_revenue": 117142, 
        "short_term_average": 94659
    }, 
    {
        "accumulated_operating_revenue_yoy": -9.884941755643602, 
        "accumulated_operating_revenue": 667767, 
        "long_term_average": 86627, 
        "date": "2014-08-31", 
        "operating_revenue": 99552, 
        "short_term_average": 92548
    }, 
    {
        "accumulated_operating_revenue_yoy": -8.0868890087484, 
        "accumulated_operating_revenue": 760024, 
        "long_term_average": 87159, 
        "date": "2014-09-30", 
        "operating_revenue": 92257, 
        "short_term_average": 102983
    }, 
    {
        "accumulated_operating_revenue_yoy": -7.384071367108907, 
        "accumulated_operating_revenue": 884747, 
        "long_term_average": 86853, 
        "date": "2014-10-31", 
        "operating_revenue": 124723, 
        "short_term_average": 105510
    }, 
    {
        "accumulated_operating_revenue_yoy": -9.872840555083545, 
        "accumulated_operating_revenue": 954717, 
        "long_term_average": 84016, 
        "date": "2014-11-30", 
        "operating_revenue": 69970, 
        "short_term_average": 95650
    }, 
    {
        "accumulated_operating_revenue_yoy": -7.425290579073273, 
        "accumulated_operating_revenue": 1030151, 
        "long_term_average": 85845, 
        "date": "2014-12-31", 
        "operating_revenue": 75434, 
        "short_term_average": 90042
    }, 
    {
        "accumulated_operating_revenue_yoy": -7.520987379774281, 
        "accumulated_operating_revenue": 83171, 
        "long_term_average": 85282, 
        "date": "2015-01-31", 
        "operating_revenue": 83171, 
        "short_term_average": 76191
    }, 
    {
        "accumulated_operating_revenue_yoy": -0.8480415151870528, 
        "accumulated_operating_revenue": 135275, 
        "long_term_average": 85749, 
        "date": "2015-02-28", 
        "operating_revenue": 52104, 
        "short_term_average": 70236
    }, 
    {
        "accumulated_operating_revenue_yoy": -5.056273981791101, 
        "accumulated_operating_revenue": 192506, 
        "long_term_average": 84991, 
        "date": "2015-03-31", 
        "operating_revenue": 57231, 
        "short_term_average": 64168
    }, 
    {
        "accumulated_operating_revenue_yoy": -4.979981564745038, 
        "accumulated_operating_revenue": 270083, 
        "long_term_average": 84666, 
        "date": "2015-04-30", 
        "operating_revenue": 77577, 
        "short_term_average": 62304
    }, 
    {
        "accumulated_operating_revenue_yoy": -14.009207376154126, 
        "accumulated_operating_revenue": 335469, 
        "long_term_average": 81291, 
        "date": "2015-05-31", 
        "operating_revenue": 65386, 
        "short_term_average": 66731
    }, 
    {
        "accumulated_operating_revenue_yoy": -13.447490760918965, 
        "accumulated_operating_revenue": 390415, 
        "long_term_average": 80791, 
        "date": "2015-06-30", 
        "operating_revenue": 54946, 
        "short_term_average": 65969
    }, 
    {
        "accumulated_operating_revenue_yoy": -17.831278653326645, 
        "accumulated_operating_revenue": 466895, 
        "long_term_average": 77402, 
        "date": "2015-07-31", 
        "operating_revenue": 76480, 
        "short_term_average": 65604
    }, 
    {
        "accumulated_operating_revenue_yoy": -6.5085576256388835, 
        "accumulated_operating_revenue": 624305, 
        "long_term_average": 82224, 
        "date": "2015-08-31", 
        "operating_revenue": 157410, 
        "short_term_average": 96278
    }
]