[
    {
        "date": "2012-01-31", 
        "operating_revenue": 25410, 
        "accumulated_operating_revenue": 25410, 
        "long_term_average": 25410, 
        "short_term_average": 25410
    }, 
    {
        "date": "2012-02-29", 
        "operating_revenue": 44427, 
        "accumulated_operating_revenue": 69837, 
        "long_term_average": 34918, 
        "short_term_average": 34918
    }, 
    {
        "date": "2012-03-31", 
        "operating_revenue": 67600, 
        "accumulated_operating_revenue": 137437, 
        "long_term_average": 45812, 
        "short_term_average": 45812
    }, 
    {
        "date": "2012-04-30", 
        "operating_revenue": 47903, 
        "accumulated_operating_revenue": 185340, 
        "long_term_average": 46335, 
        "short_term_average": 53310
    }, 
    {
        "date": "2012-05-31", 
        "operating_revenue": 51116, 
        "accumulated_operating_revenue": 236456, 
        "long_term_average": 47291, 
        "short_term_average": 55539
    }, 
    {
        "date": "2012-06-30", 
        "operating_revenue": 41214, 
        "accumulated_operating_revenue": 277670, 
        "long_term_average": 46278, 
        "short_term_average": 46744
    }, 
    {
        "date": "2012-07-31", 
        "operating_revenue": 49862, 
        "accumulated_operating_revenue": 327532, 
        "long_term_average": 46790, 
        "short_term_average": 47397
    }, 
    {
        "date": "2012-08-31", 
        "operating_revenue": 55646, 
        "accumulated_operating_revenue": 383178, 
        "long_term_average": 47897, 
        "short_term_average": 48907
    }, 
    {
        "date": "2012-09-30", 
        "operating_revenue": 32649, 
        "accumulated_operating_revenue": 415827, 
        "long_term_average": 46203, 
        "short_term_average": 46052
    }, 
    {
        "date": "2012-10-31", 
        "operating_revenue": 53566, 
        "accumulated_operating_revenue": 469393, 
        "long_term_average": 46939, 
        "short_term_average": 47287
    }, 
    {
        "date": "2012-11-30", 
        "operating_revenue": 45839, 
        "accumulated_operating_revenue": 515232, 
        "long_term_average": 46839, 
        "short_term_average": 44018
    }, 
    {
        "date": "2012-12-31", 
        "operating_revenue": 44348, 
        "accumulated_operating_revenue": 559580, 
        "long_term_average": 46631, 
        "short_term_average": 47917
    }, 
    {
        "accumulated_operating_revenue_yoy": 102.96733569460844, 
        "accumulated_operating_revenue": 51574, 
        "long_term_average": 48812, 
        "date": "2013-01-31", 
        "operating_revenue": 51574, 
        "short_term_average": 47253
    }, 
    {
        "accumulated_operating_revenue_yoy": 17.101250053696464, 
        "accumulated_operating_revenue": 81780, 
        "long_term_average": 47626, 
        "date": "2013-02-28", 
        "operating_revenue": 30206, 
        "short_term_average": 42042
    }, 
    {
        "accumulated_operating_revenue_yoy": 10.510270160146103, 
        "accumulated_operating_revenue": 151882, 
        "long_term_average": 47835, 
        "date": "2013-03-31", 
        "operating_revenue": 70102, 
        "short_term_average": 50627
    }, 
    {
        "accumulated_operating_revenue_yoy": 19.12161433041977, 
        "accumulated_operating_revenue": 220780, 
        "long_term_average": 49585, 
        "date": "2013-04-30", 
        "operating_revenue": 68898, 
        "short_term_average": 56402
    }, 
    {
        "accumulated_operating_revenue_yoy": 27.221132049937406, 
        "accumulated_operating_revenue": 300822, 
        "long_term_average": 51995, 
        "date": "2013-05-31", 
        "operating_revenue": 80042, 
        "short_term_average": 73014
    }, 
    {
        "accumulated_operating_revenue_yoy": 29.693881225915653, 
        "accumulated_operating_revenue": 360121, 
        "long_term_average": 53502, 
        "date": "2013-06-30", 
        "operating_revenue": 59299, 
        "short_term_average": 69413
    }, 
    {
        "accumulated_operating_revenue_yoy": 29.366901554657254, 
        "accumulated_operating_revenue": 423718, 
        "long_term_average": 54647, 
        "date": "2013-07-31", 
        "operating_revenue": 63597, 
        "short_term_average": 67646
    }, 
    {
        "accumulated_operating_revenue_yoy": 26.50308733799957, 
        "accumulated_operating_revenue": 484732, 
        "long_term_average": 55094, 
        "date": "2013-08-31", 
        "operating_revenue": 61014, 
        "short_term_average": 61303
    }, 
    {
        "accumulated_operating_revenue_yoy": 34.12548968681687, 
        "accumulated_operating_revenue": 557730, 
        "long_term_average": 58456, 
        "date": "2013-09-30", 
        "operating_revenue": 72998, 
        "short_term_average": 65869
    }, 
    {
        "accumulated_operating_revenue_yoy": 32.591666258337895, 
        "accumulated_operating_revenue": 622376, 
        "long_term_average": 59380, 
        "date": "2013-10-31", 
        "operating_revenue": 64646, 
        "short_term_average": 66219
    }, 
    {
        "accumulated_operating_revenue_yoy": 32.88887336190299, 
        "accumulated_operating_revenue": 684686, 
        "long_term_average": 60752, 
        "date": "2013-11-30", 
        "operating_revenue": 62310, 
        "short_term_average": 66651
    }, 
    {
        "accumulated_operating_revenue_yoy": 32.848207584259626, 
        "accumulated_operating_revenue": 743392, 
        "long_term_average": 61949, 
        "date": "2013-12-31", 
        "operating_revenue": 58706, 
        "short_term_average": 61887
    }, 
    {
        "accumulated_operating_revenue_yoy": 62.33373405204172, 
        "accumulated_operating_revenue": 83722, 
        "long_term_average": 64628, 
        "date": "2014-01-31", 
        "operating_revenue": 83722, 
        "short_term_average": 68246
    }, 
    {
        "accumulated_operating_revenue_yoy": 99.81168989973098, 
        "accumulated_operating_revenue": 163406, 
        "long_term_average": 68751, 
        "date": "2014-02-28", 
        "operating_revenue": 79684, 
        "short_term_average": 74037
    }, 
    {
        "accumulated_operating_revenue_yoy": 86.0101921228322, 
        "accumulated_operating_revenue": 282516, 
        "long_term_average": 72835, 
        "date": "2014-03-31", 
        "operating_revenue": 119110, 
        "short_term_average": 94172
    }, 
    {
        "accumulated_operating_revenue_yoy": 83.67786937222574, 
        "accumulated_operating_revenue": 405524, 
        "long_term_average": 77344, 
        "date": "2014-04-30", 
        "operating_revenue": 123008, 
        "short_term_average": 107267
    }, 
    {
        "accumulated_operating_revenue_yoy": 79.19001934698925, 
        "accumulated_operating_revenue": 539043, 
        "long_term_average": 81801, 
        "date": "2014-05-31", 
        "operating_revenue": 133519, 
        "short_term_average": 125212
    }, 
    {
        "accumulated_operating_revenue_yoy": 85.11472532843128, 
        "accumulated_operating_revenue": 666637, 
        "long_term_average": 87492, 
        "date": "2014-06-30", 
        "operating_revenue": 127594, 
        "short_term_average": 128040
    }, 
    {
        "accumulated_operating_revenue_yoy": 84.04858891998924, 
        "accumulated_operating_revenue": 779847, 
        "long_term_average": 91626, 
        "date": "2014-07-31", 
        "operating_revenue": 113210, 
        "short_term_average": 124774
    }, 
    {
        "accumulated_operating_revenue_yoy": 79.08865104841438, 
        "accumulated_operating_revenue": 868100, 
        "long_term_average": 93896, 
        "date": "2014-08-31", 
        "operating_revenue": 88253, 
        "short_term_average": 109685
    }, 
    {
        "accumulated_operating_revenue_yoy": 72.04794434583042, 
        "accumulated_operating_revenue": 959563, 
        "long_term_average": 95435, 
        "date": "2014-09-30", 
        "operating_revenue": 91463, 
        "short_term_average": 97642
    }, 
    {
        "accumulated_operating_revenue_yoy": 67.48573209763873, 
        "accumulated_operating_revenue": 1042391, 
        "long_term_average": 96950, 
        "date": "2014-10-31", 
        "operating_revenue": 82828, 
        "short_term_average": 87514
    }, 
    {
        "accumulated_operating_revenue_yoy": 64.47875376449936, 
        "accumulated_operating_revenue": 1126163, 
        "long_term_average": 98739, 
        "date": "2014-11-30", 
        "operating_revenue": 83772, 
        "short_term_average": 86021
    }, 
    {
        "accumulated_operating_revenue_yoy": 62.350953467349655, 
        "accumulated_operating_revenue": 1206904, 
        "long_term_average": 100575, 
        "date": "2014-12-31", 
        "operating_revenue": 80741, 
        "short_term_average": 82447
    }, 
    {
        "accumulated_operating_revenue_yoy": 7.533264852726881, 
        "accumulated_operating_revenue": 90029, 
        "long_term_average": 101100, 
        "date": "2015-01-31", 
        "operating_revenue": 90029, 
        "short_term_average": 84847
    }, 
    {
        "accumulated_operating_revenue_yoy": -2.5757928105455123, 
        "accumulated_operating_revenue": 159197, 
        "long_term_average": 100224, 
        "date": "2015-02-28", 
        "operating_revenue": 69168, 
        "short_term_average": 79979
    }, 
    {
        "accumulated_operating_revenue_yoy": -0.9429554432315338, 
        "accumulated_operating_revenue": 279852, 
        "long_term_average": 100353, 
        "date": "2015-03-31", 
        "operating_revenue": 120655, 
        "short_term_average": 93284
    }, 
    {
        "accumulated_operating_revenue_yoy": -3.7223444235113092, 
        "accumulated_operating_revenue": 390429, 
        "long_term_average": 99317, 
        "date": "2015-04-30", 
        "operating_revenue": 110577, 
        "short_term_average": 100133
    }, 
    {
        "accumulated_operating_revenue_yoy": -10.168762046812592, 
        "accumulated_operating_revenue": 484229, 
        "long_term_average": 96007, 
        "date": "2015-05-31", 
        "operating_revenue": 93800, 
        "short_term_average": 108344
    }, 
    {
        "accumulated_operating_revenue_yoy": -14.550647503813922, 
        "accumulated_operating_revenue": 569637, 
        "long_term_average": 92492, 
        "date": "2015-06-30", 
        "operating_revenue": 85408, 
        "short_term_average": 96595
    }, 
    {
        "accumulated_operating_revenue_yoy": -15.691026573161146, 
        "accumulated_operating_revenue": 657481, 
        "long_term_average": 90378, 
        "date": "2015-07-31", 
        "operating_revenue": 87844, 
        "short_term_average": 89017
    }, 
    {
        "accumulated_operating_revenue_yoy": -14.22693238106209, 
        "accumulated_operating_revenue": 744596, 
        "long_term_average": 90283, 
        "date": "2015-08-31", 
        "operating_revenue": 87115, 
        "short_term_average": 86789
    }, 
    {
        "accumulated_operating_revenue_yoy": -13.193401579677417, 
        "accumulated_operating_revenue": 832964, 
        "long_term_average": 90025, 
        "date": "2015-09-30", 
        "operating_revenue": 88368, 
        "short_term_average": 87775
    }
]