[
    {
        "date": "2012-01-31", 
        "operating_revenue": 17890, 
        "accumulated_operating_revenue": 17890, 
        "long_term_average": 17890, 
        "short_term_average": 17890
    }, 
    {
        "date": "2012-02-29", 
        "operating_revenue": 24729, 
        "accumulated_operating_revenue": 42619, 
        "long_term_average": 21309, 
        "short_term_average": 21309
    }, 
    {
        "date": "2012-03-31", 
        "operating_revenue": 45435, 
        "accumulated_operating_revenue": 88054, 
        "long_term_average": 29351, 
        "short_term_average": 29351
    }, 
    {
        "date": "2012-04-30", 
        "operating_revenue": 50719, 
        "accumulated_operating_revenue": 138773, 
        "long_term_average": 34693, 
        "short_term_average": 40294
    }, 
    {
        "date": "2012-05-31", 
        "operating_revenue": 47619, 
        "accumulated_operating_revenue": 186392, 
        "long_term_average": 37278, 
        "short_term_average": 47924
    }, 
    {
        "date": "2012-06-30", 
        "operating_revenue": 64019, 
        "accumulated_operating_revenue": 250411, 
        "long_term_average": 41735, 
        "short_term_average": 54119
    }, 
    {
        "date": "2012-07-31", 
        "operating_revenue": 60749, 
        "accumulated_operating_revenue": 311160, 
        "long_term_average": 44451, 
        "short_term_average": 57462
    }, 
    {
        "date": "2012-08-31", 
        "operating_revenue": 59485, 
        "accumulated_operating_revenue": 370645, 
        "long_term_average": 46330, 
        "short_term_average": 61417
    }, 
    {
        "date": "2012-09-30", 
        "operating_revenue": 62059, 
        "accumulated_operating_revenue": 432704, 
        "long_term_average": 48078, 
        "short_term_average": 60764
    }, 
    {
        "date": "2012-10-31", 
        "operating_revenue": 53204, 
        "accumulated_operating_revenue": 485908, 
        "long_term_average": 48590, 
        "short_term_average": 58249
    }, 
    {
        "date": "2012-11-30", 
        "operating_revenue": 51653, 
        "accumulated_operating_revenue": 537561, 
        "long_term_average": 48869, 
        "short_term_average": 55638
    }, 
    {
        "date": "2012-12-31", 
        "operating_revenue": 70448, 
        "accumulated_operating_revenue": 608009, 
        "long_term_average": 50667, 
        "short_term_average": 58435
    }, 
    {
        "accumulated_operating_revenue_yoy": 291.51481274455, 
        "accumulated_operating_revenue": 70042, 
        "long_term_average": 55013, 
        "date": "2013-01-31", 
        "operating_revenue": 70042, 
        "short_term_average": 64047
    }, 
    {
        "accumulated_operating_revenue_yoy": 232.56998052511793, 
        "accumulated_operating_revenue": 141738, 
        "long_term_average": 58927, 
        "date": "2013-02-28", 
        "operating_revenue": 71696, 
        "short_term_average": 70728
    }, 
    {
        "accumulated_operating_revenue_yoy": 156.96277284393668, 
        "accumulated_operating_revenue": 226266, 
        "long_term_average": 62185, 
        "date": "2013-03-31", 
        "operating_revenue": 84528, 
        "short_term_average": 75422
    }, 
    {
        "accumulated_operating_revenue_yoy": 133.1714382480742, 
        "accumulated_operating_revenue": 323579, 
        "long_term_average": 66067, 
        "date": "2013-04-30", 
        "operating_revenue": 97313, 
        "short_term_average": 84512
    }, 
    {
        "accumulated_operating_revenue_yoy": 140.06073222026697, 
        "accumulated_operating_revenue": 447454, 
        "long_term_average": 72422, 
        "date": "2013-05-31", 
        "operating_revenue": 123875, 
        "short_term_average": 101905
    }, 
    {
        "accumulated_operating_revenue_yoy": 128.5778180670977, 
        "accumulated_operating_revenue": 572384, 
        "long_term_average": 77498, 
        "date": "2013-06-30", 
        "operating_revenue": 124930, 
        "short_term_average": 115372
    }, 
    {
        "accumulated_operating_revenue_yoy": 126.35492993958093, 
        "accumulated_operating_revenue": 704326, 
        "long_term_average": 83431, 
        "date": "2013-07-31", 
        "operating_revenue": 131942, 
        "short_term_average": 126915
    }, 
    {
        "accumulated_operating_revenue_yoy": 129.24037825952058, 
        "accumulated_operating_revenue": 849668, 
        "long_term_average": 90586, 
        "date": "2013-08-31", 
        "operating_revenue": 145342, 
        "short_term_average": 134071
    }, 
    {
        "accumulated_operating_revenue_yoy": 127.1846342996598, 
        "accumulated_operating_revenue": 983037, 
        "long_term_average": 96528, 
        "date": "2013-09-30", 
        "operating_revenue": 133369, 
        "short_term_average": 136884
    }, 
    {
        "accumulated_operating_revenue_yoy": 132.96673444355721, 
        "accumulated_operating_revenue": 1132004, 
        "long_term_average": 104508, 
        "date": "2013-10-31", 
        "operating_revenue": 148967, 
        "short_term_average": 142559
    }, 
    {
        "accumulated_operating_revenue_yoy": 137.67125963379038, 
        "accumulated_operating_revenue": 1277628, 
        "long_term_average": 112339, 
        "date": "2013-11-30", 
        "operating_revenue": 145624, 
        "short_term_average": 142653
    }, 
    {
        "accumulated_operating_revenue_yoy": 142.455128131327, 
        "accumulated_operating_revenue": 1474149, 
        "long_term_average": 122845, 
        "date": "2013-12-31", 
        "operating_revenue": 196521, 
        "short_term_average": 163704
    }, 
    {
        "accumulated_operating_revenue_yoy": 74.00274121241542, 
        "accumulated_operating_revenue": 121875, 
        "long_term_average": 127165, 
        "date": "2014-01-31", 
        "operating_revenue": 121875, 
        "short_term_average": 154673
    }, 
    {
        "accumulated_operating_revenue_yoy": 113.55388110457324, 
        "accumulated_operating_revenue": 302687, 
        "long_term_average": 136258, 
        "date": "2014-02-28", 
        "operating_revenue": 180812, 
        "short_term_average": 166402
    }, 
    {
        "accumulated_operating_revenue_yoy": 115.28510690956662, 
        "accumulated_operating_revenue": 487117, 
        "long_term_average": 144583, 
        "date": "2014-03-31", 
        "operating_revenue": 184430, 
        "short_term_average": 162372
    }, 
    {
        "accumulated_operating_revenue_yoy": 118.01322088269018, 
        "accumulated_operating_revenue": 705445, 
        "long_term_average": 154667, 
        "date": "2014-04-30", 
        "operating_revenue": 218328, 
        "short_term_average": 194523
    }, 
    {
        "accumulated_operating_revenue_yoy": 107.54535661766349, 
        "accumulated_operating_revenue": 928670, 
        "long_term_average": 162947, 
        "date": "2014-05-31", 
        "operating_revenue": 223225, 
        "short_term_average": 208661
    }, 
    {
        "accumulated_operating_revenue_yoy": 101.45496729468329, 
        "accumulated_operating_revenue": 1153096, 
        "long_term_average": 171238, 
        "date": "2014-06-30", 
        "operating_revenue": 224426, 
        "short_term_average": 221993
    }, 
    {
        "accumulated_operating_revenue_yoy": 96.42409906776123, 
        "accumulated_operating_revenue": 1383466, 
        "long_term_average": 179440, 
        "date": "2014-07-31", 
        "operating_revenue": 230370, 
        "short_term_average": 226007
    }, 
    {
        "accumulated_operating_revenue_yoy": 95.38843407071938, 
        "accumulated_operating_revenue": 1660153, 
        "long_term_average": 190386, 
        "date": "2014-08-31", 
        "operating_revenue": 276687, 
        "short_term_average": 243827
    }, 
    {
        "accumulated_operating_revenue_yoy": 100.39784870762749, 
        "accumulated_operating_revenue": 1969985, 
        "long_term_average": 205091, 
        "date": "2014-09-30", 
        "operating_revenue": 309832, 
        "short_term_average": 272296
    }, 
    {
        "accumulated_operating_revenue_yoy": 97.17315486517715, 
        "accumulated_operating_revenue": 2232008, 
        "long_term_average": 214512, 
        "date": "2014-10-31", 
        "operating_revenue": 262023, 
        "short_term_average": 282847
    }, 
    {
        "accumulated_operating_revenue_yoy": 102.72348445713462, 
        "accumulated_operating_revenue": 2590052, 
        "long_term_average": 232214, 
        "date": "2014-11-30", 
        "operating_revenue": 358044, 
        "short_term_average": 309966
    }, 
    {
        "accumulated_operating_revenue_yoy": 98.40301082183687, 
        "accumulated_operating_revenue": 2924756, 
        "long_term_average": 243729, 
        "date": "2014-12-31", 
        "operating_revenue": 334704, 
        "short_term_average": 318257
    }, 
    {
        "accumulated_operating_revenue_yoy": 79.84328205128205, 
        "accumulated_operating_revenue": 219184, 
        "long_term_average": 251838, 
        "date": "2015-01-31", 
        "operating_revenue": 219184, 
        "short_term_average": 303977
    }, 
    {
        "accumulated_operating_revenue_yoy": 31.794560057088677, 
        "accumulated_operating_revenue": 398925, 
        "long_term_average": 251749, 
        "date": "2015-02-28", 
        "operating_revenue": 179741, 
        "short_term_average": 244543
    }, 
    {
        "accumulated_operating_revenue_yoy": 33.85695838987348, 
        "accumulated_operating_revenue": 652040, 
        "long_term_average": 257473, 
        "date": "2015-03-31", 
        "operating_revenue": 253115, 
        "short_term_average": 217346
    }, 
    {
        "accumulated_operating_revenue_yoy": 25.0731098809971, 
        "accumulated_operating_revenue": 882322, 
        "long_term_average": 258469, 
        "date": "2015-04-30", 
        "operating_revenue": 230282, 
        "short_term_average": 221046
    }, 
    {
        "accumulated_operating_revenue_yoy": 28.66432640227422, 
        "accumulated_operating_revenue": 1194867, 
        "long_term_average": 265912, 
        "date": "2015-05-31", 
        "operating_revenue": 312545, 
        "short_term_average": 265314
    }, 
    {
        "accumulated_operating_revenue_yoy": 12.971599936171838, 
        "accumulated_operating_revenue": 1302671, 
        "long_term_average": 256194, 
        "date": "2015-06-30", 
        "operating_revenue": 107804, 
        "short_term_average": 216877
    }, 
    {
        "accumulated_operating_revenue_yoy": -0.2923815981021579, 
        "accumulated_operating_revenue": 1379421, 
        "long_term_average": 243392, 
        "date": "2015-07-31", 
        "operating_revenue": 76750, 
        "short_term_average": 165699
    }, 
    {
        "accumulated_operating_revenue_yoy": -13.149872331044188, 
        "accumulated_operating_revenue": 1441845, 
        "long_term_average": 225537, 
        "date": "2015-08-31", 
        "operating_revenue": 62424, 
        "short_term_average": 82326
    }, 
    {
        "accumulated_operating_revenue_yoy": -25.749688449404438, 
        "accumulated_operating_revenue": 1462720, 
        "long_term_average": 201457, 
        "date": "2015-09-30", 
        "operating_revenue": 20875, 
        "short_term_average": 53349
    }
]