[
    {
        "date": "2012-01-31", 
        "operating_revenue": 107956, 
        "accumulated_operating_revenue": 107956, 
        "long_term_average": 107956, 
        "short_term_average": 107956
    }, 
    {
        "date": "2012-02-29", 
        "operating_revenue": 128523, 
        "accumulated_operating_revenue": 236479, 
        "long_term_average": 118239, 
        "short_term_average": 118239
    }, 
    {
        "date": "2012-03-31", 
        "operating_revenue": 156082, 
        "accumulated_operating_revenue": 392561, 
        "long_term_average": 130853, 
        "short_term_average": 130853
    }, 
    {
        "date": "2012-04-30", 
        "operating_revenue": 127157, 
        "accumulated_operating_revenue": 519718, 
        "long_term_average": 129929, 
        "short_term_average": 137254
    }, 
    {
        "date": "2012-05-31", 
        "operating_revenue": 127222, 
        "accumulated_operating_revenue": 646940, 
        "long_term_average": 129388, 
        "short_term_average": 136820
    }, 
    {
        "date": "2012-06-30", 
        "operating_revenue": 121116, 
        "accumulated_operating_revenue": 768056, 
        "long_term_average": 128009, 
        "short_term_average": 125165
    }, 
    {
        "date": "2012-07-31", 
        "operating_revenue": 140436, 
        "accumulated_operating_revenue": 908492, 
        "long_term_average": 129784, 
        "short_term_average": 129591
    }, 
    {
        "date": "2012-08-31", 
        "operating_revenue": 137845, 
        "accumulated_operating_revenue": 1046337, 
        "long_term_average": 130792, 
        "short_term_average": 133132
    }, 
    {
        "date": "2012-09-30", 
        "operating_revenue": 126086, 
        "accumulated_operating_revenue": 1172423, 
        "long_term_average": 130269, 
        "short_term_average": 134789
    }, 
    {
        "date": "2012-10-31", 
        "operating_revenue": 145996, 
        "accumulated_operating_revenue": 1318419, 
        "long_term_average": 131841, 
        "short_term_average": 136642
    }, 
    {
        "date": "2012-11-30", 
        "operating_revenue": 145738, 
        "accumulated_operating_revenue": 1464157, 
        "long_term_average": 133105, 
        "short_term_average": 139273
    }, 
    {
        "date": "2012-12-31", 
        "operating_revenue": 122864, 
        "accumulated_operating_revenue": 1587021, 
        "long_term_average": 132251, 
        "short_term_average": 138199
    }, 
    {
        "accumulated_operating_revenue_yoy": 39.40864796769054, 
        "accumulated_operating_revenue": 150500, 
        "long_term_average": 135797, 
        "date": "2013-01-31", 
        "operating_revenue": 150500, 
        "short_term_average": 139700
    }, 
    {
        "accumulated_operating_revenue_yoy": -1.2618456607140591, 
        "accumulated_operating_revenue": 233495, 
        "long_term_average": 132003, 
        "date": "2013-02-28", 
        "operating_revenue": 82995, 
        "short_term_average": 118786
    }, 
    {
        "accumulated_operating_revenue_yoy": 2.788356459250919, 
        "accumulated_operating_revenue": 403507, 
        "long_term_average": 133163, 
        "date": "2013-03-31", 
        "operating_revenue": 170012, 
        "short_term_average": 134502
    }, 
    {
        "accumulated_operating_revenue_yoy": 4.228831789547408, 
        "accumulated_operating_revenue": 541696, 
        "long_term_average": 134083, 
        "date": "2013-04-30", 
        "operating_revenue": 138189, 
        "short_term_average": 130398
    }, 
    {
        "accumulated_operating_revenue_yoy": 4.956255603301697, 
        "accumulated_operating_revenue": 679004, 
        "long_term_average": 134923, 
        "date": "2013-05-31", 
        "operating_revenue": 137308, 
        "short_term_average": 148503
    }, 
    {
        "accumulated_operating_revenue_yoy": 3.477480808691033, 
        "accumulated_operating_revenue": 794765, 
        "long_term_average": 134477, 
        "date": "2013-06-30", 
        "operating_revenue": 115761, 
        "short_term_average": 130419
    }, 
    {
        "accumulated_operating_revenue_yoy": 3.1326637989107224, 
        "accumulated_operating_revenue": 936952, 
        "long_term_average": 134623, 
        "date": "2013-07-31", 
        "operating_revenue": 142187, 
        "short_term_average": 131752
    }, 
    {
        "accumulated_operating_revenue_yoy": 3.050737955362374, 
        "accumulated_operating_revenue": 1078258, 
        "long_term_average": 134911, 
        "date": "2013-08-31", 
        "operating_revenue": 141306, 
        "short_term_average": 133084
    }, 
    {
        "accumulated_operating_revenue_yoy": 4.0534005218253135, 
        "accumulated_operating_revenue": 1219946, 
        "long_term_average": 136212, 
        "date": "2013-09-30", 
        "operating_revenue": 141688, 
        "short_term_average": 141727
    }, 
    {
        "accumulated_operating_revenue_yoy": 3.4720373416948633, 
        "accumulated_operating_revenue": 1364195, 
        "long_term_average": 136066, 
        "date": "2013-10-31", 
        "operating_revenue": 144249, 
        "short_term_average": 142414
    }, 
    {
        "accumulated_operating_revenue_yoy": 2.170190765061397, 
        "accumulated_operating_revenue": 1495932, 
        "long_term_average": 134899, 
        "date": "2013-11-30", 
        "operating_revenue": 131737, 
        "short_term_average": 139224
    }, 
    {
        "accumulated_operating_revenue_yoy": 2.0684666428484566, 
        "accumulated_operating_revenue": 1619848, 
        "long_term_average": 134987, 
        "date": "2013-12-31", 
        "operating_revenue": 123916, 
        "short_term_average": 133300
    }, 
    {
        "accumulated_operating_revenue_yoy": -20.612624584717608, 
        "accumulated_operating_revenue": 119478, 
        "long_term_average": 132402, 
        "date": "2014-01-31", 
        "operating_revenue": 119478, 
        "short_term_average": 125043
    }, 
    {
        "accumulated_operating_revenue_yoy": -0.5854515085976145, 
        "accumulated_operating_revenue": 232128, 
        "long_term_average": 134873, 
        "date": "2014-02-28", 
        "operating_revenue": 112650, 
        "short_term_average": 118681
    }, 
    {
        "accumulated_operating_revenue_yoy": -8.170861967698206, 
        "accumulated_operating_revenue": 370537, 
        "long_term_average": 132239, 
        "date": "2014-03-31", 
        "operating_revenue": 138409, 
        "short_term_average": 123512
    }, 
    {
        "accumulated_operating_revenue_yoy": -6.192772329867675, 
        "accumulated_operating_revenue": 508150, 
        "long_term_average": 132191, 
        "date": "2014-04-30", 
        "operating_revenue": 137613, 
        "short_term_average": 129557
    }, 
    {
        "accumulated_operating_revenue_yoy": -5.945473075269071, 
        "accumulated_operating_revenue": 638634, 
        "long_term_average": 131623, 
        "date": "2014-05-31", 
        "operating_revenue": 130484, 
        "short_term_average": 135502
    }, 
    {
        "accumulated_operating_revenue_yoy": -3.295313709083817, 
        "accumulated_operating_revenue": 768575, 
        "long_term_average": 132804, 
        "date": "2014-06-30", 
        "operating_revenue": 129941, 
        "short_term_average": 132679
    }, 
    {
        "accumulated_operating_revenue_yoy": -4.324020867664513, 
        "accumulated_operating_revenue": 896438, 
        "long_term_average": 131611, 
        "date": "2014-07-31", 
        "operating_revenue": 127863, 
        "short_term_average": 129429
    }, 
    {
        "accumulated_operating_revenue_yoy": -5.13643302437821, 
        "accumulated_operating_revenue": 1022874, 
        "long_term_average": 130372, 
        "date": "2014-08-31", 
        "operating_revenue": 126436, 
        "short_term_average": 128080
    }, 
    {
        "accumulated_operating_revenue_yoy": -5.4058130441839225, 
        "accumulated_operating_revenue": 1153998, 
        "long_term_average": 129491, 
        "date": "2014-09-30", 
        "operating_revenue": 131124, 
        "short_term_average": 128474
    }, 
    {
        "accumulated_operating_revenue_yoy": -5.792573642331192, 
        "accumulated_operating_revenue": 1285173, 
        "long_term_average": 128402, 
        "date": "2014-10-31", 
        "operating_revenue": 131175, 
        "short_term_average": 129578
    }, 
    {
        "accumulated_operating_revenue_yoy": -6.190522029076187, 
        "accumulated_operating_revenue": 1403326, 
        "long_term_average": 127270, 
        "date": "2014-11-30", 
        "operating_revenue": 118153, 
        "short_term_average": 126817
    }, 
    {
        "accumulated_operating_revenue_yoy": -6.232807028807641, 
        "accumulated_operating_revenue": 1518886, 
        "long_term_average": 126573, 
        "date": "2014-12-31", 
        "operating_revenue": 115560, 
        "short_term_average": 121629
    }, 
    {
        "accumulated_operating_revenue_yoy": 17.578968513031686, 
        "accumulated_operating_revenue": 140481, 
        "long_term_average": 128324, 
        "date": "2015-01-31", 
        "operating_revenue": 140481, 
        "short_term_average": 124731
    }, 
    {
        "accumulated_operating_revenue_yoy": -3.956437827405569, 
        "accumulated_operating_revenue": 222944, 
        "long_term_average": 125808, 
        "date": "2015-02-28", 
        "operating_revenue": 82463, 
        "short_term_average": 112834
    }, 
    {
        "accumulated_operating_revenue_yoy": -3.361877491316657, 
        "accumulated_operating_revenue": 358080, 
        "long_term_average": 125535, 
        "date": "2015-03-31", 
        "operating_revenue": 135136, 
        "short_term_average": 119360
    }, 
    {
        "accumulated_operating_revenue_yoy": -5.5280920987897275, 
        "accumulated_operating_revenue": 480059, 
        "long_term_average": 124232, 
        "date": "2015-04-30", 
        "operating_revenue": 121979, 
        "short_term_average": 113192
    }, 
    {
        "accumulated_operating_revenue_yoy": -5.023064854047858, 
        "accumulated_operating_revenue": 606555, 
        "long_term_average": 123900, 
        "date": "2015-05-31", 
        "operating_revenue": 126496, 
        "short_term_average": 127870
    }, 
    {
        "accumulated_operating_revenue_yoy": -6.5296164980646, 
        "accumulated_operating_revenue": 718390, 
        "long_term_average": 122391, 
        "date": "2015-06-30", 
        "operating_revenue": 111835, 
        "short_term_average": 120103
    }, 
    {
        "accumulated_operating_revenue_yoy": -6.067792753096143, 
        "accumulated_operating_revenue": 842044, 
        "long_term_average": 122041, 
        "date": "2015-07-31", 
        "operating_revenue": 123654, 
        "short_term_average": 120661
    }, 
    {
        "accumulated_operating_revenue_yoy": -6.165275488476587, 
        "accumulated_operating_revenue": 959811, 
        "long_term_average": 121318, 
        "date": "2015-08-31", 
        "operating_revenue": 117767, 
        "short_term_average": 117752
    }
]