[
    {
        "date": "2012-01-31", 
        "operating_revenue": 1137207, 
        "accumulated_operating_revenue": 1137207, 
        "long_term_average": 1137207, 
        "short_term_average": 1137207
    }, 
    {
        "date": "2012-02-29", 
        "operating_revenue": 1037329, 
        "accumulated_operating_revenue": 2174536, 
        "long_term_average": 1087268, 
        "short_term_average": 1087268
    }, 
    {
        "date": "2012-03-31", 
        "operating_revenue": 1025986, 
        "accumulated_operating_revenue": 3200522, 
        "long_term_average": 1066840, 
        "short_term_average": 1066840
    }, 
    {
        "date": "2012-04-30", 
        "operating_revenue": 1138048, 
        "accumulated_operating_revenue": 4338570, 
        "long_term_average": 1084642, 
        "short_term_average": 1067121
    }, 
    {
        "date": "2012-05-31", 
        "operating_revenue": 986049, 
        "accumulated_operating_revenue": 5324619, 
        "long_term_average": 1064923, 
        "short_term_average": 1050027
    }, 
    {
        "date": "2012-06-30", 
        "operating_revenue": 1044357, 
        "accumulated_operating_revenue": 6368976, 
        "long_term_average": 1061496, 
        "short_term_average": 1056151
    }, 
    {
        "date": "2012-07-31", 
        "operating_revenue": 1248644, 
        "accumulated_operating_revenue": 7617620, 
        "long_term_average": 1088231, 
        "short_term_average": 1093016
    }, 
    {
        "date": "2012-08-31", 
        "operating_revenue": 1131786, 
        "accumulated_operating_revenue": 8749406, 
        "long_term_average": 1093675, 
        "short_term_average": 1141595
    }, 
    {
        "date": "2012-09-30", 
        "operating_revenue": 1098626, 
        "accumulated_operating_revenue": 9848032, 
        "long_term_average": 1094225, 
        "short_term_average": 1159685
    }, 
    {
        "date": "2012-10-31", 
        "operating_revenue": 991362, 
        "accumulated_operating_revenue": 10839394, 
        "long_term_average": 1083939, 
        "short_term_average": 1073924
    }, 
    {
        "date": "2012-11-30", 
        "operating_revenue": 1085362, 
        "accumulated_operating_revenue": 11924756, 
        "long_term_average": 1084068, 
        "short_term_average": 1058450
    }, 
    {
        "date": "2012-12-31", 
        "operating_revenue": 1108712, 
        "accumulated_operating_revenue": 13033468, 
        "long_term_average": 1086122, 
        "short_term_average": 1061812
    }, 
    {
        "accumulated_operating_revenue_yoy": 12.213255810067999, 
        "accumulated_operating_revenue": 1276097, 
        "long_term_average": 1097696, 
        "date": "2013-01-31", 
        "operating_revenue": 1276097, 
        "short_term_average": 1156723
    }, 
    {
        "accumulated_operating_revenue_yoy": 3.994967202198538, 
        "accumulated_operating_revenue": 2261408, 
        "long_term_average": 1093361, 
        "date": "2013-02-28", 
        "operating_revenue": 985311, 
        "short_term_average": 1123373
    }, 
    {
        "accumulated_operating_revenue_yoy": 15.173712288182989, 
        "accumulated_operating_revenue": 3686160, 
        "long_term_average": 1126592, 
        "date": "2013-03-31", 
        "operating_revenue": 1424752, 
        "short_term_average": 1228720
    }, 
    {
        "accumulated_operating_revenue_yoy": 14.606702208331315, 
        "accumulated_operating_revenue": 4972292, 
        "long_term_average": 1138932, 
        "date": "2013-04-30", 
        "operating_revenue": 1286132, 
        "short_term_average": 1232065
    }, 
    {
        "accumulated_operating_revenue_yoy": 21.445196360528332, 
        "accumulated_operating_revenue": 6466494, 
        "long_term_average": 1181278, 
        "date": "2013-05-31", 
        "operating_revenue": 1494202, 
        "short_term_average": 1401695
    }, 
    {
        "accumulated_operating_revenue_yoy": 24.139422098623076, 
        "accumulated_operating_revenue": 7906410, 
        "long_term_average": 1214241, 
        "date": "2013-06-30", 
        "operating_revenue": 1439916, 
        "short_term_average": 1406750
    }, 
    {
        "accumulated_operating_revenue_yoy": 20.492397888054274, 
        "accumulated_operating_revenue": 9178653, 
        "long_term_average": 1216208, 
        "date": "2013-07-31", 
        "operating_revenue": 1272243, 
        "short_term_average": 1402120
    }, 
    {
        "accumulated_operating_revenue_yoy": 19.503792600320523, 
        "accumulated_operating_revenue": 10455872, 
        "long_term_average": 1228327, 
        "date": "2013-08-31", 
        "operating_revenue": 1277219, 
        "short_term_average": 1329792
    }, 
    {
        "accumulated_operating_revenue_yoy": 18.696527387400852, 
        "accumulated_operating_revenue": 11689272, 
        "long_term_average": 1239559, 
        "date": "2013-09-30", 
        "operating_revenue": 1233400, 
        "short_term_average": 1260954
    }, 
    {
        "accumulated_operating_revenue_yoy": 20.534127645881313, 
        "accumulated_operating_revenue": 13065169, 
        "long_term_average": 1271603, 
        "date": "2013-10-31", 
        "operating_revenue": 1375897, 
        "short_term_average": 1295505
    }, 
    {
        "accumulated_operating_revenue_yoy": 19.13951111452511, 
        "accumulated_operating_revenue": 14207096, 
        "long_term_average": 1276317, 
        "date": "2013-11-30", 
        "operating_revenue": 1141927, 
        "short_term_average": 1250408
    }, 
    {
        "accumulated_operating_revenue_yoy": 19.713563573409626, 
        "accumulated_operating_revenue": 15602829, 
        "long_term_average": 1300235, 
        "date": "2013-12-31", 
        "operating_revenue": 1395733, 
        "short_term_average": 1304519
    }, 
    {
        "accumulated_operating_revenue_yoy": -85.69654187730244, 
        "accumulated_operating_revenue": 182526, 
        "long_term_average": 1209104, 
        "date": "2014-01-31", 
        "operating_revenue": 182526, 
        "short_term_average": 906728
    }, 
    {
        "accumulated_operating_revenue_yoy": -80.96340863745066, 
        "accumulated_operating_revenue": 430495, 
        "long_term_average": 1147659, 
        "date": "2014-02-28", 
        "operating_revenue": 247969, 
        "short_term_average": 608742
    }, 
    {
        "accumulated_operating_revenue_yoy": -83.13358617097467, 
        "accumulated_operating_revenue": 621723, 
        "long_term_average": 1044866, 
        "date": "2014-03-31", 
        "operating_revenue": 191228, 
        "short_term_average": 207241
    }, 
    {
        "accumulated_operating_revenue_yoy": -84.66051470830756, 
        "accumulated_operating_revenue": 762724, 
        "long_term_average": 949438, 
        "date": "2014-04-30", 
        "operating_revenue": 141001, 
        "short_term_average": 193399
    }, 
    {
        "accumulated_operating_revenue_yoy": -85.69914392559555, 
        "accumulated_operating_revenue": 924764, 
        "long_term_average": 838424, 
        "date": "2014-05-31", 
        "operating_revenue": 162040, 
        "short_term_average": 164756
    }, 
    {
        "accumulated_operating_revenue_yoy": -85.38097568934573, 
        "accumulated_operating_revenue": 1155840, 
        "long_term_average": 737688, 
        "date": "2014-06-30", 
        "operating_revenue": 231076, 
        "short_term_average": 178039
    }, 
    {
        "accumulated_operating_revenue_yoy": -84.56795348947172, 
        "accumulated_operating_revenue": 1416454, 
        "long_term_average": 653385, 
        "date": "2014-07-31", 
        "operating_revenue": 260614, 
        "short_term_average": 217910
    }, 
    {
        "accumulated_operating_revenue_yoy": -84.75559953297056, 
        "accumulated_operating_revenue": 1593935, 
        "long_term_average": 561741, 
        "date": "2014-08-31", 
        "operating_revenue": 177481, 
        "short_term_average": 223057
    }, 
    {
        "accumulated_operating_revenue_yoy": -84.79115722518904, 
        "accumulated_operating_revenue": 1777803, 
        "long_term_average": 474280, 
        "date": "2014-09-30", 
        "operating_revenue": 183868, 
        "short_term_average": 207321
    }, 
    {
        "accumulated_operating_revenue_yoy": -85.39517552356193, 
        "accumulated_operating_revenue": 1908145, 
        "long_term_average": 370483, 
        "date": "2014-10-31", 
        "operating_revenue": 130342, 
        "short_term_average": 163897
    }, 
    {
        "accumulated_operating_revenue_yoy": -85.91291985357176, 
        "accumulated_operating_revenue": 2001365, 
        "long_term_average": 283091, 
        "date": "2014-11-30", 
        "operating_revenue": 93220, 
        "short_term_average": 135810
    }, 
    {
        "accumulated_operating_revenue_yoy": -86.00305111335899, 
        "accumulated_operating_revenue": 2183920, 
        "long_term_average": 181993, 
        "date": "2014-12-31", 
        "operating_revenue": 182555, 
        "short_term_average": 135372
    }, 
    {
        "accumulated_operating_revenue_yoy": 16.62283729441285, 
        "accumulated_operating_revenue": 212867, 
        "long_term_average": 184521, 
        "date": "2015-01-31", 
        "operating_revenue": 212867, 
        "short_term_average": 162880
    }, 
    {
        "accumulated_operating_revenue_yoy": -11.678184415614583, 
        "accumulated_operating_revenue": 380221, 
        "long_term_average": 177803, 
        "date": "2015-02-28", 
        "operating_revenue": 167354, 
        "short_term_average": 187592
    }, 
    {
        "accumulated_operating_revenue_yoy": -1.7924381115062498, 
        "accumulated_operating_revenue": 610579, 
        "long_term_average": 181064, 
        "date": "2015-03-31", 
        "operating_revenue": 230358, 
        "short_term_average": 203526
    }, 
    {
        "accumulated_operating_revenue_yoy": 4.751784393830534, 
        "accumulated_operating_revenue": 798967, 
        "long_term_average": 185013, 
        "date": "2015-04-30", 
        "operating_revenue": 188388, 
        "short_term_average": 195366
    }, 
    {
        "accumulated_operating_revenue_yoy": 2.967243534566657, 
        "accumulated_operating_revenue": 952204, 
        "long_term_average": 184280, 
        "date": "2015-05-31", 
        "operating_revenue": 153237, 
        "short_term_average": 190661
    }, 
    {
        "accumulated_operating_revenue_yoy": -4.95094476744186, 
        "accumulated_operating_revenue": 1098615, 
        "long_term_average": 177224, 
        "date": "2015-06-30", 
        "operating_revenue": 146411, 
        "short_term_average": 162678
    }, 
    {
        "accumulated_operating_revenue_yoy": -11.757035526744957, 
        "accumulated_operating_revenue": 1249921, 
        "long_term_average": 168115, 
        "date": "2015-07-31", 
        "operating_revenue": 151306, 
        "short_term_average": 150318
    }, 
    {
        "accumulated_operating_revenue_yoy": -11.517596388811338, 
        "accumulated_operating_revenue": 1410352, 
        "long_term_average": 166694, 
        "date": "2015-08-31", 
        "operating_revenue": 160431, 
        "short_term_average": 152716
    }, 
    {
        "accumulated_operating_revenue_yoy": -10.95807578229984, 
        "accumulated_operating_revenue": 1582990, 
        "long_term_average": 165758, 
        "date": "2015-09-30", 
        "operating_revenue": 172638, 
        "short_term_average": 161458
    }
]