[
    {
        "date": "2012-01-31", 
        "operating_revenue": 80168, 
        "accumulated_operating_revenue": 80168, 
        "long_term_average": 80168, 
        "short_term_average": 80168
    }, 
    {
        "date": "2012-02-29", 
        "operating_revenue": 209983, 
        "accumulated_operating_revenue": 290151, 
        "long_term_average": 145075, 
        "short_term_average": 145075
    }, 
    {
        "date": "2012-03-31", 
        "operating_revenue": 228716, 
        "accumulated_operating_revenue": 518867, 
        "long_term_average": 172955, 
        "short_term_average": 172955
    }, 
    {
        "date": "2012-04-30", 
        "operating_revenue": 211602, 
        "accumulated_operating_revenue": 730469, 
        "long_term_average": 182617, 
        "short_term_average": 216767
    }, 
    {
        "date": "2012-05-31", 
        "operating_revenue": 168069, 
        "accumulated_operating_revenue": 898538, 
        "long_term_average": 179707, 
        "short_term_average": 202795
    }, 
    {
        "date": "2012-06-30", 
        "operating_revenue": 151683, 
        "accumulated_operating_revenue": 1050221, 
        "long_term_average": 175036, 
        "short_term_average": 177118
    }, 
    {
        "date": "2012-07-31", 
        "operating_revenue": 162296, 
        "accumulated_operating_revenue": 1212517, 
        "long_term_average": 173216, 
        "short_term_average": 160682
    }, 
    {
        "date": "2012-08-31", 
        "operating_revenue": 160597, 
        "accumulated_operating_revenue": 1373114, 
        "long_term_average": 171639, 
        "short_term_average": 158192
    }, 
    {
        "date": "2012-09-30", 
        "operating_revenue": 127697, 
        "accumulated_operating_revenue": 1500811, 
        "long_term_average": 166756, 
        "short_term_average": 150196
    }, 
    {
        "date": "2012-10-31", 
        "operating_revenue": 172715, 
        "accumulated_operating_revenue": 1673526, 
        "long_term_average": 167352, 
        "short_term_average": 153669
    }, 
    {
        "date": "2012-11-30", 
        "operating_revenue": 160781, 
        "accumulated_operating_revenue": 1834307, 
        "long_term_average": 166755, 
        "short_term_average": 153731
    }, 
    {
        "date": "2012-12-31", 
        "operating_revenue": 129790, 
        "accumulated_operating_revenue": 1964097, 
        "long_term_average": 163674, 
        "short_term_average": 154428
    }, 
    {
        "accumulated_operating_revenue_yoy": 93.37890430096797, 
        "accumulated_operating_revenue": 155028, 
        "long_term_average": 169913, 
        "date": "2013-01-31", 
        "operating_revenue": 155028, 
        "short_term_average": 148533
    }, 
    {
        "accumulated_operating_revenue_yoy": -15.32581311110422, 
        "accumulated_operating_revenue": 245683, 
        "long_term_average": 159969, 
        "date": "2013-02-28", 
        "operating_revenue": 90655, 
        "short_term_average": 125157
    }, 
    {
        "accumulated_operating_revenue_yoy": -24.58703290053135, 
        "accumulated_operating_revenue": 391293, 
        "long_term_average": 153043, 
        "date": "2013-03-31", 
        "operating_revenue": 145610, 
        "short_term_average": 130431
    }, 
    {
        "accumulated_operating_revenue_yoy": -26.02916756221003, 
        "accumulated_operating_revenue": 540334, 
        "long_term_average": 147830, 
        "date": "2013-04-30", 
        "operating_revenue": 149041, 
        "short_term_average": 128435
    }, 
    {
        "accumulated_operating_revenue_yoy": -23.664998030133393, 
        "accumulated_operating_revenue": 685899, 
        "long_term_average": 145954, 
        "date": "2013-05-31", 
        "operating_revenue": 145565, 
        "short_term_average": 146738
    }, 
    {
        "accumulated_operating_revenue_yoy": -22.51307105837724, 
        "accumulated_operating_revenue": 813784, 
        "long_term_average": 143971, 
        "date": "2013-06-30", 
        "operating_revenue": 127885, 
        "short_term_average": 140830
    }, 
    {
        "accumulated_operating_revenue_yoy": -22.201008315759697, 
        "accumulated_operating_revenue": 943326, 
        "long_term_average": 141242, 
        "date": "2013-07-31", 
        "operating_revenue": 129542, 
        "short_term_average": 134330
    }, 
    {
        "accumulated_operating_revenue_yoy": -21.0344516187294, 
        "accumulated_operating_revenue": 1084287, 
        "long_term_average": 139605, 
        "date": "2013-08-31", 
        "operating_revenue": 140961, 
        "short_term_average": 132796
    }, 
    {
        "accumulated_operating_revenue_yoy": -18.25739550149886, 
        "accumulated_operating_revenue": 1226802, 
        "long_term_average": 140840, 
        "date": "2013-09-30", 
        "operating_revenue": 142515, 
        "short_term_average": 137672
    }, 
    {
        "accumulated_operating_revenue_yoy": -16.924565259219158, 
        "accumulated_operating_revenue": 1390289, 
        "long_term_average": 140071, 
        "date": "2013-10-31", 
        "operating_revenue": 163487, 
        "short_term_average": 148987
    }, 
    {
        "accumulated_operating_revenue_yoy": -16.92699204658762, 
        "accumulated_operating_revenue": 1523814, 
        "long_term_average": 137800, 
        "date": "2013-11-30", 
        "operating_revenue": 133525, 
        "short_term_average": 146509
    }, 
    {
        "accumulated_operating_revenue_yoy": -15.792193562741556, 
        "accumulated_operating_revenue": 1653923, 
        "long_term_average": 137826, 
        "date": "2013-12-31", 
        "operating_revenue": 130109, 
        "short_term_average": 142373
    }, 
    {
        "accumulated_operating_revenue_yoy": -27.601465541708592, 
        "accumulated_operating_revenue": 112238, 
        "long_term_average": 134261, 
        "date": "2014-01-31", 
        "operating_revenue": 112238, 
        "short_term_average": 125290
    }, 
    {
        "accumulated_operating_revenue_yoy": -13.513348501931349, 
        "accumulated_operating_revenue": 212483, 
        "long_term_average": 135060, 
        "date": "2014-02-28", 
        "operating_revenue": 100245, 
        "short_term_average": 114197
    }, 
    {
        "accumulated_operating_revenue_yoy": -7.768858630233611, 
        "accumulated_operating_revenue": 360894, 
        "long_term_average": 135293, 
        "date": "2014-03-31", 
        "operating_revenue": 148411, 
        "short_term_average": 120298
    }, 
    {
        "accumulated_operating_revenue_yoy": -6.020350375878623, 
        "accumulated_operating_revenue": 507804, 
        "long_term_average": 135116, 
        "date": "2014-04-30", 
        "operating_revenue": 146910, 
        "short_term_average": 131855
    }, 
    {
        "accumulated_operating_revenue_yoy": -7.339564571460229, 
        "accumulated_operating_revenue": 635557, 
        "long_term_average": 133631, 
        "date": "2014-05-31", 
        "operating_revenue": 127753, 
        "short_term_average": 141024
    }, 
    {
        "accumulated_operating_revenue_yoy": -7.129287378468979, 
        "accumulated_operating_revenue": 755767, 
        "long_term_average": 132992, 
        "date": "2014-06-30", 
        "operating_revenue": 120210, 
        "short_term_average": 131624
    }, 
    {
        "accumulated_operating_revenue_yoy": -8.566603697979277, 
        "accumulated_operating_revenue": 862515, 
        "long_term_average": 131092, 
        "date": "2014-07-31", 
        "operating_revenue": 106748, 
        "short_term_average": 118237
    }, 
    {
        "accumulated_operating_revenue_yoy": -10.102675767578141, 
        "accumulated_operating_revenue": 974745, 
        "long_term_average": 128698, 
        "date": "2014-08-31", 
        "operating_revenue": 112230, 
        "short_term_average": 113062
    }, 
    {
        "accumulated_operating_revenue_yoy": -10.790738847833637, 
        "accumulated_operating_revenue": 1094421, 
        "long_term_average": 126795, 
        "date": "2014-09-30", 
        "operating_revenue": 119676, 
        "short_term_average": 112884
    }, 
    {
        "accumulated_operating_revenue_yoy": -11.208748684626002, 
        "accumulated_operating_revenue": 1234455, 
        "long_term_average": 124840, 
        "date": "2014-10-31", 
        "operating_revenue": 140034, 
        "short_term_average": 123980
    }, 
    {
        "accumulated_operating_revenue_yoy": -12.226754708908043, 
        "accumulated_operating_revenue": 1337501, 
        "long_term_average": 122300, 
        "date": "2014-11-30", 
        "operating_revenue": 103046, 
        "short_term_average": 120918
    }, 
    {
        "accumulated_operating_revenue_yoy": -12.315446366003737, 
        "accumulated_operating_revenue": 1450235, 
        "long_term_average": 120852, 
        "date": "2014-12-31", 
        "operating_revenue": 112734, 
        "short_term_average": 118604
    }, 
    {
        "accumulated_operating_revenue_yoy": 7.402127621661113, 
        "accumulated_operating_revenue": 120546, 
        "long_term_average": 121545, 
        "date": "2015-01-31", 
        "operating_revenue": 120546, 
        "short_term_average": 112108
    }, 
    {
        "accumulated_operating_revenue_yoy": -8.982365648075376, 
        "accumulated_operating_revenue": 193397, 
        "long_term_average": 119262, 
        "date": "2015-02-28", 
        "operating_revenue": 72851, 
        "short_term_average": 102043
    }, 
    {
        "accumulated_operating_revenue_yoy": -15.734814100539216, 
        "accumulated_operating_revenue": 304108, 
        "long_term_average": 116120, 
        "date": "2015-03-31", 
        "operating_revenue": 110711, 
        "short_term_average": 101369
    }, 
    {
        "accumulated_operating_revenue_yoy": -16.08396152846374, 
        "accumulated_operating_revenue": 426129, 
        "long_term_average": 114046, 
        "date": "2015-04-30", 
        "operating_revenue": 122021, 
        "short_term_average": 101861
    }, 
    {
        "accumulated_operating_revenue_yoy": -17.071796864797335, 
        "accumulated_operating_revenue": 527056, 
        "long_term_average": 111811, 
        "date": "2015-05-31", 
        "operating_revenue": 100927, 
        "short_term_average": 111219
    }, 
    {
        "accumulated_operating_revenue_yoy": -16.96250299364751, 
        "accumulated_operating_revenue": 627570, 
        "long_term_average": 110169, 
        "date": "2015-06-30", 
        "operating_revenue": 100514, 
        "short_term_average": 107820
    }, 
    {
        "accumulated_operating_revenue_yoy": -15.185243155191506, 
        "accumulated_operating_revenue": 731540, 
        "long_term_average": 109938, 
        "date": "2015-07-31", 
        "operating_revenue": 103970, 
        "short_term_average": 101803
    }, 
    {
        "accumulated_operating_revenue_yoy": -15.603465521751842, 
        "accumulated_operating_revenue": 822651, 
        "long_term_average": 108178, 
        "date": "2015-08-31", 
        "operating_revenue": 91111, 
        "short_term_average": 98531
    }, 
    {
        "accumulated_operating_revenue_yoy": -16.488901437381045, 
        "accumulated_operating_revenue": 913963, 
        "long_term_average": 105814, 
        "date": "2015-09-30", 
        "operating_revenue": 91312, 
        "short_term_average": 95464
    }, 
    {
        "accumulated_operating_revenue_yoy": -18.38155299302121, 
        "accumulated_operating_revenue": 1007543, 
        "long_term_average": 101943, 
        "date": "2015-10-31", 
        "operating_revenue": 93580, 
        "short_term_average": 92001
    }
]