[
    {
        "date": "2012-01-31", 
        "operating_revenue": 342542, 
        "accumulated_operating_revenue": 342542, 
        "long_term_average": 342542, 
        "short_term_average": 342542
    }, 
    {
        "date": "2012-02-29", 
        "operating_revenue": 221720, 
        "accumulated_operating_revenue": 564262, 
        "long_term_average": 282131, 
        "short_term_average": 282131
    }, 
    {
        "date": "2012-03-31", 
        "operating_revenue": 192280, 
        "accumulated_operating_revenue": 756542, 
        "long_term_average": 252180, 
        "short_term_average": 252180
    }, 
    {
        "date": "2012-04-30", 
        "operating_revenue": 139659, 
        "accumulated_operating_revenue": 896201, 
        "long_term_average": 224050, 
        "short_term_average": 184553
    }, 
    {
        "date": "2012-05-31", 
        "operating_revenue": 123422, 
        "accumulated_operating_revenue": 1019623, 
        "long_term_average": 203924, 
        "short_term_average": 151787
    }, 
    {
        "date": "2012-06-30", 
        "operating_revenue": 133616, 
        "accumulated_operating_revenue": 1153239, 
        "long_term_average": 192206, 
        "short_term_average": 132232
    }, 
    {
        "date": "2012-07-31", 
        "operating_revenue": 149294, 
        "accumulated_operating_revenue": 1302533, 
        "long_term_average": 186076, 
        "short_term_average": 135444
    }, 
    {
        "date": "2012-08-31", 
        "operating_revenue": 116766, 
        "accumulated_operating_revenue": 1419299, 
        "long_term_average": 177412, 
        "short_term_average": 133225
    }, 
    {
        "date": "2012-09-30", 
        "operating_revenue": 132967, 
        "accumulated_operating_revenue": 1552266, 
        "long_term_average": 172474, 
        "short_term_average": 133009
    }, 
    {
        "date": "2012-10-31", 
        "operating_revenue": 136164, 
        "accumulated_operating_revenue": 1688430, 
        "long_term_average": 168843, 
        "short_term_average": 128632
    }, 
    {
        "date": "2012-11-30", 
        "operating_revenue": 137491, 
        "accumulated_operating_revenue": 1825921, 
        "long_term_average": 165992, 
        "short_term_average": 135540
    }, 
    {
        "date": "2012-12-31", 
        "operating_revenue": 170412, 
        "accumulated_operating_revenue": 1996333, 
        "long_term_average": 166361, 
        "short_term_average": 148022
    }, 
    {
        "accumulated_operating_revenue_yoy": -40.18193389423779, 
        "accumulated_operating_revenue": 204902, 
        "long_term_average": 154891, 
        "date": "2013-01-31", 
        "operating_revenue": 204902, 
        "short_term_average": 170935
    }, 
    {
        "accumulated_operating_revenue_yoy": -28.79034916404082, 
        "accumulated_operating_revenue": 401809, 
        "long_term_average": 152823, 
        "date": "2013-02-28", 
        "operating_revenue": 196907, 
        "short_term_average": 190740
    }, 
    {
        "accumulated_operating_revenue_yoy": -30.442592744355235, 
        "accumulated_operating_revenue": 526231, 
        "long_term_average": 147168, 
        "date": "2013-03-31", 
        "operating_revenue": 124422, 
        "short_term_average": 175410
    }, 
    {
        "accumulated_operating_revenue_yoy": -27.69624224922757, 
        "accumulated_operating_revenue": 647987, 
        "long_term_average": 145676, 
        "date": "2013-04-30", 
        "operating_revenue": 121756, 
        "short_term_average": 147695
    }, 
    {
        "accumulated_operating_revenue_yoy": -25.33034268548277, 
        "accumulated_operating_revenue": 761349, 
        "long_term_average": 144838, 
        "date": "2013-05-31", 
        "operating_revenue": 113362, 
        "short_term_average": 119846
    }, 
    {
        "accumulated_operating_revenue_yoy": -22.251848922903232, 
        "accumulated_operating_revenue": 896622, 
        "long_term_average": 144976, 
        "date": "2013-06-30", 
        "operating_revenue": 135273, 
        "short_term_average": 123463
    }, 
    {
        "accumulated_operating_revenue_yoy": -20.722929860510252, 
        "accumulated_operating_revenue": 1032610, 
        "long_term_average": 143867, 
        "date": "2013-07-31", 
        "operating_revenue": 135988, 
        "short_term_average": 128207
    }, 
    {
        "accumulated_operating_revenue_yoy": -17.03932716080262, 
        "accumulated_operating_revenue": 1177460, 
        "long_term_average": 146207, 
        "date": "2013-08-31", 
        "operating_revenue": 144850, 
        "short_term_average": 138703
    }, 
    {
        "accumulated_operating_revenue_yoy": -14.316811680472291, 
        "accumulated_operating_revenue": 1330031, 
        "long_term_average": 147841, 
        "date": "2013-09-30", 
        "operating_revenue": 152571, 
        "short_term_average": 144469
    }, 
    {
        "accumulated_operating_revenue_yoy": -14.661134900469666, 
        "accumulated_operating_revenue": 1440887, 
        "long_term_average": 145732, 
        "date": "2013-10-31", 
        "operating_revenue": 110856, 
        "short_term_average": 136092
    }, 
    {
        "accumulated_operating_revenue_yoy": -15.29244693499883, 
        "accumulated_operating_revenue": 1546693, 
        "long_term_average": 143092, 
        "date": "2013-11-30", 
        "operating_revenue": 105806, 
        "short_term_average": 123077
    }, 
    {
        "accumulated_operating_revenue_yoy": -15.956355978686924, 
        "accumulated_operating_revenue": 1677791, 
        "long_term_average": 139815, 
        "date": "2013-12-31", 
        "operating_revenue": 131098, 
        "short_term_average": 115920
    }, 
    {
        "accumulated_operating_revenue_yoy": 7.0921708914505475, 
        "accumulated_operating_revenue": 219434, 
        "long_term_average": 141026, 
        "date": "2014-01-31", 
        "operating_revenue": 219434, 
        "short_term_average": 152112
    }, 
    {
        "accumulated_operating_revenue_yoy": -5.1800731193178855, 
        "accumulated_operating_revenue": 380995, 
        "long_term_average": 138081, 
        "date": "2014-02-28", 
        "operating_revenue": 161561, 
        "short_term_average": 170697
    }, 
    {
        "accumulated_operating_revenue_yoy": 6.653541885597771, 
        "accumulated_operating_revenue": 561244, 
        "long_term_average": 142733, 
        "date": "2014-03-31", 
        "operating_revenue": 180249, 
        "short_term_average": 187081
    }, 
    {
        "accumulated_operating_revenue_yoy": 6.730999233009303, 
        "accumulated_operating_revenue": 691603, 
        "long_term_average": 143450, 
        "date": "2014-04-30", 
        "operating_revenue": 130359, 
        "short_term_average": 157389
    }, 
    {
        "accumulated_operating_revenue_yoy": 9.99961909715518, 
        "accumulated_operating_revenue": 837481, 
        "long_term_average": 146160, 
        "date": "2014-05-31", 
        "operating_revenue": 145878, 
        "short_term_average": 152162
    }, 
    {
        "accumulated_operating_revenue_yoy": 6.713754514165389, 
        "accumulated_operating_revenue": 956819, 
        "long_term_average": 144832, 
        "date": "2014-06-30", 
        "operating_revenue": 119338, 
        "short_term_average": 131858
    }, 
    {
        "accumulated_operating_revenue_yoy": 8.194671754098836, 
        "accumulated_operating_revenue": 1117229, 
        "long_term_average": 146867, 
        "date": "2014-07-31", 
        "operating_revenue": 160410, 
        "short_term_average": 141875
    }, 
    {
        "accumulated_operating_revenue_yoy": 7.876276051840403, 
        "accumulated_operating_revenue": 1270200, 
        "long_term_average": 147544, 
        "date": "2014-08-31", 
        "operating_revenue": 152971, 
        "short_term_average": 144239
    }, 
    {
        "accumulated_operating_revenue_yoy": 6.498946265162241, 
        "accumulated_operating_revenue": 1416469, 
        "long_term_average": 147019, 
        "date": "2014-09-30", 
        "operating_revenue": 146269, 
        "short_term_average": 153216
    }, 
    {
        "accumulated_operating_revenue_yoy": 7.028587252157872, 
        "accumulated_operating_revenue": 1542161, 
        "long_term_average": 148255, 
        "date": "2014-10-31", 
        "operating_revenue": 125692, 
        "short_term_average": 141644
    }, 
    {
        "accumulated_operating_revenue_yoy": 7.480799357079912, 
        "accumulated_operating_revenue": 1662398, 
        "long_term_average": 149458, 
        "date": "2014-11-30", 
        "operating_revenue": 120237, 
        "short_term_average": 130732
    }, 
    {
        "accumulated_operating_revenue_yoy": 7.0661363662100936, 
        "accumulated_operating_revenue": 1796346, 
        "long_term_average": 149695, 
        "date": "2014-12-31", 
        "operating_revenue": 133948, 
        "short_term_average": 126625
    }, 
    {
        "accumulated_operating_revenue_yoy": -35.506348150241074, 
        "accumulated_operating_revenue": 141521, 
        "long_term_average": 143202, 
        "date": "2015-01-31", 
        "operating_revenue": 141521, 
        "short_term_average": 131902
    }, 
    {
        "accumulated_operating_revenue_yoy": -18.404703473798868, 
        "accumulated_operating_revenue": 310874, 
        "long_term_average": 143852, 
        "date": "2015-02-28", 
        "operating_revenue": 169353, 
        "short_term_average": 148274
    }, 
    {
        "accumulated_operating_revenue_yoy": -24.130324778527697, 
        "accumulated_operating_revenue": 425814, 
        "long_term_average": 138409, 
        "date": "2015-03-31", 
        "operating_revenue": 114940, 
        "short_term_average": 141938
    }, 
    {
        "accumulated_operating_revenue_yoy": -24.566695054821913, 
        "accumulated_operating_revenue": 521699, 
        "long_term_average": 135536, 
        "date": "2015-04-30", 
        "operating_revenue": 95885, 
        "short_term_average": 126726
    }, 
    {
        "accumulated_operating_revenue_yoy": -27.447309252389008, 
        "accumulated_operating_revenue": 607615, 
        "long_term_average": 130540, 
        "date": "2015-05-31", 
        "operating_revenue": 85916, 
        "short_term_average": 98913
    }, 
    {
        "accumulated_operating_revenue_yoy": -29.532126765877347, 
        "accumulated_operating_revenue": 674250, 
        "long_term_average": 126148, 
        "date": "2015-06-30", 
        "operating_revenue": 66635, 
        "short_term_average": 82812
    }, 
    {
        "accumulated_operating_revenue_yoy": -33.89161935467124, 
        "accumulated_operating_revenue": 738582, 
        "long_term_average": 118141, 
        "date": "2015-07-31", 
        "operating_revenue": 64332, 
        "short_term_average": 72294
    }, 
    {
        "accumulated_operating_revenue_yoy": -37.08707290190521, 
        "accumulated_operating_revenue": 799120, 
        "long_term_average": 110438, 
        "date": "2015-08-31", 
        "operating_revenue": 60538, 
        "short_term_average": 63835
    }
]