[
    {
        "date": "2012-01-31", 
        "operating_revenue": 55692, 
        "accumulated_operating_revenue": 55692, 
        "long_term_average": 55692, 
        "short_term_average": 55692
    }, 
    {
        "date": "2012-02-29", 
        "operating_revenue": 59647, 
        "accumulated_operating_revenue": 115339, 
        "long_term_average": 57669, 
        "short_term_average": 57669
    }, 
    {
        "date": "2012-03-31", 
        "operating_revenue": 85541, 
        "accumulated_operating_revenue": 200880, 
        "long_term_average": 66960, 
        "short_term_average": 66960
    }, 
    {
        "date": "2012-04-30", 
        "operating_revenue": 56035, 
        "accumulated_operating_revenue": 256915, 
        "long_term_average": 64228, 
        "short_term_average": 67074
    }, 
    {
        "date": "2012-05-31", 
        "operating_revenue": 45777, 
        "accumulated_operating_revenue": 302692, 
        "long_term_average": 60538, 
        "short_term_average": 62451
    }, 
    {
        "date": "2012-06-30", 
        "operating_revenue": 76665, 
        "accumulated_operating_revenue": 379357, 
        "long_term_average": 63226, 
        "short_term_average": 59492
    }, 
    {
        "date": "2012-07-31", 
        "operating_revenue": 70425, 
        "accumulated_operating_revenue": 449782, 
        "long_term_average": 64254, 
        "short_term_average": 64289
    }, 
    {
        "date": "2012-08-31", 
        "operating_revenue": 80755, 
        "accumulated_operating_revenue": 530537, 
        "long_term_average": 66317, 
        "short_term_average": 75948
    }, 
    {
        "date": "2012-09-30", 
        "operating_revenue": 86268, 
        "accumulated_operating_revenue": 616805, 
        "long_term_average": 68533, 
        "short_term_average": 79149
    }, 
    {
        "date": "2012-10-31", 
        "operating_revenue": 77019, 
        "accumulated_operating_revenue": 693824, 
        "long_term_average": 69382, 
        "short_term_average": 81347
    }, 
    {
        "date": "2012-11-30", 
        "operating_revenue": 67095, 
        "accumulated_operating_revenue": 760919, 
        "long_term_average": 69174, 
        "short_term_average": 76794
    }, 
    {
        "date": "2012-12-31", 
        "operating_revenue": 53254, 
        "accumulated_operating_revenue": 814173, 
        "long_term_average": 67847, 
        "short_term_average": 65789
    }, 
    {
        "accumulated_operating_revenue_yoy": 35.922574157868276, 
        "accumulated_operating_revenue": 75698, 
        "long_term_average": 69514, 
        "date": "2013-01-31", 
        "operating_revenue": 75698, 
        "short_term_average": 65349
    }, 
    {
        "accumulated_operating_revenue_yoy": 5.498573769496875, 
        "accumulated_operating_revenue": 121681, 
        "long_term_average": 68376, 
        "date": "2013-02-28", 
        "operating_revenue": 45983, 
        "short_term_average": 58311
    }, 
    {
        "accumulated_operating_revenue_yoy": 1.5546594982078852, 
        "accumulated_operating_revenue": 204003, 
        "long_term_average": 68108, 
        "date": "2013-03-31", 
        "operating_revenue": 82322, 
        "short_term_average": 68001
    }, 
    {
        "accumulated_operating_revenue_yoy": 5.439153027265827, 
        "accumulated_operating_revenue": 270889, 
        "long_term_average": 69012, 
        "date": "2013-04-30", 
        "operating_revenue": 66886, 
        "short_term_average": 65063
    }, 
    {
        "accumulated_operating_revenue_yoy": 12.115946242384998, 
        "accumulated_operating_revenue": 339366, 
        "long_term_average": 70903, 
        "date": "2013-05-31", 
        "operating_revenue": 68477, 
        "short_term_average": 72561
    }, 
    {
        "accumulated_operating_revenue_yoy": 1.948823931020121, 
        "accumulated_operating_revenue": 386750, 
        "long_term_average": 68463, 
        "date": "2013-06-30", 
        "operating_revenue": 47384, 
        "short_term_average": 60915
    }, 
    {
        "accumulated_operating_revenue_yoy": 0.03735142802513217, 
        "accumulated_operating_revenue": 449950, 
        "long_term_average": 67861, 
        "date": "2013-07-31", 
        "operating_revenue": 63200, 
        "short_term_average": 59687
    }, 
    {
        "accumulated_operating_revenue_yoy": -1.366539939721452, 
        "accumulated_operating_revenue": 523287, 
        "long_term_average": 67243, 
        "date": "2013-08-31", 
        "operating_revenue": 73337, 
        "short_term_average": 61307
    }, 
    {
        "accumulated_operating_revenue_yoy": -3.112653107546145, 
        "accumulated_operating_revenue": 597606, 
        "long_term_average": 66247, 
        "date": "2013-09-30", 
        "operating_revenue": 74319, 
        "short_term_average": 70285
    }, 
    {
        "accumulated_operating_revenue_yoy": -1.9780232450880915, 
        "accumulated_operating_revenue": 680100, 
        "long_term_average": 66704, 
        "date": "2013-10-31", 
        "operating_revenue": 82494, 
        "short_term_average": 76716
    }, 
    {
        "accumulated_operating_revenue_yoy": -1.9133442587187335, 
        "accumulated_operating_revenue": 746360, 
        "long_term_average": 66634, 
        "date": "2013-11-30", 
        "operating_revenue": 66260, 
        "short_term_average": 74357
    }, 
    {
        "accumulated_operating_revenue_yoy": 1.5158940421753115, 
        "accumulated_operating_revenue": 826515, 
        "long_term_average": 68876, 
        "date": "2013-12-31", 
        "operating_revenue": 80155, 
        "short_term_average": 76303
    }, 
    {
        "accumulated_operating_revenue_yoy": 7.321197389627203, 
        "accumulated_operating_revenue": 81240, 
        "long_term_average": 69338, 
        "date": "2014-01-31", 
        "operating_revenue": 81240, 
        "short_term_average": 75885
    }, 
    {
        "accumulated_operating_revenue_yoy": 19.029265045487794, 
        "accumulated_operating_revenue": 144836, 
        "long_term_average": 70805, 
        "date": "2014-02-28", 
        "operating_revenue": 63596, 
        "short_term_average": 74997
    }, 
    {
        "accumulated_operating_revenue_yoy": 10.942486139909708, 
        "accumulated_operating_revenue": 226326, 
        "long_term_average": 70736, 
        "date": "2014-03-31", 
        "operating_revenue": 81490, 
        "short_term_average": 75442
    }, 
    {
        "accumulated_operating_revenue_yoy": 8.397535521929647, 
        "accumulated_operating_revenue": 293637, 
        "long_term_average": 70771, 
        "date": "2014-04-30", 
        "operating_revenue": 67311, 
        "short_term_average": 70799
    }, 
    {
        "accumulated_operating_revenue_yoy": 3.930269974010361, 
        "accumulated_operating_revenue": 352704, 
        "long_term_average": 69987, 
        "date": "2014-05-31", 
        "operating_revenue": 59067, 
        "short_term_average": 69289
    }, 
    {
        "accumulated_operating_revenue_yoy": 2.5590174531351, 
        "accumulated_operating_revenue": 396647, 
        "long_term_average": 69701, 
        "date": "2014-06-30", 
        "operating_revenue": 43943, 
        "short_term_average": 56773
    }, 
    {
        "accumulated_operating_revenue_yoy": -1.4361595732859207, 
        "accumulated_operating_revenue": 443488, 
        "long_term_average": 68337, 
        "date": "2014-07-31", 
        "operating_revenue": 46841, 
        "short_term_average": 49950
    }, 
    {
        "accumulated_operating_revenue_yoy": -4.246044713512853, 
        "accumulated_operating_revenue": 501068, 
        "long_term_average": 67024, 
        "date": "2014-08-31", 
        "operating_revenue": 57580, 
        "short_term_average": 49454
    }, 
    {
        "accumulated_operating_revenue_yoy": -6.4996000709497554, 
        "accumulated_operating_revenue": 558764, 
        "long_term_average": 65639, 
        "date": "2014-09-30", 
        "operating_revenue": 57696, 
        "short_term_average": 54039
    }, 
    {
        "accumulated_operating_revenue_yoy": -11.022643728863404, 
        "accumulated_operating_revenue": 605135, 
        "long_term_average": 62629, 
        "date": "2014-10-31", 
        "operating_revenue": 46371, 
        "short_term_average": 53882
    }, 
    {
        "accumulated_operating_revenue_yoy": -13.376118763063403, 
        "accumulated_operating_revenue": 646526, 
        "long_term_average": 60556, 
        "date": "2014-11-30", 
        "operating_revenue": 41391, 
        "short_term_average": 48486
    }, 
    {
        "accumulated_operating_revenue_yoy": -16.330375129308, 
        "accumulated_operating_revenue": 691542, 
        "long_term_average": 57628, 
        "date": "2014-12-31", 
        "operating_revenue": 45016, 
        "short_term_average": 44259
    }, 
    {
        "accumulated_operating_revenue_yoy": -34.737813884785815, 
        "accumulated_operating_revenue": 53019, 
        "long_term_average": 55276, 
        "date": "2015-01-31", 
        "operating_revenue": 53019, 
        "short_term_average": 46475
    }, 
    {
        "accumulated_operating_revenue_yoy": -34.07371095583971, 
        "accumulated_operating_revenue": 95485, 
        "long_term_average": 53515, 
        "date": "2015-02-28", 
        "operating_revenue": 42466, 
        "short_term_average": 46833
    }, 
    {
        "accumulated_operating_revenue_yoy": -14.767636064791494, 
        "accumulated_operating_revenue": 192903, 
        "long_term_average": 54843, 
        "date": "2015-03-31", 
        "operating_revenue": 97418, 
        "short_term_average": 64301
    }, 
    {
        "accumulated_operating_revenue_yoy": 0.2005878005837139, 
        "accumulated_operating_revenue": 294226, 
        "long_term_average": 57677, 
        "date": "2015-04-30", 
        "operating_revenue": 101323, 
        "short_term_average": 80402
    }, 
    {
        "accumulated_operating_revenue_yoy": 7.310379241516967, 
        "accumulated_operating_revenue": 378488, 
        "long_term_average": 59777, 
        "date": "2015-05-31", 
        "operating_revenue": 84262, 
        "short_term_average": 94334
    }, 
    {
        "accumulated_operating_revenue_yoy": 15.888434804750823, 
        "accumulated_operating_revenue": 459668, 
        "long_term_average": 62880, 
        "date": "2015-06-30", 
        "operating_revenue": 81180, 
        "short_term_average": 88921
    }, 
    {
        "accumulated_operating_revenue_yoy": 15.138628328162204, 
        "accumulated_operating_revenue": 510626, 
        "long_term_average": 63223, 
        "date": "2015-07-31", 
        "operating_revenue": 50958, 
        "short_term_average": 72133
    }, 
    {
        "accumulated_operating_revenue_yoy": 13.330725570182093, 
        "accumulated_operating_revenue": 567864, 
        "long_term_average": 63194, 
        "date": "2015-08-31", 
        "operating_revenue": 57238, 
        "short_term_average": 63125
    }, 
    {
        "accumulated_operating_revenue_yoy": 11.192918656176849, 
        "accumulated_operating_revenue": 621306, 
        "long_term_average": 62840, 
        "date": "2015-09-30", 
        "operating_revenue": 53442, 
        "short_term_average": 53879
    }
]