[
    {
        "date": "2012-01-31", 
        "operating_revenue": 80870, 
        "accumulated_operating_revenue": 80870, 
        "long_term_average": 80870, 
        "short_term_average": 80870
    }, 
    {
        "date": "2012-02-29", 
        "operating_revenue": 151524, 
        "accumulated_operating_revenue": 232394, 
        "long_term_average": 116197, 
        "short_term_average": 116197
    }, 
    {
        "date": "2012-03-31", 
        "operating_revenue": 127005, 
        "accumulated_operating_revenue": 359399, 
        "long_term_average": 119799, 
        "short_term_average": 119799
    }, 
    {
        "date": "2012-04-30", 
        "operating_revenue": 111800, 
        "accumulated_operating_revenue": 471199, 
        "long_term_average": 117799, 
        "short_term_average": 130109
    }, 
    {
        "date": "2012-05-31", 
        "operating_revenue": 118092, 
        "accumulated_operating_revenue": 589291, 
        "long_term_average": 117858, 
        "short_term_average": 118965
    }, 
    {
        "date": "2012-06-30", 
        "operating_revenue": 93290, 
        "accumulated_operating_revenue": 682581, 
        "long_term_average": 113763, 
        "short_term_average": 107727
    }, 
    {
        "date": "2012-07-31", 
        "operating_revenue": 128971, 
        "accumulated_operating_revenue": 811552, 
        "long_term_average": 115936, 
        "short_term_average": 113451
    }, 
    {
        "date": "2012-08-31", 
        "operating_revenue": 139478, 
        "accumulated_operating_revenue": 951030, 
        "long_term_average": 118878, 
        "short_term_average": 120579
    }, 
    {
        "date": "2012-09-30", 
        "operating_revenue": 115724, 
        "accumulated_operating_revenue": 1066754, 
        "long_term_average": 118528, 
        "short_term_average": 128057
    }, 
    {
        "date": "2012-10-31", 
        "operating_revenue": 132613, 
        "accumulated_operating_revenue": 1199367, 
        "long_term_average": 119936, 
        "short_term_average": 129271
    }, 
    {
        "date": "2012-11-30", 
        "operating_revenue": 109836, 
        "accumulated_operating_revenue": 1309203, 
        "long_term_average": 119018, 
        "short_term_average": 119391
    }, 
    {
        "date": "2012-12-31", 
        "operating_revenue": 104932, 
        "accumulated_operating_revenue": 1414135, 
        "long_term_average": 117844, 
        "short_term_average": 115793
    }, 
    {
        "accumulated_operating_revenue_yoy": 39.49919624088042, 
        "accumulated_operating_revenue": 112813, 
        "long_term_average": 120506, 
        "date": "2013-01-31", 
        "operating_revenue": 112813, 
        "short_term_average": 109193
    }, 
    {
        "accumulated_operating_revenue_yoy": -13.265402721240651, 
        "accumulated_operating_revenue": 201566, 
        "long_term_average": 115275, 
        "date": "2013-02-28", 
        "operating_revenue": 88753, 
        "short_term_average": 102166
    }, 
    {
        "accumulated_operating_revenue_yoy": -10.295242891605152, 
        "accumulated_operating_revenue": 322398, 
        "long_term_average": 114761, 
        "date": "2013-03-31", 
        "operating_revenue": 120832, 
        "short_term_average": 107466
    }, 
    {
        "accumulated_operating_revenue_yoy": -7.745135282545166, 
        "accumulated_operating_revenue": 434704, 
        "long_term_average": 114803, 
        "date": "2013-04-30", 
        "operating_revenue": 112306, 
        "short_term_average": 107297
    }, 
    {
        "accumulated_operating_revenue_yoy": -6.617613369286142, 
        "accumulated_operating_revenue": 550294, 
        "long_term_average": 114594, 
        "date": "2013-05-31", 
        "operating_revenue": 115590, 
        "short_term_average": 116242
    }, 
    {
        "accumulated_operating_revenue_yoy": -2.5717094381472676, 
        "accumulated_operating_revenue": 665027, 
        "long_term_average": 116381, 
        "date": "2013-06-30", 
        "operating_revenue": 114733, 
        "short_term_average": 114209
    }, 
    {
        "accumulated_operating_revenue_yoy": -3.6178827727613263, 
        "accumulated_operating_revenue": 782191, 
        "long_term_average": 115397, 
        "date": "2013-07-31", 
        "operating_revenue": 117164, 
        "short_term_average": 115829
    }, 
    {
        "accumulated_operating_revenue_yoy": -3.5912642082794446, 
        "accumulated_operating_revenue": 916876, 
        "long_term_average": 114998, 
        "date": "2013-08-31", 
        "operating_revenue": 134685, 
        "short_term_average": 122194
    }, 
    {
        "accumulated_operating_revenue_yoy": -3.1577102124763536, 
        "accumulated_operating_revenue": 1033069, 
        "long_term_average": 115037, 
        "date": "2013-09-30", 
        "operating_revenue": 116193, 
        "short_term_average": 122680
    }, 
    {
        "accumulated_operating_revenue_yoy": -4.270419312854197, 
        "accumulated_operating_revenue": 1148149, 
        "long_term_average": 113576, 
        "date": "2013-10-31", 
        "operating_revenue": 115080, 
        "short_term_average": 121986
    }, 
    {
        "accumulated_operating_revenue_yoy": -3.3938205152294945, 
        "accumulated_operating_revenue": 1264771, 
        "long_term_average": 114141, 
        "date": "2013-11-30", 
        "operating_revenue": 116622, 
        "short_term_average": 115965
    }, 
    {
        "accumulated_operating_revenue_yoy": -3.596757028147949, 
        "accumulated_operating_revenue": 1363272, 
        "long_term_average": 113606, 
        "date": "2013-12-31", 
        "operating_revenue": 98501, 
        "short_term_average": 110067
    }, 
    {
        "accumulated_operating_revenue_yoy": -18.701745366225524, 
        "accumulated_operating_revenue": 91715, 
        "long_term_average": 111847, 
        "date": "2014-01-31", 
        "operating_revenue": 91715, 
        "short_term_average": 102279
    }, 
    {
        "accumulated_operating_revenue_yoy": -7.336554776103113, 
        "accumulated_operating_revenue": 186778, 
        "long_term_average": 112373, 
        "date": "2014-02-28", 
        "operating_revenue": 95063, 
        "short_term_average": 95093
    }, 
    {
        "accumulated_operating_revenue_yoy": -6.0310547832182575, 
        "accumulated_operating_revenue": 302954, 
        "long_term_average": 111985, 
        "date": "2014-03-31", 
        "operating_revenue": 116176, 
        "short_term_average": 100984
    }, 
    {
        "accumulated_operating_revenue_yoy": -4.092669954727815, 
        "accumulated_operating_revenue": 416913, 
        "long_term_average": 112123, 
        "date": "2014-04-30", 
        "operating_revenue": 113959, 
        "short_term_average": 108399
    }, 
    {
        "accumulated_operating_revenue_yoy": -4.328776981031957, 
        "accumulated_operating_revenue": 526473, 
        "long_term_average": 111620, 
        "date": "2014-05-31", 
        "operating_revenue": 109560, 
        "short_term_average": 113231
    }, 
    {
        "accumulated_operating_revenue_yoy": -4.8758922570061065, 
        "accumulated_operating_revenue": 632601, 
        "long_term_average": 110903, 
        "date": "2014-06-30", 
        "operating_revenue": 106128, 
        "short_term_average": 109882
    }, 
    {
        "accumulated_operating_revenue_yoy": -5.402644622604965, 
        "accumulated_operating_revenue": 739932, 
        "long_term_average": 110084, 
        "date": "2014-07-31", 
        "operating_revenue": 107331, 
        "short_term_average": 107673
    }, 
    {
        "accumulated_operating_revenue_yoy": -6.324846544134649, 
        "accumulated_operating_revenue": 858885, 
        "long_term_average": 108773, 
        "date": "2014-08-31", 
        "operating_revenue": 118953, 
        "short_term_average": 110804
    }, 
    {
        "accumulated_operating_revenue_yoy": -7.420995112620744, 
        "accumulated_operating_revenue": 956405, 
        "long_term_average": 107217, 
        "date": "2014-09-30", 
        "operating_revenue": 97520, 
        "short_term_average": 107934
    }, 
    {
        "accumulated_operating_revenue_yoy": -6.878811025398271, 
        "accumulated_operating_revenue": 1069170, 
        "long_term_average": 107024, 
        "date": "2014-10-31", 
        "operating_revenue": 112765, 
        "short_term_average": 109746
    }, 
    {
        "accumulated_operating_revenue_yoy": -7.280685594467299, 
        "accumulated_operating_revenue": 1172687, 
        "long_term_average": 105932, 
        "date": "2014-11-30", 
        "operating_revenue": 103517, 
        "short_term_average": 104600
    }, 
    {
        "accumulated_operating_revenue_yoy": -6.3920479552136324, 
        "accumulated_operating_revenue": 1276131, 
        "long_term_average": 106344, 
        "date": "2014-12-31", 
        "operating_revenue": 103444, 
        "short_term_average": 106575
    }, 
    {
        "accumulated_operating_revenue_yoy": 7.168947282342038, 
        "accumulated_operating_revenue": 98290, 
        "long_term_average": 106892, 
        "date": "2015-01-31", 
        "operating_revenue": 98290, 
        "short_term_average": 101750
    }, 
    {
        "accumulated_operating_revenue_yoy": -17.769223356069773, 
        "accumulated_operating_revenue": 153589, 
        "long_term_average": 103578, 
        "date": "2015-02-28", 
        "operating_revenue": 55299, 
        "short_term_average": 85677
    }, 
    {
        "accumulated_operating_revenue_yoy": -9.680017428388469, 
        "accumulated_operating_revenue": 273628, 
        "long_term_average": 103900, 
        "date": "2015-03-31", 
        "operating_revenue": 120039, 
        "short_term_average": 91209
    }, 
    {
        "accumulated_operating_revenue_yoy": -12.609345355026107, 
        "accumulated_operating_revenue": 364343, 
        "long_term_average": 101963, 
        "date": "2015-04-30", 
        "operating_revenue": 90715, 
        "short_term_average": 88684
    }, 
    {
        "accumulated_operating_revenue_yoy": -12.69162901041459, 
        "accumulated_operating_revenue": 459655, 
        "long_term_average": 100776, 
        "date": "2015-05-31", 
        "operating_revenue": 95312, 
        "short_term_average": 102022
    }, 
    {
        "accumulated_operating_revenue_yoy": -14.005984815073008, 
        "accumulated_operating_revenue": 543999, 
        "long_term_average": 98960, 
        "date": "2015-06-30", 
        "operating_revenue": 84344, 
        "short_term_average": 90123
    }, 
    {
        "accumulated_operating_revenue_yoy": -14.486871766594769, 
        "accumulated_operating_revenue": 632739, 
        "long_term_average": 97411, 
        "date": "2015-07-31", 
        "operating_revenue": 88740, 
        "short_term_average": 89465
    }, 
    {
        "accumulated_operating_revenue_yoy": -15.564714717337013, 
        "accumulated_operating_revenue": 725202, 
        "long_term_average": 95204, 
        "date": "2015-08-31", 
        "operating_revenue": 92463, 
        "short_term_average": 88515
    }
]