[
    {
        "date": "2011-09-30", 
        "operating_revenue": 207757, 
        "accumulated_operating_revenue": 207757, 
        "long_term_average": 207757, 
        "short_term_average": 207757
    }, 
    {
        "date": "2011-10-31", 
        "operating_revenue": 224955, 
        "accumulated_operating_revenue": 432712, 
        "long_term_average": 216356, 
        "short_term_average": 216356
    }, 
    {
        "date": "2011-11-30", 
        "operating_revenue": 213855, 
        "accumulated_operating_revenue": 646567, 
        "long_term_average": 215522, 
        "short_term_average": 215522
    }, 
    {
        "date": "2011-12-31", 
        "operating_revenue": 237890, 
        "accumulated_operating_revenue": 884457, 
        "long_term_average": 221114, 
        "short_term_average": 225566
    }, 
    {
        "date": "2012-01-31", 
        "operating_revenue": 133127, 
        "accumulated_operating_revenue": 133127, 
        "long_term_average": 203516, 
        "short_term_average": 194957
    }, 
    {
        "date": "2012-02-29", 
        "operating_revenue": 188936, 
        "accumulated_operating_revenue": 322063, 
        "long_term_average": 201086, 
        "short_term_average": 186651
    }, 
    {
        "date": "2012-03-31", 
        "operating_revenue": 237731, 
        "accumulated_operating_revenue": 559794, 
        "long_term_average": 206321, 
        "short_term_average": 186598
    }, 
    {
        "date": "2012-04-30", 
        "operating_revenue": 200321, 
        "accumulated_operating_revenue": 760115, 
        "long_term_average": 205571, 
        "short_term_average": 208996
    }, 
    {
        "date": "2012-05-31", 
        "operating_revenue": 213869, 
        "accumulated_operating_revenue": 973984, 
        "long_term_average": 206493, 
        "short_term_average": 217307
    }, 
    {
        "date": "2012-06-30", 
        "operating_revenue": 190964, 
        "accumulated_operating_revenue": 1164948, 
        "long_term_average": 204940, 
        "short_term_average": 201718
    }, 
    {
        "date": "2012-07-31", 
        "operating_revenue": 195724, 
        "accumulated_operating_revenue": 1360672, 
        "long_term_average": 204102, 
        "short_term_average": 200185
    }, 
    {
        "date": "2012-08-31", 
        "operating_revenue": 210505, 
        "accumulated_operating_revenue": 1571177, 
        "long_term_average": 204636, 
        "short_term_average": 199064
    }, 
    {
        "accumulated_operating_revenue_yoy": 743.114311431143, 
        "accumulated_operating_revenue": 1751629, 
        "long_term_average": 202360, 
        "date": "2012-09-30", 
        "operating_revenue": 180452, 
        "short_term_average": 195560
    }, 
    {
        "accumulated_operating_revenue_yoy": 346.3370555935588, 
        "accumulated_operating_revenue": 1931354, 
        "long_term_average": 198591, 
        "date": "2012-10-31", 
        "operating_revenue": 179725, 
        "short_term_average": 190227
    }, 
    {
        "accumulated_operating_revenue_yoy": 225.0881965828754, 
        "accumulated_operating_revenue": 2101913, 
        "long_term_average": 194983, 
        "date": "2012-11-30", 
        "operating_revenue": 170559, 
        "short_term_average": 176912
    }, 
    {
        "accumulated_operating_revenue_yoy": 158.1331822802013, 
        "accumulated_operating_revenue": 2283077, 
        "long_term_average": 190256, 
        "date": "2012-12-31", 
        "operating_revenue": 181164, 
        "short_term_average": 177149
    }, 
    {
        "accumulated_operating_revenue_yoy": 33.594237081884216, 
        "accumulated_operating_revenue": 177850, 
        "long_term_average": 193983, 
        "date": "2013-01-31", 
        "operating_revenue": 177850, 
        "short_term_average": 176524
    }, 
    {
        "accumulated_operating_revenue_yoy": -11.988337685483897, 
        "accumulated_operating_revenue": 283453, 
        "long_term_average": 187038, 
        "date": "2013-02-28", 
        "operating_revenue": 105603, 
        "short_term_average": 154872
    }, 
    {
        "accumulated_operating_revenue_yoy": -14.93031365109308, 
        "accumulated_operating_revenue": 476215, 
        "long_term_average": 183291, 
        "date": "2013-03-31", 
        "operating_revenue": 192762, 
        "short_term_average": 158738
    }, 
    {
        "accumulated_operating_revenue_yoy": -11.817685481802096, 
        "accumulated_operating_revenue": 670287, 
        "long_term_average": 182770, 
        "date": "2013-04-30", 
        "operating_revenue": 194072, 
        "short_term_average": 164145
    }, 
    {
        "accumulated_operating_revenue_yoy": -11.565898413115615, 
        "accumulated_operating_revenue": 861334, 
        "long_term_average": 180868, 
        "date": "2013-05-31", 
        "operating_revenue": 191047, 
        "short_term_average": 192627
    }, 
    {
        "accumulated_operating_revenue_yoy": -11.571932824469418, 
        "accumulated_operating_revenue": 1030141, 
        "long_term_average": 179022, 
        "date": "2013-06-30", 
        "operating_revenue": 168807, 
        "short_term_average": 184642
    }, 
    {
        "accumulated_operating_revenue_yoy": -10.754538933703346, 
        "accumulated_operating_revenue": 1214338, 
        "long_term_average": 178061, 
        "date": "2013-07-31", 
        "operating_revenue": 184197, 
        "short_term_average": 181350
    }, 
    {
        "accumulated_operating_revenue_yoy": -11.101359044843452, 
        "accumulated_operating_revenue": 1396755, 
        "long_term_average": 175721, 
        "date": "2013-08-31", 
        "operating_revenue": 182417, 
        "short_term_average": 178473
    }, 
    {
        "accumulated_operating_revenue_yoy": -10.147868070236335, 
        "accumulated_operating_revenue": 1573876, 
        "long_term_average": 175443, 
        "date": "2013-09-30", 
        "operating_revenue": 177121, 
        "short_term_average": 181245
    }, 
    {
        "accumulated_operating_revenue_yoy": -9.591250490588468, 
        "accumulated_operating_revenue": 1746113, 
        "long_term_average": 174819, 
        "date": "2013-10-31", 
        "operating_revenue": 172237, 
        "short_term_average": 177258
    }, 
    {
        "accumulated_operating_revenue_yoy": -8.152287939605493, 
        "accumulated_operating_revenue": 1930559, 
        "long_term_average": 175976, 
        "date": "2013-11-30", 
        "operating_revenue": 184446, 
        "short_term_average": 177934
    }, 
    {
        "accumulated_operating_revenue_yoy": -6.852944513040953, 
        "accumulated_operating_revenue": 2126619, 
        "long_term_average": 177218, 
        "date": "2013-12-31", 
        "operating_revenue": 196060, 
        "short_term_average": 184247
    }, 
    {
        "accumulated_operating_revenue_yoy": -11.351700871520945, 
        "accumulated_operating_revenue": 157661, 
        "long_term_average": 175535, 
        "date": "2014-01-31", 
        "operating_revenue": 157661, 
        "short_term_average": 179389
    }, 
    {
        "accumulated_operating_revenue_yoy": 0.6766553890768487, 
        "accumulated_operating_revenue": 285371, 
        "long_term_average": 177378, 
        "date": "2014-02-28", 
        "operating_revenue": 127710, 
        "short_term_average": 160477
    }, 
    {
        "accumulated_operating_revenue_yoy": -2.508740799848808, 
        "accumulated_operating_revenue": 464268, 
        "long_term_average": 176222, 
        "date": "2014-03-31", 
        "operating_revenue": 178897, 
        "short_term_average": 154756
    }, 
    {
        "accumulated_operating_revenue_yoy": -1.843538663289009, 
        "accumulated_operating_revenue": 657930, 
        "long_term_average": 176188, 
        "date": "2014-04-30", 
        "operating_revenue": 193662, 
        "short_term_average": 166756
    }, 
    {
        "accumulated_operating_revenue_yoy": -2.015710514155949, 
        "accumulated_operating_revenue": 843972, 
        "long_term_average": 175771, 
        "date": "2014-05-31", 
        "operating_revenue": 186042, 
        "short_term_average": 186200
    }, 
    {
        "accumulated_operating_revenue_yoy": 0.01727918799465316, 
        "accumulated_operating_revenue": 1030319, 
        "long_term_average": 177233, 
        "date": "2014-06-30", 
        "operating_revenue": 186347, 
        "short_term_average": 188683
    }, 
    {
        "accumulated_operating_revenue_yoy": 2.052146931085085, 
        "accumulated_operating_revenue": 1239258, 
        "long_term_average": 179294, 
        "date": "2014-07-31", 
        "operating_revenue": 208939, 
        "short_term_average": 193776
    }, 
    {
        "accumulated_operating_revenue_yoy": 2.971888412785349, 
        "accumulated_operating_revenue": 1438265, 
        "long_term_average": 180677, 
        "date": "2014-08-31", 
        "operating_revenue": 199007, 
        "short_term_average": 198097
    }, 
    {
        "accumulated_operating_revenue_yoy": 5.094874056151818, 
        "accumulated_operating_revenue": 1654063, 
        "long_term_average": 183900, 
        "date": "2014-09-30", 
        "operating_revenue": 215798, 
        "short_term_average": 207914
    }, 
    {
        "accumulated_operating_revenue_yoy": 7.298840338511884, 
        "accumulated_operating_revenue": 1873559, 
        "long_term_average": 187838, 
        "date": "2014-10-31", 
        "operating_revenue": 219496, 
        "short_term_average": 211433
    }, 
    {
        "accumulated_operating_revenue_yoy": 7.550300198025546, 
        "accumulated_operating_revenue": 2076322, 
        "long_term_average": 189365, 
        "date": "2014-11-30", 
        "operating_revenue": 202763, 
        "short_term_average": 212685
    }, 
    {
        "accumulated_operating_revenue_yoy": 8.66553905518572, 
        "accumulated_operating_revenue": 2310902, 
        "long_term_average": 192575, 
        "date": "2014-12-31", 
        "operating_revenue": 234580, 
        "short_term_average": 218946
    }, 
    {
        "accumulated_operating_revenue_yoy": 42.01609783015457, 
        "accumulated_operating_revenue": 223904, 
        "long_term_average": 198095, 
        "date": "2015-01-31", 
        "operating_revenue": 223904, 
        "short_term_average": 220415
    }, 
    {
        "accumulated_operating_revenue_yoy": 17.46358249436698, 
        "accumulated_operating_revenue": 335207, 
        "long_term_average": 196728, 
        "date": "2015-02-28", 
        "operating_revenue": 111303, 
        "short_term_average": 189929
    }, 
    {
        "accumulated_operating_revenue_yoy": 20.939198910973833, 
        "accumulated_operating_revenue": 561482, 
        "long_term_average": 200676, 
        "date": "2015-03-31", 
        "operating_revenue": 226275, 
        "short_term_average": 187160
    }, 
    {
        "accumulated_operating_revenue_yoy": 16.265408174121866, 
        "accumulated_operating_revenue": 764945, 
        "long_term_average": 201493, 
        "date": "2015-04-30", 
        "operating_revenue": 203463, 
        "short_term_average": 180347
    }, 
    {
        "accumulated_operating_revenue_yoy": 14.049162768433076, 
        "accumulated_operating_revenue": 962543, 
        "long_term_average": 202456, 
        "date": "2015-05-31", 
        "operating_revenue": 197598, 
        "short_term_average": 209112
    }, 
    {
        "accumulated_operating_revenue_yoy": 13.992171356638089, 
        "accumulated_operating_revenue": 1174483, 
        "long_term_average": 204588, 
        "date": "2015-06-30", 
        "operating_revenue": 211940, 
        "short_term_average": 204333
    }, 
    {
        "accumulated_operating_revenue_yoy": 12.447206312164214, 
        "accumulated_operating_revenue": 1393511, 
        "long_term_average": 205429, 
        "date": "2015-07-31", 
        "operating_revenue": 219028, 
        "short_term_average": 209522
    }, 
    {
        "accumulated_operating_revenue_yoy": 11.281161677437748, 
        "accumulated_operating_revenue": 1600518, 
        "long_term_average": 206096, 
        "date": "2015-08-31", 
        "operating_revenue": 207007, 
        "short_term_average": 212658
    }, 
    {
        "accumulated_operating_revenue_yoy": 10.485997208086996, 
        "accumulated_operating_revenue": 1827508, 
        "long_term_average": 207028, 
        "date": "2015-09-30", 
        "operating_revenue": 226990, 
        "short_term_average": 217675
    }
]