[
    {
        "date": "2011-09-30", 
        "operating_revenue": 171324, 
        "accumulated_operating_revenue": 171324, 
        "long_term_average": 171324, 
        "short_term_average": 171324
    }, 
    {
        "date": "2011-10-31", 
        "operating_revenue": 224683, 
        "accumulated_operating_revenue": 396007, 
        "long_term_average": 198003, 
        "short_term_average": 198003
    }, 
    {
        "date": "2011-11-30", 
        "operating_revenue": 177699, 
        "accumulated_operating_revenue": 573706, 
        "long_term_average": 191235, 
        "short_term_average": 191235
    }, 
    {
        "date": "2011-12-31", 
        "operating_revenue": 178978, 
        "accumulated_operating_revenue": 752684, 
        "long_term_average": 188171, 
        "short_term_average": 193786
    }, 
    {
        "date": "2012-01-31", 
        "operating_revenue": 183659, 
        "accumulated_operating_revenue": 183659, 
        "long_term_average": 187268, 
        "short_term_average": 180112
    }, 
    {
        "date": "2012-02-29", 
        "operating_revenue": 168076, 
        "accumulated_operating_revenue": 351735, 
        "long_term_average": 184069, 
        "short_term_average": 176904
    }, 
    {
        "date": "2012-03-31", 
        "operating_revenue": 211253, 
        "accumulated_operating_revenue": 562988, 
        "long_term_average": 187953, 
        "short_term_average": 187662
    }, 
    {
        "date": "2012-04-30", 
        "operating_revenue": 145848, 
        "accumulated_operating_revenue": 708836, 
        "long_term_average": 182690, 
        "short_term_average": 175059
    }, 
    {
        "date": "2012-05-31", 
        "operating_revenue": 189899, 
        "accumulated_operating_revenue": 898735, 
        "long_term_average": 183491, 
        "short_term_average": 182333
    }, 
    {
        "date": "2012-06-30", 
        "operating_revenue": 171398, 
        "accumulated_operating_revenue": 1070133, 
        "long_term_average": 182281, 
        "short_term_average": 169048
    }, 
    {
        "date": "2012-07-31", 
        "operating_revenue": 268596, 
        "accumulated_operating_revenue": 1338729, 
        "long_term_average": 190128, 
        "short_term_average": 209964
    }, 
    {
        "date": "2012-08-31", 
        "operating_revenue": 161393, 
        "accumulated_operating_revenue": 1500122, 
        "long_term_average": 187733, 
        "short_term_average": 200462
    }, 
    {
        "accumulated_operating_revenue_yoy": 869.7835679764656, 
        "accumulated_operating_revenue": 1661472, 
        "long_term_average": 186902, 
        "date": "2012-09-30", 
        "operating_revenue": 161350, 
        "short_term_average": 197113
    }, 
    {
        "accumulated_operating_revenue_yoy": 362.9165646061812, 
        "accumulated_operating_revenue": 1833182, 
        "long_term_average": 182488, 
        "date": "2012-10-31", 
        "operating_revenue": 171710, 
        "short_term_average": 164817
    }, 
    {
        "accumulated_operating_revenue_yoy": 249.3467037123544, 
        "accumulated_operating_revenue": 2004223, 
        "long_term_average": 181933, 
        "date": "2012-11-30", 
        "operating_revenue": 171041, 
        "short_term_average": 168033
    }, 
    {
        "accumulated_operating_revenue_yoy": 184.02437144937318, 
        "accumulated_operating_revenue": 2137806, 
        "long_term_average": 178150, 
        "date": "2012-12-31", 
        "operating_revenue": 133583, 
        "short_term_average": 158778
    }, 
    {
        "accumulated_operating_revenue_yoy": -17.87551930479857, 
        "accumulated_operating_revenue": 150829, 
        "long_term_average": 175414, 
        "date": "2013-01-31", 
        "operating_revenue": 150829, 
        "short_term_average": 151817
    }, 
    {
        "accumulated_operating_revenue_yoy": 10.811264161940096, 
        "accumulated_operating_revenue": 389762, 
        "long_term_average": 181319, 
        "date": "2013-02-28", 
        "operating_revenue": 238933, 
        "short_term_average": 174448
    }, 
    {
        "accumulated_operating_revenue_yoy": -1.7426659182788975, 
        "accumulated_operating_revenue": 553177, 
        "long_term_average": 177332, 
        "date": "2013-03-31", 
        "operating_revenue": 163415, 
        "short_term_average": 184392
    }, 
    {
        "accumulated_operating_revenue_yoy": -2.851153158135309, 
        "accumulated_operating_revenue": 688626, 
        "long_term_average": 176466, 
        "date": "2013-04-30", 
        "operating_revenue": 135449, 
        "short_term_average": 179265
    }, 
    {
        "accumulated_operating_revenue_yoy": -4.316622808725597, 
        "accumulated_operating_revenue": 859940, 
        "long_term_average": 174917, 
        "date": "2013-05-31", 
        "operating_revenue": 171314, 
        "short_term_average": 156726
    }, 
    {
        "accumulated_operating_revenue_yoy": -4.2151769920187485, 
        "accumulated_operating_revenue": 1025025, 
        "long_term_average": 174391, 
        "date": "2013-06-30", 
        "operating_revenue": 165085, 
        "short_term_average": 157282
    }, 
    {
        "accumulated_operating_revenue_yoy": -8.567081164298376, 
        "accumulated_operating_revenue": 1224039, 
        "long_term_average": 168593, 
        "date": "2013-07-31", 
        "operating_revenue": 199014, 
        "short_term_average": 178471
    }, 
    {
        "accumulated_operating_revenue_yoy": -8.288059237848655, 
        "accumulated_operating_revenue": 1375791, 
        "long_term_average": 167789, 
        "date": "2013-08-31", 
        "operating_revenue": 151752, 
        "short_term_average": 171950
    }, 
    {
        "accumulated_operating_revenue_yoy": -5.231324993740491, 
        "accumulated_operating_revenue": 1574555, 
        "long_term_average": 170907, 
        "date": "2013-09-30", 
        "operating_revenue": 198764, 
        "short_term_average": 183176
    }, 
    {
        "accumulated_operating_revenue_yoy": -0.09377137676455474, 
        "accumulated_operating_revenue": 1831463, 
        "long_term_average": 178007, 
        "date": "2013-10-31", 
        "operating_revenue": 256908, 
        "short_term_average": 202474
    }, 
    {
        "accumulated_operating_revenue_yoy": -1.233894631485618, 
        "accumulated_operating_revenue": 1979493, 
        "long_term_average": 176089, 
        "date": "2013-11-30", 
        "operating_revenue": 148030, 
        "short_term_average": 201234
    }, 
    {
        "accumulated_operating_revenue_yoy": 0.8622859136890813, 
        "accumulated_operating_revenue": 2156240, 
        "long_term_average": 179686, 
        "date": "2013-12-31", 
        "operating_revenue": 176747, 
        "short_term_average": 193895
    }, 
    {
        "accumulated_operating_revenue_yoy": 6.827599466946012, 
        "accumulated_operating_revenue": 161127, 
        "long_term_average": 180544, 
        "date": "2014-01-31", 
        "operating_revenue": 161127, 
        "short_term_average": 161968
    }, 
    {
        "accumulated_operating_revenue_yoy": -1.8983379600884642, 
        "accumulated_operating_revenue": 382363, 
        "long_term_average": 179070, 
        "date": "2014-02-28", 
        "operating_revenue": 221236, 
        "short_term_average": 186370
    }, 
    {
        "accumulated_operating_revenue_yoy": 23.520319897609625, 
        "accumulated_operating_revenue": 683286, 
        "long_term_average": 190529, 
        "date": "2014-03-31", 
        "operating_revenue": 300923, 
        "short_term_average": 227762
    }, 
    {
        "accumulated_operating_revenue_yoy": 30.671801529422353, 
        "accumulated_operating_revenue": 899840, 
        "long_term_average": 197287, 
        "date": "2014-04-30", 
        "operating_revenue": 216554, 
        "short_term_average": 246237
    }, 
    {
        "accumulated_operating_revenue_yoy": 29.286461846175314, 
        "accumulated_operating_revenue": 1111786, 
        "long_term_average": 200673, 
        "date": "2014-05-31", 
        "operating_revenue": 211946, 
        "short_term_average": 243141
    }, 
    {
        "accumulated_operating_revenue_yoy": 25.994975732299213, 
        "accumulated_operating_revenue": 1291480, 
        "long_term_average": 201891, 
        "date": "2014-06-30", 
        "operating_revenue": 179694, 
        "short_term_average": 202731
    }, 
    {
        "accumulated_operating_revenue_yoy": 28.5624886135164, 
        "accumulated_operating_revenue": 1573655, 
        "long_term_average": 208821, 
        "date": "2014-07-31", 
        "operating_revenue": 282175, 
        "short_term_average": 224605
    }, 
    {
        "accumulated_operating_revenue_yoy": 30.83738736479596, 
        "accumulated_operating_revenue": 1800049, 
        "long_term_average": 215041, 
        "date": "2014-08-31", 
        "operating_revenue": 226394, 
        "short_term_average": 229421
    }, 
    {
        "accumulated_operating_revenue_yoy": 29.29468961071541, 
        "accumulated_operating_revenue": 2035816, 
        "long_term_average": 218125, 
        "date": "2014-09-30", 
        "operating_revenue": 235767, 
        "short_term_average": 248112
    }, 
    {
        "accumulated_operating_revenue_yoy": 25.939699573510357, 
        "accumulated_operating_revenue": 2306539, 
        "long_term_average": 219276, 
        "date": "2014-10-31", 
        "operating_revenue": 270723, 
        "short_term_average": 244294
    }, 
    {
        "accumulated_operating_revenue_yoy": 24.130572828496994, 
        "accumulated_operating_revenue": 2457156, 
        "long_term_average": 219491, 
        "date": "2014-11-30", 
        "operating_revenue": 150617, 
        "short_term_average": 219035
    }, 
    {
        "accumulated_operating_revenue_yoy": 23.43950580640374, 
        "accumulated_operating_revenue": 2661652, 
        "long_term_average": 221804, 
        "date": "2014-12-31", 
        "operating_revenue": 204496, 
        "short_term_average": 208612
    }, 
    {
        "accumulated_operating_revenue_yoy": 22.818025532654364, 
        "accumulated_operating_revenue": 197893, 
        "long_term_average": 224868, 
        "date": "2015-01-31", 
        "operating_revenue": 197893, 
        "short_term_average": 184335
    }, 
    {
        "accumulated_operating_revenue_yoy": -16.29864814325654, 
        "accumulated_operating_revenue": 320043, 
        "long_term_average": 216611, 
        "date": "2015-02-28", 
        "operating_revenue": 122150, 
        "short_term_average": 174846
    }, 
    {
        "accumulated_operating_revenue_yoy": -22.909001501567424, 
        "accumulated_operating_revenue": 526752, 
        "long_term_average": 208759, 
        "date": "2015-03-31", 
        "operating_revenue": 206709, 
        "short_term_average": 175584
    }, 
    {
        "accumulated_operating_revenue_yoy": -24.95010224039829, 
        "accumulated_operating_revenue": 675329, 
        "long_term_average": 203095, 
        "date": "2015-04-30", 
        "operating_revenue": 148577, 
        "short_term_average": 159145
    }, 
    {
        "accumulated_operating_revenue_yoy": -24.24900115669742, 
        "accumulated_operating_revenue": 842189, 
        "long_term_average": 199337, 
        "date": "2015-05-31", 
        "operating_revenue": 166860, 
        "short_term_average": 174048
    }, 
    {
        "accumulated_operating_revenue_yoy": -17.49775451420076, 
        "accumulated_operating_revenue": 1065500, 
        "long_term_average": 202972, 
        "date": "2015-06-30", 
        "operating_revenue": 223311, 
        "short_term_average": 179582
    }, 
    {
        "accumulated_operating_revenue_yoy": -21.820856540982618, 
        "accumulated_operating_revenue": 1230270, 
        "long_term_average": 193188, 
        "date": "2015-07-31", 
        "operating_revenue": 164770, 
        "short_term_average": 184980
    }, 
    {
        "accumulated_operating_revenue_yoy": -23.441972968513635, 
        "accumulated_operating_revenue": 1378082, 
        "long_term_average": 186640, 
        "date": "2015-08-31", 
        "operating_revenue": 147812, 
        "short_term_average": 178631
    }, 
    {
        "accumulated_operating_revenue_yoy": -24.667700813826006, 
        "accumulated_operating_revenue": 1533627, 
        "long_term_average": 179955, 
        "date": "2015-09-30", 
        "operating_revenue": 155545, 
        "short_term_average": 156042
    }
]