[
    {
        "date": "2011-09-30", 
        "operating_revenue": 373724, 
        "accumulated_operating_revenue": 373724, 
        "long_term_average": 373724, 
        "short_term_average": 373724
    }, 
    {
        "date": "2011-10-31", 
        "operating_revenue": 354282, 
        "accumulated_operating_revenue": 728006, 
        "long_term_average": 364003, 
        "short_term_average": 364003
    }, 
    {
        "date": "2011-11-30", 
        "operating_revenue": 378213, 
        "accumulated_operating_revenue": 1106219, 
        "long_term_average": 368739, 
        "short_term_average": 368739
    }, 
    {
        "date": "2011-12-31", 
        "operating_revenue": 379584, 
        "accumulated_operating_revenue": 1485803, 
        "long_term_average": 371450, 
        "short_term_average": 370693
    }, 
    {
        "date": "2012-01-31", 
        "operating_revenue": 253128, 
        "accumulated_operating_revenue": 253128, 
        "long_term_average": 347786, 
        "short_term_average": 336975
    }, 
    {
        "date": "2012-02-29", 
        "operating_revenue": 416423, 
        "accumulated_operating_revenue": 669551, 
        "long_term_average": 359225, 
        "short_term_average": 349711
    }, 
    {
        "date": "2012-03-31", 
        "operating_revenue": 477688, 
        "accumulated_operating_revenue": 1147239, 
        "long_term_average": 376148, 
        "short_term_average": 382413
    }, 
    {
        "date": "2012-04-30", 
        "operating_revenue": 418115, 
        "accumulated_operating_revenue": 1565354, 
        "long_term_average": 381394, 
        "short_term_average": 437408
    }, 
    {
        "date": "2012-05-31", 
        "operating_revenue": 443370, 
        "accumulated_operating_revenue": 2008724, 
        "long_term_average": 388280, 
        "short_term_average": 446391
    }, 
    {
        "date": "2012-06-30", 
        "operating_revenue": 410486, 
        "accumulated_operating_revenue": 2419210, 
        "long_term_average": 390501, 
        "short_term_average": 423990
    }, 
    {
        "date": "2012-07-31", 
        "operating_revenue": 419852, 
        "accumulated_operating_revenue": 2839062, 
        "long_term_average": 393169, 
        "short_term_average": 424569
    }, 
    {
        "date": "2012-08-31", 
        "operating_revenue": 432041, 
        "accumulated_operating_revenue": 3271103, 
        "long_term_average": 396408, 
        "short_term_average": 420793
    }, 
    {
        "accumulated_operating_revenue_yoy": 882.1790947330114, 
        "accumulated_operating_revenue": 3670639, 
        "long_term_average": 398559, 
        "date": "2012-09-30", 
        "operating_revenue": 399536, 
        "short_term_average": 417143
    }, 
    {
        "accumulated_operating_revenue_yoy": 462.43588651741885, 
        "accumulated_operating_revenue": 4094567, 
        "long_term_average": 404363, 
        "date": "2012-10-31", 
        "operating_revenue": 423928, 
        "short_term_average": 418501
    }, 
    {
        "accumulated_operating_revenue_yoy": 308.039547322908, 
        "accumulated_operating_revenue": 4513811, 
        "long_term_average": 407782, 
        "date": "2012-11-30", 
        "operating_revenue": 419244, 
        "short_term_average": 414236
    }, 
    {
        "accumulated_operating_revenue_yoy": 228.0715545735202, 
        "accumulated_operating_revenue": 4874497, 
        "long_term_average": 406208, 
        "date": "2012-12-31", 
        "operating_revenue": 360686, 
        "short_term_average": 401286
    }, 
    {
        "accumulated_operating_revenue_yoy": 51.69637495654372, 
        "accumulated_operating_revenue": 383986, 
        "long_term_average": 417112, 
        "date": "2013-01-31", 
        "operating_revenue": 383986, 
        "short_term_average": 387972
    }, 
    {
        "accumulated_operating_revenue_yoy": 3.3464217064868844, 
        "accumulated_operating_revenue": 691957, 
        "long_term_average": 408075, 
        "date": "2013-02-28", 
        "operating_revenue": 307971, 
        "short_term_average": 350881
    }, 
    {
        "accumulated_operating_revenue_yoy": 0.31388402939579285, 
        "accumulated_operating_revenue": 1150840, 
        "long_term_average": 406508, 
        "date": "2013-03-31", 
        "operating_revenue": 458883, 
        "short_term_average": 383613
    }, 
    {
        "accumulated_operating_revenue_yoy": 0.04510161918645878, 
        "accumulated_operating_revenue": 1566060, 
        "long_term_average": 406266, 
        "date": "2013-04-30", 
        "operating_revenue": 415220, 
        "short_term_average": 394024
    }, 
    {
        "accumulated_operating_revenue_yoy": -1.2498979451631982, 
        "accumulated_operating_revenue": 1983617, 
        "long_term_average": 404115, 
        "date": "2013-05-31", 
        "operating_revenue": 417557, 
        "short_term_average": 430553
    }, 
    {
        "accumulated_operating_revenue_yoy": -1.6692225974595014, 
        "accumulated_operating_revenue": 2378828, 
        "long_term_average": 402842, 
        "date": "2013-06-30", 
        "operating_revenue": 395211, 
        "short_term_average": 409329
    }, 
    {
        "accumulated_operating_revenue_yoy": -1.7658649229921712, 
        "accumulated_operating_revenue": 2788928, 
        "long_term_average": 402030, 
        "date": "2013-07-31", 
        "operating_revenue": 410100, 
        "short_term_average": 407622
    }, 
    {
        "accumulated_operating_revenue_yoy": -2.0559120272275133, 
        "accumulated_operating_revenue": 3203852, 
        "long_term_average": 400603, 
        "date": "2013-08-31", 
        "operating_revenue": 414924, 
        "short_term_average": 406745
    }, 
    {
        "accumulated_operating_revenue_yoy": -2.2979105272951115, 
        "accumulated_operating_revenue": 3586291, 
        "long_term_average": 399179, 
        "date": "2013-09-30", 
        "operating_revenue": 382439, 
        "short_term_average": 402487
    }, 
    {
        "accumulated_operating_revenue_yoy": -1.7429681819835896, 
        "accumulated_operating_revenue": 4023200, 
        "long_term_average": 400260, 
        "date": "2013-10-31", 
        "operating_revenue": 436909, 
        "short_term_average": 411424
    }, 
    {
        "accumulated_operating_revenue_yoy": -1.829518338273357, 
        "accumulated_operating_revenue": 4431230, 
        "long_term_average": 399326, 
        "date": "2013-11-30", 
        "operating_revenue": 408030, 
        "short_term_average": 409126
    }, 
    {
        "accumulated_operating_revenue_yoy": -0.49118914218226, 
        "accumulated_operating_revenue": 4850554, 
        "long_term_average": 404212, 
        "date": "2013-12-31", 
        "operating_revenue": 419324, 
        "short_term_average": 421421
    }, 
    {
        "accumulated_operating_revenue_yoy": -15.005494992004916, 
        "accumulated_operating_revenue": 326367, 
        "long_term_average": 399411, 
        "date": "2014-01-31", 
        "operating_revenue": 326367, 
        "short_term_average": 384573
    }, 
    {
        "accumulated_operating_revenue_yoy": -0.9237568230395818, 
        "accumulated_operating_revenue": 685565, 
        "long_term_average": 403680, 
        "date": "2014-02-28", 
        "operating_revenue": 359198, 
        "short_term_average": 368296
    }, 
    {
        "accumulated_operating_revenue_yoy": -2.3592332557088738, 
        "accumulated_operating_revenue": 1123689, 
        "long_term_average": 401950, 
        "date": "2014-03-31", 
        "operating_revenue": 438124, 
        "short_term_average": 374563
    }, 
    {
        "accumulated_operating_revenue_yoy": 0.18830696141910272, 
        "accumulated_operating_revenue": 1569009, 
        "long_term_average": 404458, 
        "date": "2014-04-30", 
        "operating_revenue": 445320, 
        "short_term_average": 414214
    }, 
    {
        "accumulated_operating_revenue_yoy": -0.9445875892372368, 
        "accumulated_operating_revenue": 1964880, 
        "long_term_average": 402651, 
        "date": "2014-05-31", 
        "operating_revenue": 395871, 
        "short_term_average": 426438
    }, 
    {
        "accumulated_operating_revenue_yoy": -0.779459464912974, 
        "accumulated_operating_revenue": 2360286, 
        "long_term_average": 402667, 
        "date": "2014-06-30", 
        "operating_revenue": 395406, 
        "short_term_average": 412199
    }, 
    {
        "accumulated_operating_revenue_yoy": 0.4482367418592377, 
        "accumulated_operating_revenue": 2801429, 
        "long_term_average": 405254, 
        "date": "2014-07-31", 
        "operating_revenue": 441143, 
        "short_term_average": 410806
    }, 
    {
        "accumulated_operating_revenue_yoy": 0.41612409062590905, 
        "accumulated_operating_revenue": 3217184, 
        "long_term_average": 405323, 
        "date": "2014-08-31", 
        "operating_revenue": 415755, 
        "short_term_average": 417434
    }, 
    {
        "accumulated_operating_revenue_yoy": 1.713887690653101, 
        "accumulated_operating_revenue": 3647756, 
        "long_term_average": 409334, 
        "date": "2014-09-30", 
        "operating_revenue": 430572, 
        "short_term_average": 429156
    }, 
    {
        "accumulated_operating_revenue_yoy": 2.2098081129449194, 
        "accumulated_operating_revenue": 4112105, 
        "long_term_average": 411621, 
        "date": "2014-10-31", 
        "operating_revenue": 464349, 
        "short_term_average": 436892
    }, 
    {
        "accumulated_operating_revenue_yoy": 2.1482071569293404, 
        "accumulated_operating_revenue": 4526422, 
        "long_term_average": 412145, 
        "date": "2014-11-30", 
        "operating_revenue": 414317, 
        "short_term_average": 436412
    }, 
    {
        "accumulated_operating_revenue_yoy": 2.9527761158828456, 
        "accumulated_operating_revenue": 4993780, 
        "long_term_average": 416148, 
        "date": "2014-12-31", 
        "operating_revenue": 467358, 
        "short_term_average": 448674
    }, 
    {
        "accumulated_operating_revenue_yoy": 18.759249556480896, 
        "accumulated_operating_revenue": 387591, 
        "long_term_average": 421250, 
        "date": "2015-01-31", 
        "operating_revenue": 387591, 
        "short_term_average": 423088
    }, 
    {
        "accumulated_operating_revenue_yoy": -2.1494679570864905, 
        "accumulated_operating_revenue": 670829, 
        "long_term_average": 414920, 
        "date": "2015-02-28", 
        "operating_revenue": 283238, 
        "short_term_average": 379395
    }, 
    {
        "accumulated_operating_revenue_yoy": -2.286041778463614, 
        "accumulated_operating_revenue": 1098001, 
        "long_term_average": 414007, 
        "date": "2015-03-31", 
        "operating_revenue": 427172, 
        "short_term_average": 366000
    }, 
    {
        "accumulated_operating_revenue_yoy": -3.388572022212747, 
        "accumulated_operating_revenue": 1515842, 
        "long_term_average": 411717, 
        "date": "2015-04-30", 
        "operating_revenue": 417841, 
        "short_term_average": 376083
    }, 
    {
        "accumulated_operating_revenue_yoy": -2.6670839949513456, 
        "accumulated_operating_revenue": 1912475, 
        "long_term_average": 411781, 
        "date": "2015-05-31", 
        "operating_revenue": 396633, 
        "short_term_average": 413882
    }, 
    {
        "accumulated_operating_revenue_yoy": -3.8189439754334855, 
        "accumulated_operating_revenue": 2270148, 
        "long_term_average": 408636, 
        "date": "2015-06-30", 
        "operating_revenue": 357673, 
        "short_term_average": 390715
    }, 
    {
        "accumulated_operating_revenue_yoy": -5.836806858214147, 
        "accumulated_operating_revenue": 2637915, 
        "long_term_average": 402522, 
        "date": "2015-07-31", 
        "operating_revenue": 367767, 
        "short_term_average": 374024
    }, 
    {
        "accumulated_operating_revenue_yoy": -6.799269174532759, 
        "accumulated_operating_revenue": 2998439, 
        "long_term_average": 397919, 
        "date": "2015-08-31", 
        "operating_revenue": 360524, 
        "short_term_average": 361988
    }
]