[
    {
        "date": "2012-01-31", 
        "operating_revenue": 1834764, 
        "accumulated_operating_revenue": 1834764, 
        "long_term_average": 1834764, 
        "short_term_average": 1834764
    }, 
    {
        "date": "2012-02-29", 
        "operating_revenue": 2311192, 
        "accumulated_operating_revenue": 4145956, 
        "long_term_average": 2072978, 
        "short_term_average": 2072978
    }, 
    {
        "date": "2012-03-31", 
        "operating_revenue": 2091791, 
        "accumulated_operating_revenue": 6237747, 
        "long_term_average": 2079249, 
        "short_term_average": 2079249
    }, 
    {
        "date": "2012-04-30", 
        "operating_revenue": 2358242, 
        "accumulated_operating_revenue": 8595989, 
        "long_term_average": 2148997, 
        "short_term_average": 2253741
    }, 
    {
        "date": "2012-05-31", 
        "operating_revenue": 2123957, 
        "accumulated_operating_revenue": 10719946, 
        "long_term_average": 2143989, 
        "short_term_average": 2191330
    }, 
    {
        "date": "2012-06-30", 
        "operating_revenue": 1982004, 
        "accumulated_operating_revenue": 12701950, 
        "long_term_average": 2116991, 
        "short_term_average": 2154734
    }, 
    {
        "date": "2012-07-31", 
        "operating_revenue": 2043128, 
        "accumulated_operating_revenue": 14745078, 
        "long_term_average": 2106439, 
        "short_term_average": 2049696
    }, 
    {
        "date": "2012-08-31", 
        "operating_revenue": 2176137, 
        "accumulated_operating_revenue": 16921215, 
        "long_term_average": 2115151, 
        "short_term_average": 2067089
    }, 
    {
        "date": "2012-09-30", 
        "operating_revenue": 2270258, 
        "accumulated_operating_revenue": 19191473, 
        "long_term_average": 2132385, 
        "short_term_average": 2163174
    }, 
    {
        "date": "2012-10-31", 
        "operating_revenue": 2320686, 
        "accumulated_operating_revenue": 21512159, 
        "long_term_average": 2151215, 
        "short_term_average": 2255693
    }, 
    {
        "date": "2012-11-30", 
        "operating_revenue": 1882133, 
        "accumulated_operating_revenue": 23394292, 
        "long_term_average": 2126753, 
        "short_term_average": 2157692
    }, 
    {
        "date": "2012-12-31", 
        "operating_revenue": 2031382, 
        "accumulated_operating_revenue": 25425674, 
        "long_term_average": 2118806, 
        "short_term_average": 2078067
    }, 
    {
        "accumulated_operating_revenue_yoy": -15.491256641181101, 
        "accumulated_operating_revenue": 1550536, 
        "long_term_average": 2095120, 
        "date": "2013-01-31", 
        "operating_revenue": 1550536, 
        "short_term_average": 1821350
    }, 
    {
        "accumulated_operating_revenue_yoy": -17.735113445487602, 
        "accumulated_operating_revenue": 3410666, 
        "long_term_average": 2057532, 
        "date": "2013-02-28", 
        "operating_revenue": 1860130, 
        "short_term_average": 1814016
    }, 
    {
        "accumulated_operating_revenue_yoy": -14.86672992668667, 
        "accumulated_operating_revenue": 5310398, 
        "long_term_average": 2041527, 
        "date": "2013-03-31", 
        "operating_revenue": 1899732, 
        "short_term_average": 1770132
    }, 
    {
        "accumulated_operating_revenue_yoy": -13.261685188289562, 
        "accumulated_operating_revenue": 7456016, 
        "long_term_average": 2023808, 
        "date": "2013-04-30", 
        "operating_revenue": 2145618, 
        "short_term_average": 1968493
    }, 
    {
        "accumulated_operating_revenue_yoy": -13.457894284168969, 
        "accumulated_operating_revenue": 9277267, 
        "long_term_average": 1998582, 
        "date": "2013-05-31", 
        "operating_revenue": 1821251, 
        "short_term_average": 1955533
    }, 
    {
        "accumulated_operating_revenue_yoy": -11.568609544203841, 
        "accumulated_operating_revenue": 11232511, 
        "long_term_average": 1996352, 
        "date": "2013-06-30", 
        "operating_revenue": 1955244, 
        "short_term_average": 1974037
    }, 
    {
        "accumulated_operating_revenue_yoy": -11.874430233600663, 
        "accumulated_operating_revenue": 12994184, 
        "long_term_average": 1972898, 
        "date": "2013-07-31", 
        "operating_revenue": 1761673, 
        "short_term_average": 1846056
    }, 
    {
        "accumulated_operating_revenue_yoy": -11.082242025764698, 
        "accumulated_operating_revenue": 15045965, 
        "long_term_average": 1962535, 
        "date": "2013-08-31", 
        "operating_revenue": 2051781, 
        "short_term_average": 1922899
    }, 
    {
        "accumulated_operating_revenue_yoy": -12.353835476828694, 
        "accumulated_operating_revenue": 16820590, 
        "long_term_average": 1921232, 
        "date": "2013-09-30", 
        "operating_revenue": 1774625, 
        "short_term_average": 1862693
    }, 
    {
        "accumulated_operating_revenue_yoy": -13.23961486153017, 
        "accumulated_operating_revenue": 18664032, 
        "long_term_average": 1881462, 
        "date": "2013-10-31", 
        "operating_revenue": 1843442, 
        "short_term_average": 1889949
    }, 
    {
        "accumulated_operating_revenue_yoy": -11.252873136746349, 
        "accumulated_operating_revenue": 20761762, 
        "long_term_average": 1899428, 
        "date": "2013-11-30", 
        "operating_revenue": 2097730, 
        "short_term_average": 1905265
    }, 
    {
        "accumulated_operating_revenue_yoy": -11.193933344697175, 
        "accumulated_operating_revenue": 22579541, 
        "long_term_average": 1881628, 
        "date": "2013-12-31", 
        "operating_revenue": 1817779, 
        "short_term_average": 1919650
    }, 
    {
        "accumulated_operating_revenue_yoy": 6.321878369802443, 
        "accumulated_operating_revenue": 1648559, 
        "long_term_average": 1889797, 
        "date": "2014-01-31", 
        "operating_revenue": 1648559, 
        "short_term_average": 1854689
    }, 
    {
        "accumulated_operating_revenue_yoy": 6.023105164797726, 
        "accumulated_operating_revenue": 3616094, 
        "long_term_average": 1898747, 
        "date": "2014-02-28", 
        "operating_revenue": 1967535, 
        "short_term_average": 1811291
    }, 
    {
        "accumulated_operating_revenue_yoy": 15.169145514140373, 
        "accumulated_operating_revenue": 6115940, 
        "long_term_average": 1948756, 
        "date": "2014-03-31", 
        "operating_revenue": 2499846, 
        "short_term_average": 2038646
    }, 
    {
        "accumulated_operating_revenue_yoy": 14.179355301812658, 
        "accumulated_operating_revenue": 8513231, 
        "long_term_average": 1969729, 
        "date": "2014-04-30", 
        "operating_revenue": 2397291, 
        "short_term_average": 2288224
    }, 
    {
        "accumulated_operating_revenue_yoy": 14.53827943078495, 
        "accumulated_operating_revenue": 10626022, 
        "long_term_average": 1994024, 
        "date": "2014-05-31", 
        "operating_revenue": 2112791, 
        "short_term_average": 2336642
    }, 
    {
        "accumulated_operating_revenue_yoy": 12.295630068824327, 
        "accumulated_operating_revenue": 12613619, 
        "long_term_average": 1996720, 
        "date": "2014-06-30", 
        "operating_revenue": 1987597, 
        "short_term_average": 2165893
    }, 
    {
        "accumulated_operating_revenue_yoy": 14.842686543456674, 
        "accumulated_operating_revenue": 14922870, 
        "long_term_average": 2042352, 
        "date": "2014-07-31", 
        "operating_revenue": 2309251, 
        "short_term_average": 2136546
    }, 
    {
        "accumulated_operating_revenue_yoy": 12.90093390487084, 
        "accumulated_operating_revenue": 16987035, 
        "long_term_average": 2043384, 
        "date": "2014-08-31", 
        "operating_revenue": 2064165, 
        "short_term_average": 2120337
    }, 
    {
        "accumulated_operating_revenue_yoy": 12.18910870546158, 
        "accumulated_operating_revenue": 18870870, 
        "long_term_average": 2052485, 
        "date": "2014-09-30", 
        "operating_revenue": 1883835, 
        "short_term_average": 2085750
    }, 
    {
        "accumulated_operating_revenue_yoy": 11.202075735832429, 
        "accumulated_operating_revenue": 20754791, 
        "long_term_average": 2055858, 
        "date": "2014-10-31", 
        "operating_revenue": 1883921, 
        "short_term_average": 1943973
    }, 
    {
        "accumulated_operating_revenue_yoy": 6.098143307875315, 
        "accumulated_operating_revenue": 22027844, 
        "long_term_average": 1987135, 
        "date": "2014-11-30", 
        "operating_revenue": 1273053, 
        "short_term_average": 1680269
    }, 
    {
        "accumulated_operating_revenue_yoy": 2.335676354094178, 
        "accumulated_operating_revenue": 23106926, 
        "long_term_average": 1925577, 
        "date": "2014-12-31", 
        "operating_revenue": 1079082, 
        "short_term_average": 1412018
    }, 
    {
        "accumulated_operating_revenue_yoy": -55.33020049631223, 
        "accumulated_operating_revenue": 736408, 
        "long_term_average": 1849564, 
        "date": "2015-01-31", 
        "operating_revenue": 736408, 
        "short_term_average": 1029514
    }, 
    {
        "accumulated_operating_revenue_yoy": -53.9231557586722, 
        "accumulated_operating_revenue": 1666182, 
        "long_term_average": 1763084, 
        "date": "2015-02-28", 
        "operating_revenue": 929774, 
        "short_term_average": 915088
    }, 
    {
        "accumulated_operating_revenue_yoy": -48.169668113160036, 
        "accumulated_operating_revenue": 3169912, 
        "long_term_average": 1680074, 
        "date": "2015-03-31", 
        "operating_revenue": 1503730, 
        "short_term_average": 1056637
    }, 
    {
        "accumulated_operating_revenue_yoy": -46.00170017705381, 
        "accumulated_operating_revenue": 4597000, 
        "long_term_average": 1599224, 
        "date": "2015-04-30", 
        "operating_revenue": 1427088, 
        "short_term_average": 1286864
    }, 
    {
        "accumulated_operating_revenue_yoy": -45.10972215190219, 
        "accumulated_operating_revenue": 5832653, 
        "long_term_average": 1526129, 
        "date": "2015-05-31", 
        "operating_revenue": 1235653, 
        "short_term_average": 1388823
    }, 
    {
        "accumulated_operating_revenue_yoy": -42.930351709529205, 
        "accumulated_operating_revenue": 7198548, 
        "long_term_average": 1474321, 
        "date": "2015-06-30", 
        "operating_revenue": 1365895, 
        "short_term_average": 1342878
    }, 
    {
        "accumulated_operating_revenue_yoy": -43.86594535769594, 
        "accumulated_operating_revenue": 8376812, 
        "long_term_average": 1380072, 
        "date": "2015-07-31", 
        "operating_revenue": 1178264, 
        "short_term_average": 1259937
    }, 
    {
        "accumulated_operating_revenue_yoy": -46.20898232092887, 
        "accumulated_operating_revenue": 9137499, 
        "long_term_average": 1271449, 
        "date": "2015-08-31", 
        "operating_revenue": 760687, 
        "short_term_average": 1101615
    }, 
    {
        "accumulated_operating_revenue_yoy": -47.88512135370547, 
        "accumulated_operating_revenue": 9834531, 
        "long_term_average": 1172548, 
        "date": "2015-09-30", 
        "operating_revenue": 697032, 
        "short_term_average": 878661
    }
]