[
    {
        "date": "2012-01-31", 
        "operating_revenue": 2412, 
        "accumulated_operating_revenue": 2412, 
        "long_term_average": 2412, 
        "short_term_average": 2412
    }, 
    {
        "date": "2012-02-29", 
        "operating_revenue": 85, 
        "accumulated_operating_revenue": 2497, 
        "long_term_average": 1248, 
        "short_term_average": 1248
    }, 
    {
        "date": "2012-03-31", 
        "operating_revenue": 2260, 
        "accumulated_operating_revenue": 4757, 
        "long_term_average": 1585, 
        "short_term_average": 1585
    }, 
    {
        "date": "2012-04-30", 
        "operating_revenue": 857, 
        "accumulated_operating_revenue": 5614, 
        "long_term_average": 1403, 
        "short_term_average": 1067
    }, 
    {
        "date": "2012-05-31", 
        "operating_revenue": 832, 
        "accumulated_operating_revenue": 6446, 
        "long_term_average": 1289, 
        "short_term_average": 1316
    }, 
    {
        "date": "2012-06-30", 
        "operating_revenue": 647, 
        "accumulated_operating_revenue": 7093, 
        "long_term_average": 1182, 
        "short_term_average": 778
    }, 
    {
        "date": "2012-07-31", 
        "operating_revenue": 699, 
        "accumulated_operating_revenue": 7792, 
        "long_term_average": 1113, 
        "short_term_average": 726
    }, 
    {
        "date": "2012-08-31", 
        "operating_revenue": 3196, 
        "accumulated_operating_revenue": 10988, 
        "long_term_average": 1373, 
        "short_term_average": 1514
    }, 
    {
        "date": "2012-09-30", 
        "operating_revenue": 1905, 
        "accumulated_operating_revenue": 12893, 
        "long_term_average": 1432, 
        "short_term_average": 1933
    }, 
    {
        "date": "2012-10-31", 
        "operating_revenue": 13986, 
        "accumulated_operating_revenue": 26879, 
        "long_term_average": 2687, 
        "short_term_average": 6362
    }, 
    {
        "date": "2012-11-30", 
        "operating_revenue": 1941, 
        "accumulated_operating_revenue": 28820, 
        "long_term_average": 2620, 
        "short_term_average": 5944
    }, 
    {
        "date": "2012-12-31", 
        "operating_revenue": 6875, 
        "accumulated_operating_revenue": 35695, 
        "long_term_average": 2974, 
        "short_term_average": 7600
    }, 
    {
        "accumulated_operating_revenue_yoy": -69.65174129353234, 
        "accumulated_operating_revenue": 732, 
        "long_term_average": 2834, 
        "date": "2013-01-31", 
        "operating_revenue": 732, 
        "short_term_average": 3182
    }, 
    {
        "accumulated_operating_revenue_yoy": -68.12174609531438, 
        "accumulated_operating_revenue": 796, 
        "long_term_average": 2832, 
        "date": "2013-02-28", 
        "operating_revenue": 64, 
        "short_term_average": 2557
    }, 
    {
        "accumulated_operating_revenue_yoy": -76.51881437881018, 
        "accumulated_operating_revenue": 1117, 
        "long_term_average": 2671, 
        "date": "2013-03-31", 
        "operating_revenue": 321, 
        "short_term_average": 372
    }, 
    {
        "accumulated_operating_revenue_yoy": -46.43747773423584, 
        "accumulated_operating_revenue": 3007, 
        "long_term_average": 2757, 
        "date": "2013-04-30", 
        "operating_revenue": 1890, 
        "short_term_average": 758
    }, 
    {
        "accumulated_operating_revenue_yoy": 91.94849519081602, 
        "accumulated_operating_revenue": 12373, 
        "long_term_average": 3468, 
        "date": "2013-05-31", 
        "operating_revenue": 9366, 
        "short_term_average": 3859
    }, 
    {
        "accumulated_operating_revenue_yoy": 116.02988862258566, 
        "accumulated_operating_revenue": 15323, 
        "long_term_average": 3660, 
        "date": "2013-06-30", 
        "operating_revenue": 2950, 
        "short_term_average": 4735
    }, 
    {
        "accumulated_operating_revenue_yoy": 189.84856262833677, 
        "accumulated_operating_revenue": 22585, 
        "long_term_average": 4207, 
        "date": "2013-07-31", 
        "operating_revenue": 7262, 
        "short_term_average": 6526
    }, 
    {
        "accumulated_operating_revenue_yoy": 126.47433563887877, 
        "accumulated_operating_revenue": 24885, 
        "long_term_average": 4132, 
        "date": "2013-08-31", 
        "operating_revenue": 2300, 
        "short_term_average": 4170
    }, 
    {
        "accumulated_operating_revenue_yoy": 100.94624990304817, 
        "accumulated_operating_revenue": 25908, 
        "long_term_average": 4059, 
        "date": "2013-09-30", 
        "operating_revenue": 1023, 
        "short_term_average": 3528
    }, 
    {
        "accumulated_operating_revenue_yoy": 86.40946463782134, 
        "accumulated_operating_revenue": 50105, 
        "long_term_average": 4910, 
        "date": "2013-10-31", 
        "operating_revenue": 24197, 
        "short_term_average": 9173
    }, 
    {
        "accumulated_operating_revenue_yoy": 90.62456627342124, 
        "accumulated_operating_revenue": 54938, 
        "long_term_average": 5151, 
        "date": "2013-11-30", 
        "operating_revenue": 4833, 
        "short_term_average": 10017
    }, 
    {
        "accumulated_operating_revenue_yoy": 79.15954615492366, 
        "accumulated_operating_revenue": 63951, 
        "long_term_average": 5329, 
        "date": "2013-12-31", 
        "operating_revenue": 9013, 
        "short_term_average": 12681
    }, 
    {
        "accumulated_operating_revenue_yoy": 75.5464480874317, 
        "accumulated_operating_revenue": 1285, 
        "long_term_average": 5375, 
        "date": "2014-01-31", 
        "operating_revenue": 1285, 
        "short_term_average": 5043
    }, 
    {
        "accumulated_operating_revenue_yoy": 372.61306532663315, 
        "accumulated_operating_revenue": 3762, 
        "long_term_average": 5576, 
        "date": "2014-02-28", 
        "operating_revenue": 2477, 
        "short_term_average": 4258
    }, 
    {
        "accumulated_operating_revenue_yoy": 320.9489704565801, 
        "accumulated_operating_revenue": 4702, 
        "long_term_average": 5628, 
        "date": "2014-03-31", 
        "operating_revenue": 940, 
        "short_term_average": 1567
    }, 
    {
        "accumulated_operating_revenue_yoy": 1014.4329896907216, 
        "accumulated_operating_revenue": 33511, 
        "long_term_average": 7871, 
        "date": "2014-04-30", 
        "operating_revenue": 28809, 
        "short_term_average": 10742
    }, 
    {
        "accumulated_operating_revenue_yoy": 217.23914976157764, 
        "accumulated_operating_revenue": 39252, 
        "long_term_average": 7569, 
        "date": "2014-05-31", 
        "operating_revenue": 5741, 
        "short_term_average": 11830
    }, 
    {
        "accumulated_operating_revenue_yoy": 217.39868172028974, 
        "accumulated_operating_revenue": 48635, 
        "long_term_average": 8105, 
        "date": "2014-06-30", 
        "operating_revenue": 9383, 
        "short_term_average": 14644
    }, 
    {
        "accumulated_operating_revenue_yoy": 119.55722824883772, 
        "accumulated_operating_revenue": 49587, 
        "long_term_average": 7579, 
        "date": "2014-07-31", 
        "operating_revenue": 952, 
        "short_term_average": 5358
    }, 
    {
        "accumulated_operating_revenue_yoy": 130.37170986538075, 
        "accumulated_operating_revenue": 57328, 
        "long_term_average": 8032, 
        "date": "2014-08-31", 
        "operating_revenue": 7741, 
        "short_term_average": 6025
    }, 
    {
        "accumulated_operating_revenue_yoy": 134.251968503937, 
        "accumulated_operating_revenue": 60690, 
        "long_term_average": 8227, 
        "date": "2014-09-30", 
        "operating_revenue": 3362, 
        "short_term_average": 4018
    }, 
    {
        "accumulated_operating_revenue_yoy": 28.92326115158168, 
        "accumulated_operating_revenue": 64597, 
        "long_term_average": 6536, 
        "date": "2014-10-31", 
        "operating_revenue": 3907, 
        "short_term_average": 5003
    }, 
    {
        "accumulated_operating_revenue_yoy": 80.95307437474972, 
        "accumulated_operating_revenue": 99412, 
        "long_term_average": 9035, 
        "date": "2014-11-30", 
        "operating_revenue": 34815, 
        "short_term_average": 14028
    }, 
    {
        "accumulated_operating_revenue_yoy": 76.81506153148504, 
        "accumulated_operating_revenue": 113075, 
        "long_term_average": 9422, 
        "date": "2014-12-31", 
        "operating_revenue": 13663, 
        "short_term_average": 17461
    }, 
    {
        "accumulated_operating_revenue_yoy": 306.7704280155642, 
        "accumulated_operating_revenue": 5227, 
        "long_term_average": 9751, 
        "date": "2015-01-31", 
        "operating_revenue": 5227, 
        "short_term_average": 17901
    }, 
    {
        "accumulated_operating_revenue_yoy": 128.33599149388624, 
        "accumulated_operating_revenue": 8590, 
        "long_term_average": 9825, 
        "date": "2015-02-28", 
        "operating_revenue": 3363, 
        "short_term_average": 7417
    }, 
    {
        "accumulated_operating_revenue_yoy": 154.89153551680138, 
        "accumulated_operating_revenue": 11985, 
        "long_term_average": 10029, 
        "date": "2015-03-31", 
        "operating_revenue": 3395, 
        "short_term_average": 3995
    }, 
    {
        "accumulated_operating_revenue_yoy": -61.24257706424756, 
        "accumulated_operating_revenue": 12988, 
        "long_term_average": 7712, 
        "date": "2015-04-30", 
        "operating_revenue": 1003, 
        "short_term_average": 2587
    }, 
    {
        "accumulated_operating_revenue_yoy": -62.35605829002344, 
        "accumulated_operating_revenue": 14776, 
        "long_term_average": 7383, 
        "date": "2015-05-31", 
        "operating_revenue": 1788, 
        "short_term_average": 2062
    }, 
    {
        "accumulated_operating_revenue_yoy": -59.393440937596374, 
        "accumulated_operating_revenue": 19749, 
        "long_term_average": 7015, 
        "date": "2015-06-30", 
        "operating_revenue": 4973, 
        "short_term_average": 2588
    }, 
    {
        "accumulated_operating_revenue_yoy": -52.431080726803394, 
        "accumulated_operating_revenue": 23588, 
        "long_term_average": 7256, 
        "date": "2015-07-31", 
        "operating_revenue": 3839, 
        "short_term_average": 3533
    }, 
    {
        "accumulated_operating_revenue_yoy": -34.88347753279375, 
        "accumulated_operating_revenue": 37330, 
        "long_term_average": 7756, 
        "date": "2015-08-31", 
        "operating_revenue": 13742, 
        "short_term_average": 7518
    }, 
    {
        "accumulated_operating_revenue_yoy": 27.192288680177956, 
        "accumulated_operating_revenue": 77193, 
        "long_term_average": 10798, 
        "date": "2015-09-30", 
        "operating_revenue": 39863, 
        "short_term_average": 19148
    }
]