[
    {
        "date": "2012-01-31", 
        "operating_revenue": 15117, 
        "accumulated_operating_revenue": 15117, 
        "long_term_average": 15117, 
        "short_term_average": 15117
    }, 
    {
        "date": "2012-02-29", 
        "operating_revenue": 11345, 
        "accumulated_operating_revenue": 26462, 
        "long_term_average": 13231, 
        "short_term_average": 13231
    }, 
    {
        "date": "2012-03-31", 
        "operating_revenue": 11988, 
        "accumulated_operating_revenue": 38450, 
        "long_term_average": 12816, 
        "short_term_average": 12816
    }, 
    {
        "date": "2012-04-30", 
        "operating_revenue": 12338, 
        "accumulated_operating_revenue": 50788, 
        "long_term_average": 12697, 
        "short_term_average": 11890
    }, 
    {
        "date": "2012-05-31", 
        "operating_revenue": 4284, 
        "accumulated_operating_revenue": 55072, 
        "long_term_average": 11014, 
        "short_term_average": 9536
    }, 
    {
        "date": "2012-06-30", 
        "operating_revenue": 4963, 
        "accumulated_operating_revenue": 60035, 
        "long_term_average": 10005, 
        "short_term_average": 7195
    }, 
    {
        "date": "2012-07-31", 
        "operating_revenue": 4743, 
        "accumulated_operating_revenue": 64778, 
        "long_term_average": 9254, 
        "short_term_average": 4663
    }, 
    {
        "date": "2012-08-31", 
        "operating_revenue": 4720, 
        "accumulated_operating_revenue": 69498, 
        "long_term_average": 8687, 
        "short_term_average": 4808
    }, 
    {
        "date": "2012-09-30", 
        "operating_revenue": 7212, 
        "accumulated_operating_revenue": 76710, 
        "long_term_average": 8523, 
        "short_term_average": 5558
    }, 
    {
        "date": "2012-10-31", 
        "operating_revenue": 9614, 
        "accumulated_operating_revenue": 86324, 
        "long_term_average": 8632, 
        "short_term_average": 7182
    }, 
    {
        "date": "2012-11-30", 
        "operating_revenue": 14988, 
        "accumulated_operating_revenue": 101312, 
        "long_term_average": 9210, 
        "short_term_average": 10604
    }, 
    {
        "date": "2012-12-31", 
        "operating_revenue": 37255, 
        "accumulated_operating_revenue": 138567, 
        "long_term_average": 11547, 
        "short_term_average": 20619
    }, 
    {
        "accumulated_operating_revenue_yoy": -1.865449493947212, 
        "accumulated_operating_revenue": 14835, 
        "long_term_average": 11523, 
        "date": "2013-01-31", 
        "operating_revenue": 14835, 
        "short_term_average": 22359
    }, 
    {
        "accumulated_operating_revenue_yoy": 22.39437684226438, 
        "accumulated_operating_revenue": 32388, 
        "long_term_average": 12041, 
        "date": "2013-02-28", 
        "operating_revenue": 17553, 
        "short_term_average": 23214
    }, 
    {
        "accumulated_operating_revenue_yoy": 35.146944083224966, 
        "accumulated_operating_revenue": 51964, 
        "long_term_average": 12673, 
        "date": "2013-03-31", 
        "operating_revenue": 19576, 
        "short_term_average": 17321
    }, 
    {
        "accumulated_operating_revenue_yoy": 40.2260376466882, 
        "accumulated_operating_revenue": 71218, 
        "long_term_average": 13249, 
        "date": "2013-04-30", 
        "operating_revenue": 19254, 
        "short_term_average": 18794
    }, 
    {
        "accumulated_operating_revenue_yoy": 57.97319872167345, 
        "accumulated_operating_revenue": 86999, 
        "long_term_average": 14207, 
        "date": "2013-05-31", 
        "operating_revenue": 15781, 
        "short_term_average": 18203
    }, 
    {
        "accumulated_operating_revenue_yoy": 82.95494294994586, 
        "accumulated_operating_revenue": 109837, 
        "long_term_average": 15697, 
        "date": "2013-06-30", 
        "operating_revenue": 22838, 
        "short_term_average": 19291
    }, 
    {
        "accumulated_operating_revenue_yoy": 104.58797739973448, 
        "accumulated_operating_revenue": 132528, 
        "long_term_average": 17193, 
        "date": "2013-07-31", 
        "operating_revenue": 22691, 
        "short_term_average": 20436
    }, 
    {
        "accumulated_operating_revenue_yoy": 112.75144608477943, 
        "accumulated_operating_revenue": 147858, 
        "long_term_average": 18077, 
        "date": "2013-08-31", 
        "operating_revenue": 15330, 
        "short_term_average": 20286
    }, 
    {
        "accumulated_operating_revenue_yoy": 114.17285881892842, 
        "accumulated_operating_revenue": 164292, 
        "long_term_average": 18845, 
        "date": "2013-09-30", 
        "operating_revenue": 16434, 
        "short_term_average": 18151
    }, 
    {
        "accumulated_operating_revenue_yoy": 107.93290394328345, 
        "accumulated_operating_revenue": 179496, 
        "long_term_average": 19311, 
        "date": "2013-10-31", 
        "operating_revenue": 15204, 
        "short_term_average": 15656
    }, 
    {
        "accumulated_operating_revenue_yoy": 92.41748262792167, 
        "accumulated_operating_revenue": 194942, 
        "long_term_average": 19349, 
        "date": "2013-11-30", 
        "operating_revenue": 15446, 
        "short_term_average": 15694
    }, 
    {
        "accumulated_operating_revenue_yoy": 54.02296362048684, 
        "accumulated_operating_revenue": 213425, 
        "long_term_average": 17785, 
        "date": "2013-12-31", 
        "operating_revenue": 18483, 
        "short_term_average": 16377
    }, 
    {
        "accumulated_operating_revenue_yoy": 12.989551735760028, 
        "accumulated_operating_revenue": 16762, 
        "long_term_average": 17946, 
        "date": "2014-01-31", 
        "operating_revenue": 16762, 
        "short_term_average": 16897
    }, 
    {
        "accumulated_operating_revenue_yoy": 2.7263183895269854, 
        "accumulated_operating_revenue": 33271, 
        "long_term_average": 17859, 
        "date": "2014-02-28", 
        "operating_revenue": 16509, 
        "short_term_average": 17251
    }, 
    {
        "accumulated_operating_revenue_yoy": -1.8705257485951814, 
        "accumulated_operating_revenue": 50992, 
        "long_term_average": 17704, 
        "date": "2014-03-31", 
        "operating_revenue": 17721, 
        "short_term_average": 16997
    }, 
    {
        "accumulated_operating_revenue_yoy": -12.166867926647758, 
        "accumulated_operating_revenue": 62553, 
        "long_term_average": 17063, 
        "date": "2014-04-30", 
        "operating_revenue": 11561, 
        "short_term_average": 15263
    }, 
    {
        "accumulated_operating_revenue_yoy": -7.433418774928448, 
        "accumulated_operating_revenue": 80532, 
        "long_term_average": 17246, 
        "date": "2014-05-31", 
        "operating_revenue": 17979, 
        "short_term_average": 15753
    }, 
    {
        "accumulated_operating_revenue_yoy": -18.511976838406003, 
        "accumulated_operating_revenue": 89504, 
        "long_term_average": 16091, 
        "date": "2014-06-30", 
        "operating_revenue": 8972, 
        "short_term_average": 12837
    }, 
    {
        "accumulated_operating_revenue_yoy": -25.570445490764214, 
        "accumulated_operating_revenue": 98640, 
        "long_term_average": 14961, 
        "date": "2014-07-31", 
        "operating_revenue": 9136, 
        "short_term_average": 12029
    }, 
    {
        "accumulated_operating_revenue_yoy": -24.785266945312394, 
        "accumulated_operating_revenue": 111211, 
        "long_term_average": 14731, 
        "date": "2014-08-31", 
        "operating_revenue": 12571, 
        "short_term_average": 10226
    }, 
    {
        "accumulated_operating_revenue_yoy": -22.291407980912034, 
        "accumulated_operating_revenue": 127669, 
        "long_term_average": 14733, 
        "date": "2014-09-30", 
        "operating_revenue": 16458, 
        "short_term_average": 12721
    }, 
    {
        "accumulated_operating_revenue_yoy": -20.02551588893346, 
        "accumulated_operating_revenue": 143551, 
        "long_term_average": 14790, 
        "date": "2014-10-31", 
        "operating_revenue": 15882, 
        "short_term_average": 14970
    }, 
    {
        "accumulated_operating_revenue_yoy": -17.472889372223534, 
        "accumulated_operating_revenue": 160880, 
        "long_term_average": 14946, 
        "date": "2014-11-30", 
        "operating_revenue": 17329, 
        "short_term_average": 16556
    }, 
    {
        "accumulated_operating_revenue_yoy": -13.61696146187185, 
        "accumulated_operating_revenue": 184363, 
        "long_term_average": 15363, 
        "date": "2014-12-31", 
        "operating_revenue": 23483, 
        "short_term_average": 18898
    }, 
    {
        "accumulated_operating_revenue_yoy": -15.93485264288271, 
        "accumulated_operating_revenue": 14091, 
        "long_term_average": 15141, 
        "date": "2015-01-31", 
        "operating_revenue": 14091, 
        "short_term_average": 18301
    }, 
    {
        "accumulated_operating_revenue_yoy": -26.99347780349253, 
        "accumulated_operating_revenue": 24290, 
        "long_term_average": 14615, 
        "date": "2015-02-28", 
        "operating_revenue": 10199, 
        "short_term_average": 15924
    }, 
    {
        "accumulated_operating_revenue_yoy": -37.12543144022592, 
        "accumulated_operating_revenue": 32061, 
        "long_term_average": 13786, 
        "date": "2015-03-31", 
        "operating_revenue": 7771, 
        "short_term_average": 10687
    }, 
    {
        "accumulated_operating_revenue_yoy": -34.08149888894217, 
        "accumulated_operating_revenue": 41234, 
        "long_term_average": 13587, 
        "date": "2015-04-30", 
        "operating_revenue": 9173, 
        "short_term_average": 9047
    }, 
    {
        "accumulated_operating_revenue_yoy": -36.209208761734466, 
        "accumulated_operating_revenue": 51372, 
        "long_term_average": 12933, 
        "date": "2015-05-31", 
        "operating_revenue": 10138, 
        "short_term_average": 9027
    }, 
    {
        "accumulated_operating_revenue_yoy": -37.06985162674294, 
        "accumulated_operating_revenue": 56325, 
        "long_term_average": 12598, 
        "date": "2015-06-30", 
        "operating_revenue": 4953, 
        "short_term_average": 8088
    }, 
    {
        "accumulated_operating_revenue_yoy": -29.449513381995136, 
        "accumulated_operating_revenue": 69591, 
        "long_term_average": 12942, 
        "date": "2015-07-31", 
        "operating_revenue": 13266, 
        "short_term_average": 9452
    }, 
    {
        "accumulated_operating_revenue_yoy": -26.751850086771995, 
        "accumulated_operating_revenue": 81460, 
        "long_term_average": 12884, 
        "date": "2015-08-31", 
        "operating_revenue": 11869, 
        "short_term_average": 10029
    }, 
    {
        "accumulated_operating_revenue_yoy": -24.692760184539708, 
        "accumulated_operating_revenue": 96144, 
        "long_term_average": 12736, 
        "date": "2015-09-30", 
        "operating_revenue": 14684, 
        "short_term_average": 13273
    }
]