[
    {
        "date": "2011-09-30", 
        "operating_revenue": 249647, 
        "accumulated_operating_revenue": 249647, 
        "long_term_average": 249647, 
        "short_term_average": 249647
    }, 
    {
        "date": "2011-10-31", 
        "operating_revenue": 329564, 
        "accumulated_operating_revenue": 579211, 
        "long_term_average": 289605, 
        "short_term_average": 289605
    }, 
    {
        "date": "2011-11-30", 
        "operating_revenue": 460397, 
        "accumulated_operating_revenue": 1039608, 
        "long_term_average": 346536, 
        "short_term_average": 346536
    }, 
    {
        "date": "2011-12-31", 
        "operating_revenue": 342501, 
        "accumulated_operating_revenue": 1382109, 
        "long_term_average": 345527, 
        "short_term_average": 377487
    }, 
    {
        "date": "2012-01-31", 
        "operating_revenue": 229696, 
        "accumulated_operating_revenue": 229696, 
        "long_term_average": 322361, 
        "short_term_average": 344198
    }, 
    {
        "date": "2012-02-29", 
        "operating_revenue": 293747, 
        "accumulated_operating_revenue": 523443, 
        "long_term_average": 317592, 
        "short_term_average": 288648
    }, 
    {
        "date": "2012-03-31", 
        "operating_revenue": 390601, 
        "accumulated_operating_revenue": 914044, 
        "long_term_average": 328021, 
        "short_term_average": 304681
    }, 
    {
        "date": "2012-04-30", 
        "operating_revenue": 293466, 
        "accumulated_operating_revenue": 1207510, 
        "long_term_average": 323702, 
        "short_term_average": 325938
    }, 
    {
        "date": "2012-05-31", 
        "operating_revenue": 281589, 
        "accumulated_operating_revenue": 1489099, 
        "long_term_average": 319023, 
        "short_term_average": 321885
    }, 
    {
        "date": "2012-06-30", 
        "operating_revenue": 271452, 
        "accumulated_operating_revenue": 1760551, 
        "long_term_average": 314266, 
        "short_term_average": 282169
    }, 
    {
        "date": "2012-07-31", 
        "operating_revenue": 257602, 
        "accumulated_operating_revenue": 2018153, 
        "long_term_average": 309114, 
        "short_term_average": 270214
    }, 
    {
        "date": "2012-08-31", 
        "operating_revenue": 293710, 
        "accumulated_operating_revenue": 2311863, 
        "long_term_average": 307831, 
        "short_term_average": 274254
    }, 
    {
        "accumulated_operating_revenue_yoy": 952.3106626556698, 
        "accumulated_operating_revenue": 2627062, 
        "long_term_average": 313293, 
        "date": "2012-09-30", 
        "operating_revenue": 315199, 
        "short_term_average": 288837
    }, 
    {
        "accumulated_operating_revenue_yoy": 411.3081415926148, 
        "accumulated_operating_revenue": 2961553, 
        "long_term_average": 313704, 
        "date": "2012-10-31", 
        "operating_revenue": 334491, 
        "short_term_average": 314466
    }, 
    {
        "accumulated_operating_revenue_yoy": 219.47772621988287, 
        "accumulated_operating_revenue": 3321316, 
        "long_term_average": 305318, 
        "date": "2012-11-30", 
        "operating_revenue": 359763, 
        "short_term_average": 336484
    }, 
    {
        "accumulated_operating_revenue_yoy": 165.22481222537442, 
        "accumulated_operating_revenue": 3665696, 
        "long_term_average": 305474, 
        "date": "2012-12-31", 
        "operating_revenue": 344380, 
        "short_term_average": 346211
    }, 
    {
        "accumulated_operating_revenue_yoy": 41.60194343828365, 
        "accumulated_operating_revenue": 325254, 
        "long_term_average": 313437, 
        "date": "2013-01-31", 
        "operating_revenue": 325254, 
        "short_term_average": 343132
    }, 
    {
        "accumulated_operating_revenue_yoy": -8.275399613711523, 
        "accumulated_operating_revenue": 480126, 
        "long_term_average": 301864, 
        "date": "2013-02-28", 
        "operating_revenue": 154872, 
        "short_term_average": 274835
    }, 
    {
        "accumulated_operating_revenue_yoy": -11.024414579604484, 
        "accumulated_operating_revenue": 813276, 
        "long_term_average": 297077, 
        "date": "2013-03-31", 
        "operating_revenue": 333150, 
        "short_term_average": 271092
    }, 
    {
        "accumulated_operating_revenue_yoy": 4.0464261165539, 
        "accumulated_operating_revenue": 1256371, 
        "long_term_average": 309546, 
        "date": "2013-04-30", 
        "operating_revenue": 443095, 
        "short_term_average": 310372
    }, 
    {
        "accumulated_operating_revenue_yoy": 16.361705971194663, 
        "accumulated_operating_revenue": 1732741, 
        "long_term_average": 325778, 
        "date": "2013-05-31", 
        "operating_revenue": 476370, 
        "short_term_average": 417538
    }, 
    {
        "accumulated_operating_revenue_yoy": 17.662197800574933, 
        "accumulated_operating_revenue": 2071503, 
        "long_term_average": 331387, 
        "date": "2013-06-30", 
        "operating_revenue": 338762, 
        "short_term_average": 419409
    }, 
    {
        "accumulated_operating_revenue_yoy": 21.79596888838458, 
        "accumulated_operating_revenue": 2458029, 
        "long_term_average": 342131, 
        "date": "2013-07-31", 
        "operating_revenue": 386526, 
        "short_term_average": 400552
    }, 
    {
        "accumulated_operating_revenue_yoy": 27.37160463228141, 
        "accumulated_operating_revenue": 2944657, 
        "long_term_average": 358207, 
        "date": "2013-08-31", 
        "operating_revenue": 486628, 
        "short_term_average": 403972
    }, 
    {
        "accumulated_operating_revenue_yoy": 30.090572662540893, 
        "accumulated_operating_revenue": 3417560, 
        "long_term_average": 371349, 
        "date": "2013-09-30", 
        "operating_revenue": 472903, 
        "short_term_average": 448685
    }, 
    {
        "accumulated_operating_revenue_yoy": 30.074626386899034, 
        "accumulated_operating_revenue": 3852229, 
        "long_term_average": 379697, 
        "date": "2013-10-31", 
        "operating_revenue": 434669, 
        "short_term_average": 464733
    }, 
    {
        "accumulated_operating_revenue_yoy": 31.071177810241483, 
        "accumulated_operating_revenue": 4353288, 
        "long_term_average": 391472, 
        "date": "2013-11-30", 
        "operating_revenue": 501059, 
        "short_term_average": 469543
    }, 
    {
        "accumulated_operating_revenue_yoy": 35.16074437160091, 
        "accumulated_operating_revenue": 4954582, 
        "long_term_average": 412881, 
        "date": "2013-12-31", 
        "operating_revenue": 601294, 
        "short_term_average": 512340
    }, 
    {
        "accumulated_operating_revenue_yoy": 61.78924778788271, 
        "accumulated_operating_revenue": 526226, 
        "long_term_average": 429629, 
        "date": "2014-01-31", 
        "operating_revenue": 526226, 
        "short_term_average": 542859
    }, 
    {
        "accumulated_operating_revenue_yoy": 90.32670590636624, 
        "accumulated_operating_revenue": 913808, 
        "long_term_average": 449022, 
        "date": "2014-02-28", 
        "operating_revenue": 387582, 
        "short_term_average": 505034
    }, 
    {
        "accumulated_operating_revenue_yoy": 86.34375046109808, 
        "accumulated_operating_revenue": 1515489, 
        "long_term_average": 471399, 
        "date": "2014-03-31", 
        "operating_revenue": 601681, 
        "short_term_average": 505163
    }, 
    {
        "accumulated_operating_revenue_yoy": 84.2477261891591, 
        "accumulated_operating_revenue": 2314835, 
        "long_term_average": 501087, 
        "date": "2014-04-30", 
        "operating_revenue": 799346, 
        "short_term_average": 596203
    }, 
    {
        "accumulated_operating_revenue_yoy": 72.01722588661549, 
        "accumulated_operating_revenue": 2980613, 
        "long_term_average": 516871, 
        "date": "2014-05-31", 
        "operating_revenue": 665778, 
        "short_term_average": 688935
    }, 
    {
        "accumulated_operating_revenue_yoy": 79.21808464675166, 
        "accumulated_operating_revenue": 3712508, 
        "long_term_average": 549632, 
        "date": "2014-06-30", 
        "operating_revenue": 731895, 
        "short_term_average": 732339
    }, 
    {
        "accumulated_operating_revenue_yoy": 74.43683536687321, 
        "accumulated_operating_revenue": 4287708, 
        "long_term_average": 565355, 
        "date": "2014-07-31", 
        "operating_revenue": 575200, 
        "short_term_average": 657624
    }, 
    {
        "accumulated_operating_revenue_yoy": 65.96472865939904, 
        "accumulated_operating_revenue": 4887092, 
        "long_term_average": 574751, 
        "date": "2014-08-31", 
        "operating_revenue": 599384, 
        "short_term_average": 635493
    }, 
    {
        "accumulated_operating_revenue_yoy": 62.70959397933028, 
        "accumulated_operating_revenue": 5560698, 
        "long_term_average": 591476, 
        "date": "2014-09-30", 
        "operating_revenue": 673606, 
        "short_term_average": 616063
    }, 
    {
        "accumulated_operating_revenue_yoy": 61.043774915769546, 
        "accumulated_operating_revenue": 6203775, 
        "long_term_average": 608844, 
        "date": "2014-10-31", 
        "operating_revenue": 643077, 
        "short_term_average": 638689
    }, 
    {
        "accumulated_operating_revenue_yoy": 56.84053065177401, 
        "accumulated_operating_revenue": 6827720, 
        "long_term_average": 619084, 
        "date": "2014-11-30", 
        "operating_revenue": 623945, 
        "short_term_average": 646876
    }, 
    {
        "accumulated_operating_revenue_yoy": 50.58860666752513, 
        "accumulated_operating_revenue": 7461036, 
        "long_term_average": 621753, 
        "date": "2014-12-31", 
        "operating_revenue": 633316, 
        "short_term_average": 633446
    }, 
    {
        "accumulated_operating_revenue_yoy": 16.484172199777284, 
        "accumulated_operating_revenue": 612970, 
        "long_term_average": 628981, 
        "date": "2015-01-31", 
        "operating_revenue": 612970, 
        "short_term_average": 623410
    }, 
    {
        "accumulated_operating_revenue_yoy": -3.9737012589077794, 
        "accumulated_operating_revenue": 877496, 
        "long_term_average": 618727, 
        "date": "2015-02-28", 
        "operating_revenue": 264526, 
        "short_term_average": 503604
    }, 
    {
        "accumulated_operating_revenue_yoy": 0.9614718417619659, 
        "accumulated_operating_revenue": 1530060, 
        "long_term_average": 622967, 
        "date": "2015-03-31", 
        "operating_revenue": 652564, 
        "short_term_average": 510020
    }, 
    {
        "accumulated_operating_revenue_yoy": -2.129439031291647, 
        "accumulated_operating_revenue": 2265542, 
        "long_term_average": 617645, 
        "date": "2015-04-30", 
        "operating_revenue": 735482, 
        "short_term_average": 550857
    }, 
    {
        "accumulated_operating_revenue_yoy": -1.1714704324244711, 
        "accumulated_operating_revenue": 2945696, 
        "long_term_average": 618843, 
        "date": "2015-05-31", 
        "operating_revenue": 680154, 
        "short_term_average": 689400
    }, 
    {
        "accumulated_operating_revenue_yoy": -3.6634533851509548, 
        "accumulated_operating_revenue": 3576502, 
        "long_term_average": 610419, 
        "date": "2015-06-30", 
        "operating_revenue": 630806, 
        "short_term_average": 682147
    }, 
    {
        "accumulated_operating_revenue_yoy": -11.739838627070686, 
        "accumulated_operating_revenue": 3784338, 
        "long_term_average": 579805, 
        "date": "2015-07-31", 
        "operating_revenue": 207836, 
        "short_term_average": 506265
    }, 
    {
        "accumulated_operating_revenue_yoy": -18.356089879216515, 
        "accumulated_operating_revenue": 3990013, 
        "long_term_average": 546996, 
        "date": "2015-08-31", 
        "operating_revenue": 205675, 
        "short_term_average": 348105
    }, 
    {
        "accumulated_operating_revenue_yoy": -24.00763357405851, 
        "accumulated_operating_revenue": 4225706, 
        "long_term_average": 510503, 
        "date": "2015-09-30", 
        "operating_revenue": 235693, 
        "short_term_average": 216401
    }
]