[
    {
        "date": "2011-09-30", 
        "operating_revenue": 302613, 
        "accumulated_operating_revenue": 302613, 
        "long_term_average": 302613, 
        "short_term_average": 302613
    }, 
    {
        "date": "2011-10-31", 
        "operating_revenue": 271189, 
        "accumulated_operating_revenue": 573802, 
        "long_term_average": 286901, 
        "short_term_average": 286901
    }, 
    {
        "date": "2011-11-30", 
        "operating_revenue": 276661, 
        "accumulated_operating_revenue": 850463, 
        "long_term_average": 283487, 
        "short_term_average": 283487
    }, 
    {
        "date": "2011-12-31", 
        "operating_revenue": 261899, 
        "accumulated_operating_revenue": 1112362, 
        "long_term_average": 278090, 
        "short_term_average": 269916
    }, 
    {
        "date": "2012-01-31", 
        "operating_revenue": 176478, 
        "accumulated_operating_revenue": 176478, 
        "long_term_average": 257768, 
        "short_term_average": 238346
    }, 
    {
        "date": "2012-02-29", 
        "operating_revenue": 267679, 
        "accumulated_operating_revenue": 444157, 
        "long_term_average": 259419, 
        "short_term_average": 235352
    }, 
    {
        "date": "2012-03-31", 
        "operating_revenue": 379580, 
        "accumulated_operating_revenue": 823737, 
        "long_term_average": 276585, 
        "short_term_average": 274579
    }, 
    {
        "date": "2012-04-30", 
        "operating_revenue": 365700, 
        "accumulated_operating_revenue": 1189437, 
        "long_term_average": 287724, 
        "short_term_average": 337653
    }, 
    {
        "date": "2012-05-31", 
        "operating_revenue": 341465, 
        "accumulated_operating_revenue": 1530902, 
        "long_term_average": 293696, 
        "short_term_average": 362248
    }, 
    {
        "date": "2012-06-30", 
        "operating_revenue": 237054, 
        "accumulated_operating_revenue": 1767956, 
        "long_term_average": 288031, 
        "short_term_average": 314739
    }, 
    {
        "date": "2012-07-31", 
        "operating_revenue": 319107, 
        "accumulated_operating_revenue": 2087063, 
        "long_term_average": 290856, 
        "short_term_average": 299208
    }, 
    {
        "date": "2012-08-31", 
        "operating_revenue": 282560, 
        "accumulated_operating_revenue": 2369623, 
        "long_term_average": 290165, 
        "short_term_average": 279573
    }, 
    {
        "accumulated_operating_revenue_yoy": 765.6852151097276, 
        "accumulated_operating_revenue": 2619676, 
        "long_term_average": 285785, 
        "date": "2012-09-30", 
        "operating_revenue": 250053, 
        "short_term_average": 283906
    }, 
    {
        "accumulated_operating_revenue_yoy": 398.7699589753957, 
        "accumulated_operating_revenue": 2861952, 
        "long_term_average": 283376, 
        "date": "2012-10-31", 
        "operating_revenue": 242276, 
        "short_term_average": 258296
    }, 
    {
        "accumulated_operating_revenue_yoy": 265.6453014416853, 
        "accumulated_operating_revenue": 3109678, 
        "long_term_average": 280964, 
        "date": "2012-11-30", 
        "operating_revenue": 247726, 
        "short_term_average": 246685
    }, 
    {
        "accumulated_operating_revenue_yoy": 199.98462730657823, 
        "accumulated_operating_revenue": 3336915, 
        "long_term_average": 278076, 
        "date": "2012-12-31", 
        "operating_revenue": 227237, 
        "short_term_average": 239079
    }, 
    {
        "accumulated_operating_revenue_yoy": 38.48808350049298, 
        "accumulated_operating_revenue": 244401, 
        "long_term_average": 283736, 
        "date": "2013-01-31", 
        "operating_revenue": 244401, 
        "short_term_average": 239788
    }, 
    {
        "accumulated_operating_revenue_yoy": -12.347435704041589, 
        "accumulated_operating_revenue": 389315, 
        "long_term_average": 273506, 
        "date": "2013-02-28", 
        "operating_revenue": 144914, 
        "short_term_average": 205517
    }, 
    {
        "accumulated_operating_revenue_yoy": -13.808047957054253, 
        "accumulated_operating_revenue": 709995, 
        "long_term_average": 268597, 
        "date": "2013-03-31", 
        "operating_revenue": 320680, 
        "short_term_average": 236665
    }, 
    {
        "accumulated_operating_revenue_yoy": -11.94884638698813, 
        "accumulated_operating_revenue": 1047313, 
        "long_term_average": 266232, 
        "date": "2013-04-30", 
        "operating_revenue": 337318, 
        "short_term_average": 267637
    }, 
    {
        "accumulated_operating_revenue_yoy": -10.838316234481372, 
        "accumulated_operating_revenue": 1364978, 
        "long_term_average": 264249, 
        "date": "2013-05-31", 
        "operating_revenue": 317665, 
        "short_term_average": 325221
    }, 
    {
        "accumulated_operating_revenue_yoy": -5.104934738194842, 
        "accumulated_operating_revenue": 1677703, 
        "long_term_average": 270555, 
        "date": "2013-06-30", 
        "operating_revenue": 312725, 
        "short_term_average": 322569
    }, 
    {
        "accumulated_operating_revenue_yoy": -4.5101657209197805, 
        "accumulated_operating_revenue": 1992933, 
        "long_term_average": 270232, 
        "date": "2013-07-31", 
        "operating_revenue": 315230, 
        "short_term_average": 315206
    }, 
    {
        "accumulated_operating_revenue_yoy": -2.1641417221220425, 
        "accumulated_operating_revenue": 2318341, 
        "long_term_average": 273802, 
        "date": "2013-08-31", 
        "operating_revenue": 325408, 
        "short_term_average": 317787
    }, 
    {
        "accumulated_operating_revenue_yoy": 1.19213215680107, 
        "accumulated_operating_revenue": 2650906, 
        "long_term_average": 280678, 
        "date": "2013-09-30", 
        "operating_revenue": 332565, 
        "short_term_average": 324401
    }, 
    {
        "accumulated_operating_revenue_yoy": 3.617740618990116, 
        "accumulated_operating_revenue": 2965490, 
        "long_term_average": 286704, 
        "date": "2013-10-31", 
        "operating_revenue": 314584, 
        "short_term_average": 324185
    }, 
    {
        "accumulated_operating_revenue_yoy": 5.121912944041151, 
        "accumulated_operating_revenue": 3268953, 
        "long_term_average": 291349, 
        "date": "2013-11-30", 
        "operating_revenue": 303463, 
        "short_term_average": 316870
    }, 
    {
        "accumulated_operating_revenue_yoy": 5.82903670006578, 
        "accumulated_operating_revenue": 3531425, 
        "long_term_average": 294285, 
        "date": "2013-12-31", 
        "operating_revenue": 262472, 
        "short_term_average": 293506
    }, 
    {
        "accumulated_operating_revenue_yoy": 2.8993334724489674, 
        "accumulated_operating_revenue": 251487, 
        "long_term_average": 294875, 
        "date": "2014-01-31", 
        "operating_revenue": 251487, 
        "short_term_average": 272474
    }, 
    {
        "accumulated_operating_revenue_yoy": 33.17827466190617, 
        "accumulated_operating_revenue": 518483, 
        "long_term_average": 305049, 
        "date": "2014-02-28", 
        "operating_revenue": 266996, 
        "short_term_average": 260318
    }, 
    {
        "accumulated_operating_revenue_yoy": 28.364425101585223, 
        "accumulated_operating_revenue": 911381, 
        "long_term_average": 311067, 
        "date": "2014-03-31", 
        "operating_revenue": 392898, 
        "short_term_average": 303793
    }, 
    {
        "accumulated_operating_revenue_yoy": 29.12510395650584, 
        "accumulated_operating_revenue": 1352344, 
        "long_term_average": 319704, 
        "date": "2014-04-30", 
        "operating_revenue": 440963, 
        "short_term_average": 366952
    }, 
    {
        "accumulated_operating_revenue_yoy": 30.20407654921911, 
        "accumulated_operating_revenue": 1777257, 
        "long_term_average": 328642, 
        "date": "2014-05-31", 
        "operating_revenue": 424913, 
        "short_term_average": 419591
    }, 
    {
        "accumulated_operating_revenue_yoy": 34.95797527929556, 
        "accumulated_operating_revenue": 2264194, 
        "long_term_average": 343159, 
        "date": "2014-06-30", 
        "operating_revenue": 486937, 
        "short_term_average": 450937
    }, 
    {
        "accumulated_operating_revenue_yoy": 41.81881678912437, 
        "accumulated_operating_revenue": 2826354, 
        "long_term_average": 363737, 
        "date": "2014-07-31", 
        "operating_revenue": 562160, 
        "short_term_average": 491336
    }, 
    {
        "accumulated_operating_revenue_yoy": 44.86238219485399, 
        "accumulated_operating_revenue": 3358404, 
        "long_term_average": 380957, 
        "date": "2014-08-31", 
        "operating_revenue": 532050, 
        "short_term_average": 527049
    }, 
    {
        "accumulated_operating_revenue_yoy": 49.65943718864418, 
        "accumulated_operating_revenue": 3967331, 
        "long_term_average": 403987, 
        "date": "2014-09-30", 
        "operating_revenue": 608927, 
        "short_term_average": 567712
    }, 
    {
        "accumulated_operating_revenue_yoy": 55.32131283531558, 
        "accumulated_operating_revenue": 4606038, 
        "long_term_average": 430997, 
        "date": "2014-10-31", 
        "operating_revenue": 638707, 
        "short_term_average": 593228
    }, 
    {
        "accumulated_operating_revenue_yoy": 60.87364975880657, 
        "accumulated_operating_revenue": 5258884, 
        "long_term_average": 460113, 
        "date": "2014-11-30", 
        "operating_revenue": 652846, 
        "short_term_average": 633493
    }, 
    {
        "accumulated_operating_revenue_yoy": 69.36602079896926, 
        "accumulated_operating_revenue": 5981034, 
        "long_term_average": 498419, 
        "date": "2014-12-31", 
        "operating_revenue": 722150, 
        "short_term_average": 671234
    }, 
    {
        "accumulated_operating_revenue_yoy": 189.60860799961827, 
        "accumulated_operating_revenue": 728328, 
        "long_term_average": 538156, 
        "date": "2015-01-31", 
        "operating_revenue": 728328, 
        "short_term_average": 701108
    }, 
    {
        "accumulated_operating_revenue_yoy": 114.87551182970319, 
        "accumulated_operating_revenue": 1114093, 
        "long_term_average": 548053, 
        "date": "2015-02-28", 
        "operating_revenue": 385765, 
        "short_term_average": 612081
    }, 
    {
        "accumulated_operating_revenue_yoy": 115.16983566697134, 
        "accumulated_operating_revenue": 1961017, 
        "long_term_average": 585889, 
        "date": "2015-03-31", 
        "operating_revenue": 846924, 
        "short_term_average": 653672
    }, 
    {
        "accumulated_operating_revenue_yoy": 118.55925711209574, 
        "accumulated_operating_revenue": 2955673, 
        "long_term_average": 632030, 
        "date": "2015-04-30", 
        "operating_revenue": 994656, 
        "short_term_average": 742448
    }, 
    {
        "accumulated_operating_revenue_yoy": 117.06787482058026, 
        "accumulated_operating_revenue": 3857854, 
        "long_term_average": 671802, 
        "date": "2015-05-31", 
        "operating_revenue": 902181, 
        "short_term_average": 914587
    }, 
    {
        "accumulated_operating_revenue_yoy": 110.36589620854042, 
        "accumulated_operating_revenue": 4763092, 
        "long_term_average": 706661, 
        "date": "2015-06-30", 
        "operating_revenue": 905238, 
        "short_term_average": 934025
    }, 
    {
        "accumulated_operating_revenue_yoy": 102.53499738532399, 
        "accumulated_operating_revenue": 5724356, 
        "long_term_average": 739919, 
        "date": "2015-07-31", 
        "operating_revenue": 961264, 
        "short_term_average": 922894
    }, 
    {
        "accumulated_operating_revenue_yoy": 97.24753186334938, 
        "accumulated_operating_revenue": 6624369, 
        "long_term_average": 770583, 
        "date": "2015-08-31", 
        "operating_revenue": 900013, 
        "short_term_average": 922171
    }
]