[
    {
        "date": "2011-09-30", 
        "operating_revenue": 35580, 
        "accumulated_operating_revenue": 35580, 
        "long_term_average": 35580, 
        "short_term_average": 35580
    }, 
    {
        "date": "2011-10-31", 
        "operating_revenue": 38206, 
        "accumulated_operating_revenue": 73786, 
        "long_term_average": 36893, 
        "short_term_average": 36893
    }, 
    {
        "date": "2011-11-30", 
        "operating_revenue": 35653, 
        "accumulated_operating_revenue": 109439, 
        "long_term_average": 36479, 
        "short_term_average": 36479
    }, 
    {
        "date": "2011-12-31", 
        "operating_revenue": 34601, 
        "accumulated_operating_revenue": 144040, 
        "long_term_average": 36010, 
        "short_term_average": 36153
    }, 
    {
        "date": "2012-01-31", 
        "operating_revenue": 35054, 
        "accumulated_operating_revenue": 35054, 
        "long_term_average": 35818, 
        "short_term_average": 35102
    }, 
    {
        "date": "2012-02-29", 
        "operating_revenue": 36016, 
        "accumulated_operating_revenue": 71070, 
        "long_term_average": 35851, 
        "short_term_average": 35223
    }, 
    {
        "date": "2012-03-31", 
        "operating_revenue": 40200, 
        "accumulated_operating_revenue": 111270, 
        "long_term_average": 36472, 
        "short_term_average": 37090
    }, 
    {
        "date": "2012-04-30", 
        "operating_revenue": 32548, 
        "accumulated_operating_revenue": 143818, 
        "long_term_average": 35982, 
        "short_term_average": 36254
    }, 
    {
        "date": "2012-05-31", 
        "operating_revenue": 39476, 
        "accumulated_operating_revenue": 183294, 
        "long_term_average": 36370, 
        "short_term_average": 37408
    }, 
    {
        "date": "2012-06-30", 
        "operating_revenue": 33226, 
        "accumulated_operating_revenue": 216520, 
        "long_term_average": 36056, 
        "short_term_average": 35083
    }, 
    {
        "date": "2012-07-31", 
        "operating_revenue": 28657, 
        "accumulated_operating_revenue": 245177, 
        "long_term_average": 35383, 
        "short_term_average": 33786
    }, 
    {
        "date": "2012-08-31", 
        "operating_revenue": 71053, 
        "accumulated_operating_revenue": 316230, 
        "long_term_average": 38355, 
        "short_term_average": 44312
    }, 
    {
        "accumulated_operating_revenue_yoy": 964.29173693086, 
        "accumulated_operating_revenue": 378675, 
        "long_term_average": 40594, 
        "date": "2012-09-30", 
        "operating_revenue": 62445, 
        "short_term_average": 54051
    }, 
    {
        "accumulated_operating_revenue_yoy": 461.1010218740683, 
        "accumulated_operating_revenue": 414014, 
        "long_term_average": 40355, 
        "date": "2012-10-31", 
        "operating_revenue": 35339, 
        "short_term_average": 56279
    }, 
    {
        "accumulated_operating_revenue_yoy": 322.9561673626404, 
        "accumulated_operating_revenue": 462879, 
        "long_term_average": 41456, 
        "date": "2012-11-30", 
        "operating_revenue": 48865, 
        "short_term_average": 48883
    }, 
    {
        "accumulated_operating_revenue_yoy": 245.47347958900306, 
        "accumulated_operating_revenue": 497620, 
        "long_term_average": 41468, 
        "date": "2012-12-31", 
        "operating_revenue": 34741, 
        "short_term_average": 39648
    }, 
    {
        "accumulated_operating_revenue_yoy": 33.63952758601015, 
        "accumulated_operating_revenue": 46846, 
        "long_term_average": 42451, 
        "date": "2013-01-31", 
        "operating_revenue": 46846, 
        "short_term_average": 43484
    }, 
    {
        "accumulated_operating_revenue_yoy": -2.401857323765302, 
        "accumulated_operating_revenue": 69363, 
        "long_term_average": 41326, 
        "date": "2013-02-28", 
        "operating_revenue": 22517, 
        "short_term_average": 34701
    }, 
    {
        "accumulated_operating_revenue_yoy": -3.629010514963602, 
        "accumulated_operating_revenue": 107232, 
        "long_term_average": 41131, 
        "date": "2013-03-31", 
        "operating_revenue": 37869, 
        "short_term_average": 35744
    }, 
    {
        "accumulated_operating_revenue_yoy": 2.7493081533604973, 
        "accumulated_operating_revenue": 147772, 
        "long_term_average": 41797, 
        "date": "2013-04-30", 
        "operating_revenue": 40540, 
        "short_term_average": 33642
    }, 
    {
        "accumulated_operating_revenue_yoy": 10.672471548441303, 
        "accumulated_operating_revenue": 202856, 
        "long_term_average": 43098, 
        "date": "2013-05-31", 
        "operating_revenue": 55084, 
        "short_term_average": 44497
    }, 
    {
        "accumulated_operating_revenue_yoy": 10.049418067615001, 
        "accumulated_operating_revenue": 238279, 
        "long_term_average": 43281, 
        "date": "2013-06-30", 
        "operating_revenue": 35423, 
        "short_term_average": 43682
    }, 
    {
        "accumulated_operating_revenue_yoy": 22.090979170150543, 
        "accumulated_operating_revenue": 299339, 
        "long_term_average": 45981, 
        "date": "2013-07-31", 
        "operating_revenue": 61060, 
        "short_term_average": 50522
    }, 
    {
        "accumulated_operating_revenue_yoy": 16.648958036871896, 
        "accumulated_operating_revenue": 368879, 
        "long_term_average": 45855, 
        "date": "2013-08-31", 
        "operating_revenue": 69540, 
        "short_term_average": 55341
    }, 
    {
        "accumulated_operating_revenue_yoy": 8.692150260777712, 
        "accumulated_operating_revenue": 411590, 
        "long_term_average": 44211, 
        "date": "2013-09-30", 
        "operating_revenue": 42711, 
        "short_term_average": 57770
    }, 
    {
        "accumulated_operating_revenue_yoy": 13.001251165419529, 
        "accumulated_operating_revenue": 467841, 
        "long_term_average": 45953, 
        "date": "2013-10-31", 
        "operating_revenue": 56251, 
        "short_term_average": 56167
    }, 
    {
        "accumulated_operating_revenue_yoy": 14.07408847668613, 
        "accumulated_operating_revenue": 528025, 
        "long_term_average": 46897, 
        "date": "2013-11-30", 
        "operating_revenue": 60184, 
        "short_term_average": 53048
    }, 
    {
        "accumulated_operating_revenue_yoy": 17.11044572163498, 
        "accumulated_operating_revenue": 582765, 
        "long_term_average": 48563, 
        "date": "2013-12-31", 
        "operating_revenue": 54740, 
        "short_term_average": 57058
    }, 
    {
        "accumulated_operating_revenue_yoy": -10.16949152542373, 
        "accumulated_operating_revenue": 42082, 
        "long_term_average": 48166, 
        "date": "2014-01-31", 
        "operating_revenue": 42082, 
        "short_term_average": 52335
    }, 
    {
        "accumulated_operating_revenue_yoy": 12.812306272796736, 
        "accumulated_operating_revenue": 78250, 
        "long_term_average": 49304, 
        "date": "2014-02-28", 
        "operating_revenue": 36168, 
        "short_term_average": 44330
    }, 
    {
        "accumulated_operating_revenue_yoy": 17.555393912264996, 
        "accumulated_operating_revenue": 126057, 
        "long_term_average": 50132, 
        "date": "2014-03-31", 
        "operating_revenue": 47807, 
        "short_term_average": 42019
    }, 
    {
        "accumulated_operating_revenue_yoy": 10.465446769347372, 
        "accumulated_operating_revenue": 163237, 
        "long_term_average": 49852, 
        "date": "2014-04-30", 
        "operating_revenue": 37180, 
        "short_term_average": 40385
    }, 
    {
        "accumulated_operating_revenue_yoy": 1.404444532081871, 
        "accumulated_operating_revenue": 205705, 
        "long_term_average": 48801, 
        "date": "2014-05-31", 
        "operating_revenue": 42468, 
        "short_term_average": 42485
    }, 
    {
        "accumulated_operating_revenue_yoy": 17.64234363917928, 
        "accumulated_operating_revenue": 280317, 
        "long_term_average": 52066, 
        "date": "2014-06-30", 
        "operating_revenue": 74612, 
        "short_term_average": 51420
    }, 
    {
        "accumulated_operating_revenue_yoy": 16.30759774035458, 
        "accumulated_operating_revenue": 348154, 
        "long_term_average": 52631, 
        "date": "2014-07-31", 
        "operating_revenue": 67837, 
        "short_term_average": 61639
    }, 
    {
        "accumulated_operating_revenue_yoy": 18.271574147620225, 
        "accumulated_operating_revenue": 436279, 
        "long_term_average": 54180, 
        "date": "2014-08-31", 
        "operating_revenue": 88125, 
        "short_term_average": 76858
    }, 
    {
        "accumulated_operating_revenue_yoy": 24.42406278092276, 
        "accumulated_operating_revenue": 512117, 
        "long_term_average": 56941, 
        "date": "2014-09-30", 
        "operating_revenue": 75838, 
        "short_term_average": 77266
    }, 
    {
        "accumulated_operating_revenue_yoy": 22.299242691427214, 
        "accumulated_operating_revenue": 572166, 
        "long_term_average": 57257, 
        "date": "2014-10-31", 
        "operating_revenue": 60049, 
        "short_term_average": 74670
    }, 
    {
        "accumulated_operating_revenue_yoy": 29.70787368022347, 
        "accumulated_operating_revenue": 684890, 
        "long_term_average": 61635, 
        "date": "2014-11-30", 
        "operating_revenue": 112724, 
        "short_term_average": 82870
    }, 
    {
        "accumulated_operating_revenue_yoy": 34.266471047506286, 
        "accumulated_operating_revenue": 782458, 
        "long_term_average": 65204, 
        "date": "2014-12-31", 
        "operating_revenue": 97568, 
        "short_term_average": 90113
    }, 
    {
        "accumulated_operating_revenue_yoy": 105.60334584858133, 
        "accumulated_operating_revenue": 86522, 
        "long_term_average": 68908, 
        "date": "2015-01-31", 
        "operating_revenue": 86522, 
        "short_term_average": 98938
    }, 
    {
        "accumulated_operating_revenue_yoy": 65.43769968051119, 
        "accumulated_operating_revenue": 129455, 
        "long_term_average": 69471, 
        "date": "2015-02-28", 
        "operating_revenue": 42933, 
        "short_term_average": 75674
    }, 
    {
        "accumulated_operating_revenue_yoy": 68.45633324607122, 
        "accumulated_operating_revenue": 212351, 
        "long_term_average": 72396, 
        "date": "2015-03-31", 
        "operating_revenue": 82896, 
        "short_term_average": 70783
    }, 
    {
        "accumulated_operating_revenue_yoy": 96.20000367563726, 
        "accumulated_operating_revenue": 320271, 
        "long_term_average": 78291, 
        "date": "2015-04-30", 
        "operating_revenue": 107920, 
        "short_term_average": 77916
    }, 
    {
        "accumulated_operating_revenue_yoy": 99.4069176733672, 
        "accumulated_operating_revenue": 410190, 
        "long_term_average": 82245, 
        "date": "2015-05-31", 
        "operating_revenue": 89919, 
        "short_term_average": 93578
    }, 
    {
        "accumulated_operating_revenue_yoy": 68.28198075749955, 
        "accumulated_operating_revenue": 471723, 
        "long_term_average": 81155, 
        "date": "2015-06-30", 
        "operating_revenue": 61533, 
        "short_term_average": 86457
    }, 
    {
        "accumulated_operating_revenue_yoy": 55.33470820384083, 
        "accumulated_operating_revenue": 540804, 
        "long_term_average": 81259, 
        "date": "2015-07-31", 
        "operating_revenue": 69081, 
        "short_term_average": 73511
    }, 
    {
        "accumulated_operating_revenue_yoy": 44.293674460608926, 
        "accumulated_operating_revenue": 629523, 
        "long_term_average": 81308, 
        "date": "2015-08-31", 
        "operating_revenue": 88719, 
        "short_term_average": 73111
    }
]