[
    {
        "date": "2012-01-31", 
        "operating_revenue": 143984, 
        "accumulated_operating_revenue": 143984, 
        "long_term_average": 143984, 
        "short_term_average": 143984
    }, 
    {
        "date": "2012-02-29", 
        "operating_revenue": 140958, 
        "accumulated_operating_revenue": 284942, 
        "long_term_average": 142471, 
        "short_term_average": 142471
    }, 
    {
        "date": "2012-03-31", 
        "operating_revenue": 246172, 
        "accumulated_operating_revenue": 531114, 
        "long_term_average": 177038, 
        "short_term_average": 177038
    }, 
    {
        "date": "2012-04-30", 
        "operating_revenue": 222204, 
        "accumulated_operating_revenue": 753318, 
        "long_term_average": 188329, 
        "short_term_average": 203111
    }, 
    {
        "date": "2012-05-31", 
        "operating_revenue": 218167, 
        "accumulated_operating_revenue": 971485, 
        "long_term_average": 194297, 
        "short_term_average": 228847
    }, 
    {
        "date": "2012-06-30", 
        "operating_revenue": 158434, 
        "accumulated_operating_revenue": 1129919, 
        "long_term_average": 188319, 
        "short_term_average": 199601
    }, 
    {
        "date": "2012-07-31", 
        "operating_revenue": 208038, 
        "accumulated_operating_revenue": 1337957, 
        "long_term_average": 191136, 
        "short_term_average": 194879
    }, 
    {
        "date": "2012-08-31", 
        "operating_revenue": 219253, 
        "accumulated_operating_revenue": 1557210, 
        "long_term_average": 194651, 
        "short_term_average": 195241
    }, 
    {
        "date": "2012-09-30", 
        "operating_revenue": 215453, 
        "accumulated_operating_revenue": 1772663, 
        "long_term_average": 196962, 
        "short_term_average": 214248
    }, 
    {
        "date": "2012-10-31", 
        "operating_revenue": 192082, 
        "accumulated_operating_revenue": 1964745, 
        "long_term_average": 196474, 
        "short_term_average": 208929
    }, 
    {
        "date": "2012-11-30", 
        "operating_revenue": 192369, 
        "accumulated_operating_revenue": 2157114, 
        "long_term_average": 196101, 
        "short_term_average": 199968
    }, 
    {
        "date": "2012-12-31", 
        "operating_revenue": 259569, 
        "accumulated_operating_revenue": 2416683, 
        "long_term_average": 201390, 
        "short_term_average": 214673
    }, 
    {
        "accumulated_operating_revenue_yoy": 47.83170352261362, 
        "accumulated_operating_revenue": 212854, 
        "long_term_average": 207129, 
        "date": "2013-01-31", 
        "operating_revenue": 212854, 
        "short_term_average": 221597
    }, 
    {
        "accumulated_operating_revenue_yoy": 24.793817689213945, 
        "accumulated_operating_revenue": 355590, 
        "long_term_average": 207277, 
        "date": "2013-02-28", 
        "operating_revenue": 142736, 
        "short_term_average": 205053
    }, 
    {
        "accumulated_operating_revenue_yoy": -0.17001999570713633, 
        "accumulated_operating_revenue": 530211, 
        "long_term_average": 201315, 
        "date": "2013-03-31", 
        "operating_revenue": 174621, 
        "short_term_average": 176737
    }, 
    {
        "accumulated_operating_revenue_yoy": -7.579136566496486, 
        "accumulated_operating_revenue": 696223, 
        "long_term_average": 196632, 
        "date": "2013-04-30", 
        "operating_revenue": 166012, 
        "short_term_average": 161123
    }, 
    {
        "accumulated_operating_revenue_yoy": -7.644585351292093, 
        "accumulated_operating_revenue": 897219, 
        "long_term_average": 195201, 
        "date": "2013-05-31", 
        "operating_revenue": 200996, 
        "short_term_average": 180543
    }, 
    {
        "accumulated_operating_revenue_yoy": -0.5020713874180361, 
        "accumulated_operating_revenue": 1124246, 
        "long_term_average": 200917, 
        "date": "2013-06-30", 
        "operating_revenue": 227027, 
        "short_term_average": 198011
    }, 
    {
        "accumulated_operating_revenue_yoy": -1.1410680612306674, 
        "accumulated_operating_revenue": 1322690, 
        "long_term_average": 200118, 
        "date": "2013-07-31", 
        "operating_revenue": 198444, 
        "short_term_average": 208822
    }, 
    {
        "accumulated_operating_revenue_yoy": -1.7823543388496095, 
        "accumulated_operating_revenue": 1529455, 
        "long_term_average": 199077, 
        "date": "2013-08-31", 
        "operating_revenue": 206765, 
        "short_term_average": 210745
    }, 
    {
        "accumulated_operating_revenue_yoy": -2.8639961459115466, 
        "accumulated_operating_revenue": 1721894, 
        "long_term_average": 197159, 
        "date": "2013-09-30", 
        "operating_revenue": 192439, 
        "short_term_average": 199216
    }, 
    {
        "accumulated_operating_revenue_yoy": -2.918852064771764, 
        "accumulated_operating_revenue": 1907397, 
        "long_term_average": 196611, 
        "date": "2013-10-31", 
        "operating_revenue": 185503, 
        "short_term_average": 194902
    }, 
    {
        "accumulated_operating_revenue_yoy": -0.6576842948495073, 
        "accumulated_operating_revenue": 2142927, 
        "long_term_average": 200208, 
        "date": "2013-11-30", 
        "operating_revenue": 235530, 
        "short_term_average": 204490
    }, 
    {
        "accumulated_operating_revenue_yoy": -4.478990417857866, 
        "accumulated_operating_revenue": 2308440, 
        "long_term_average": 192370, 
        "date": "2013-12-31", 
        "operating_revenue": 165513, 
        "short_term_average": 195515
    }, 
    {
        "accumulated_operating_revenue_yoy": 11.414866528230618, 
        "accumulated_operating_revenue": 237151, 
        "long_term_average": 194394, 
        "date": "2014-01-31", 
        "operating_revenue": 237151, 
        "short_term_average": 212731
    }, 
    {
        "accumulated_operating_revenue_yoy": 16.855085913552127, 
        "accumulated_operating_revenue": 415525, 
        "long_term_average": 197364, 
        "date": "2014-02-28", 
        "operating_revenue": 178374, 
        "short_term_average": 193679
    }, 
    {
        "accumulated_operating_revenue_yoy": 10.145772154859104, 
        "accumulated_operating_revenue": 584005, 
        "long_term_average": 196852, 
        "date": "2014-03-31", 
        "operating_revenue": 168480, 
        "short_term_average": 194668
    }, 
    {
        "accumulated_operating_revenue_yoy": 14.088158535411784, 
        "accumulated_operating_revenue": 794308, 
        "long_term_average": 200543, 
        "date": "2014-04-30", 
        "operating_revenue": 210303, 
        "short_term_average": 185719
    }, 
    {
        "accumulated_operating_revenue_yoy": 14.034366191531833, 
        "accumulated_operating_revenue": 1023138, 
        "long_term_average": 202863, 
        "date": "2014-05-31", 
        "operating_revenue": 228830, 
        "short_term_average": 202537
    }, 
    {
        "accumulated_operating_revenue_yoy": 5.073088985862525, 
        "accumulated_operating_revenue": 1181280, 
        "long_term_average": 197122, 
        "date": "2014-06-30", 
        "operating_revenue": 158142, 
        "short_term_average": 199091
    }, 
    {
        "accumulated_operating_revenue_yoy": 8.39448396827677, 
        "accumulated_operating_revenue": 1433723, 
        "long_term_average": 201622, 
        "date": "2014-07-31", 
        "operating_revenue": 252443, 
        "short_term_average": 213138
    }, 
    {
        "accumulated_operating_revenue_yoy": 7.719874072790635, 
        "accumulated_operating_revenue": 1647527, 
        "long_term_average": 202209, 
        "date": "2014-08-31", 
        "operating_revenue": 213804, 
        "short_term_average": 208129
    }, 
    {
        "accumulated_operating_revenue_yoy": 7.630725236280514, 
        "accumulated_operating_revenue": 1853287, 
        "long_term_average": 203319, 
        "date": "2014-09-30", 
        "operating_revenue": 205760, 
        "short_term_average": 224002
    }, 
    {
        "accumulated_operating_revenue_yoy": 7.77032783421595, 
        "accumulated_operating_revenue": 2055608, 
        "long_term_average": 204720, 
        "date": "2014-10-31", 
        "operating_revenue": 202321, 
        "short_term_average": 207295
    }, 
    {
        "accumulated_operating_revenue_yoy": 4.797503601382594, 
        "accumulated_operating_revenue": 2245734, 
        "long_term_average": 200937, 
        "date": "2014-11-30", 
        "operating_revenue": 190126, 
        "short_term_average": 199402
    }, 
    {
        "accumulated_operating_revenue_yoy": 9.720850444455996, 
        "accumulated_operating_revenue": 2532840, 
        "long_term_average": 211070, 
        "date": "2014-12-31", 
        "operating_revenue": 287106, 
        "short_term_average": 226517
    }, 
    {
        "accumulated_operating_revenue_yoy": -29.808434288702134, 
        "accumulated_operating_revenue": 166460, 
        "long_term_average": 205179, 
        "date": "2015-01-31", 
        "operating_revenue": 166460, 
        "short_term_average": 214564
    }, 
    {
        "accumulated_operating_revenue_yoy": -19.297274532218278, 
        "accumulated_operating_revenue": 335340, 
        "long_term_average": 204387, 
        "date": "2015-02-28", 
        "operating_revenue": 168880, 
        "short_term_average": 207482
    }, 
    {
        "accumulated_operating_revenue_yoy": -8.164827355930173, 
        "accumulated_operating_revenue": 536322, 
        "long_term_average": 207096, 
        "date": "2015-03-31", 
        "operating_revenue": 200982, 
        "short_term_average": 178774
    }, 
    {
        "accumulated_operating_revenue_yoy": -3.9834673703399686, 
        "accumulated_operating_revenue": 762667, 
        "long_term_average": 208433, 
        "date": "2015-04-30", 
        "operating_revenue": 226345, 
        "short_term_average": 198735
    }, 
    {
        "accumulated_operating_revenue_yoy": -5.367604370084974, 
        "accumulated_operating_revenue": 968220, 
        "long_term_average": 206493, 
        "date": "2015-05-31", 
        "operating_revenue": 205553, 
        "short_term_average": 210960
    }, 
    {
        "accumulated_operating_revenue_yoy": 0.884548963835839, 
        "accumulated_operating_revenue": 1191729, 
        "long_term_average": 211940, 
        "date": "2015-06-30", 
        "operating_revenue": 223509, 
        "short_term_average": 218469
    }, 
    {
        "accumulated_operating_revenue_yoy": -1.409128541566258, 
        "accumulated_operating_revenue": 1413520, 
        "long_term_average": 209386, 
        "date": "2015-07-31", 
        "operating_revenue": 221791, 
        "short_term_average": 216951
    }, 
    {
        "accumulated_operating_revenue_yoy": 3.5434320651497666, 
        "accumulated_operating_revenue": 1705906, 
        "long_term_average": 215934, 
        "date": "2015-08-31", 
        "operating_revenue": 292386, 
        "short_term_average": 245895
    }, 
    {
        "accumulated_operating_revenue_yoy": 5.096836053994875, 
        "accumulated_operating_revenue": 1947746, 
        "long_term_average": 218941, 
        "date": "2015-09-30", 
        "operating_revenue": 241840, 
        "short_term_average": 252005
    }, 
    {
        "accumulated_operating_revenue_yoy": 6.046240333760133, 
        "accumulated_operating_revenue": 2179895, 
        "long_term_average": 221427, 
        "date": "2015-10-31", 
        "operating_revenue": 232149, 
        "short_term_average": 255458
    }
]