[
    {
        "date": "2012-01-31", 
        "operating_revenue": 110553, 
        "accumulated_operating_revenue": 110553, 
        "long_term_average": 110553, 
        "short_term_average": 110553
    }, 
    {
        "date": "2012-02-29", 
        "operating_revenue": 89951, 
        "accumulated_operating_revenue": 200504, 
        "long_term_average": 100252, 
        "short_term_average": 100252
    }, 
    {
        "date": "2012-03-31", 
        "operating_revenue": 124898, 
        "accumulated_operating_revenue": 325402, 
        "long_term_average": 108467, 
        "short_term_average": 108467
    }, 
    {
        "date": "2012-04-30", 
        "operating_revenue": 122898, 
        "accumulated_operating_revenue": 448300, 
        "long_term_average": 112075, 
        "short_term_average": 112582
    }, 
    {
        "date": "2012-05-31", 
        "operating_revenue": 119984, 
        "accumulated_operating_revenue": 568284, 
        "long_term_average": 113656, 
        "short_term_average": 122593
    }, 
    {
        "date": "2012-06-30", 
        "operating_revenue": 137861, 
        "accumulated_operating_revenue": 706145, 
        "long_term_average": 117690, 
        "short_term_average": 126914
    }, 
    {
        "date": "2012-07-31", 
        "operating_revenue": 134922, 
        "accumulated_operating_revenue": 841067, 
        "long_term_average": 120152, 
        "short_term_average": 130922
    }, 
    {
        "date": "2012-08-31", 
        "operating_revenue": 132115, 
        "accumulated_operating_revenue": 973182, 
        "long_term_average": 121647, 
        "short_term_average": 134966
    }, 
    {
        "date": "2012-09-30", 
        "operating_revenue": 123050, 
        "accumulated_operating_revenue": 1096232, 
        "long_term_average": 121803, 
        "short_term_average": 130029
    }, 
    {
        "date": "2012-10-31", 
        "operating_revenue": 114927, 
        "accumulated_operating_revenue": 1211159, 
        "long_term_average": 121115, 
        "short_term_average": 123364
    }, 
    {
        "date": "2012-11-30", 
        "operating_revenue": 110491, 
        "accumulated_operating_revenue": 1321650, 
        "long_term_average": 120150, 
        "short_term_average": 116156
    }, 
    {
        "date": "2012-12-31", 
        "operating_revenue": 113371, 
        "accumulated_operating_revenue": 1435021, 
        "long_term_average": 119585, 
        "short_term_average": 112929
    }, 
    {
        "accumulated_operating_revenue_yoy": 3.875968992248062, 
        "accumulated_operating_revenue": 114838, 
        "long_term_average": 119942, 
        "date": "2013-01-31", 
        "operating_revenue": 114838, 
        "short_term_average": 112900
    }, 
    {
        "accumulated_operating_revenue_yoy": 4.104157523041934, 
        "accumulated_operating_revenue": 208733, 
        "long_term_average": 120270, 
        "date": "2013-02-28", 
        "operating_revenue": 93895, 
        "short_term_average": 107368
    }, 
    {
        "accumulated_operating_revenue_yoy": 8.420046588527422, 
        "accumulated_operating_revenue": 352801, 
        "long_term_average": 121868, 
        "date": "2013-03-31", 
        "operating_revenue": 144068, 
        "short_term_average": 117600
    }, 
    {
        "accumulated_operating_revenue_yoy": 8.314298460852108, 
        "accumulated_operating_revenue": 485573, 
        "long_term_average": 122691, 
        "date": "2013-04-30", 
        "operating_revenue": 132772, 
        "short_term_average": 123578
    }, 
    {
        "accumulated_operating_revenue_yoy": 11.636963208536578, 
        "accumulated_operating_revenue": 634415, 
        "long_term_average": 125096, 
        "date": "2013-05-31", 
        "operating_revenue": 148842, 
        "short_term_average": 141894
    }, 
    {
        "accumulated_operating_revenue_yoy": 9.951922055668454, 
        "accumulated_operating_revenue": 776420, 
        "long_term_average": 125441, 
        "date": "2013-06-30", 
        "operating_revenue": 142005, 
        "short_term_average": 141206
    }, 
    {
        "accumulated_operating_revenue_yoy": 9.426359612254434, 
        "accumulated_operating_revenue": 920349, 
        "long_term_average": 126191, 
        "date": "2013-07-31", 
        "operating_revenue": 143929, 
        "short_term_average": 144925
    }, 
    {
        "accumulated_operating_revenue_yoy": 7.307780045253612, 
        "accumulated_operating_revenue": 1044300, 
        "long_term_average": 125511, 
        "date": "2013-08-31", 
        "operating_revenue": 123951, 
        "short_term_average": 136628
    }, 
    {
        "accumulated_operating_revenue_yoy": 7.125042874136132, 
        "accumulated_operating_revenue": 1174339, 
        "long_term_average": 126094, 
        "date": "2013-09-30", 
        "operating_revenue": 130039, 
        "short_term_average": 132639
    }, 
    {
        "accumulated_operating_revenue_yoy": 7.571425386757642, 
        "accumulated_operating_revenue": 1302861, 
        "long_term_average": 127226, 
        "date": "2013-10-31", 
        "operating_revenue": 128522, 
        "short_term_average": 127504
    }, 
    {
        "accumulated_operating_revenue_yoy": 7.397571217795937, 
        "accumulated_operating_revenue": 1419420, 
        "long_term_average": 127732, 
        "date": "2013-11-30", 
        "operating_revenue": 116559, 
        "short_term_average": 125040
    }, 
    {
        "accumulated_operating_revenue_yoy": 8.771578952503134, 
        "accumulated_operating_revenue": 1560895, 
        "long_term_average": 130074, 
        "date": "2013-12-31", 
        "operating_revenue": 141475, 
        "short_term_average": 128852
    }, 
    {
        "accumulated_operating_revenue_yoy": 2.753443981957192, 
        "accumulated_operating_revenue": 118000, 
        "long_term_average": 130338, 
        "date": "2014-01-31", 
        "operating_revenue": 118000, 
        "short_term_average": 125344
    }, 
    {
        "accumulated_operating_revenue_yoy": 3.4484245423579405, 
        "accumulated_operating_revenue": 215931, 
        "long_term_average": 130674, 
        "date": "2014-02-28", 
        "operating_revenue": 97931, 
        "short_term_average": 119135
    }, 
    {
        "accumulated_operating_revenue_yoy": -6.957179826587794, 
        "accumulated_operating_revenue": 328256, 
        "long_term_average": 128029, 
        "date": "2014-03-31", 
        "operating_revenue": 112325, 
        "short_term_average": 109418
    }, 
    {
        "accumulated_operating_revenue_yoy": -10.116707477557442, 
        "accumulated_operating_revenue": 436449, 
        "long_term_average": 125980, 
        "date": "2014-04-30", 
        "operating_revenue": 108193, 
        "short_term_average": 106149
    }, 
    {
        "accumulated_operating_revenue_yoy": -14.045380389807931, 
        "accumulated_operating_revenue": 545309, 
        "long_term_average": 122649, 
        "date": "2014-05-31", 
        "operating_revenue": 108860, 
        "short_term_average": 109792
    }, 
    {
        "accumulated_operating_revenue_yoy": -13.150614358208188, 
        "accumulated_operating_revenue": 674316, 
        "long_term_average": 121565, 
        "date": "2014-06-30", 
        "operating_revenue": 129007, 
        "short_term_average": 115353
    }, 
    {
        "accumulated_operating_revenue_yoy": -13.693827015621249, 
        "accumulated_operating_revenue": 794318, 
        "long_term_average": 119572, 
        "date": "2014-07-31", 
        "operating_revenue": 120002, 
        "short_term_average": 119289
    }, 
    {
        "accumulated_operating_revenue_yoy": -11.938331896964474, 
        "accumulated_operating_revenue": 919628, 
        "long_term_average": 119685, 
        "date": "2014-08-31", 
        "operating_revenue": 125310, 
        "short_term_average": 124773
    }, 
    {
        "accumulated_operating_revenue_yoy": -9.757403952351067, 
        "accumulated_operating_revenue": 1059754, 
        "long_term_average": 120525, 
        "date": "2014-09-30", 
        "operating_revenue": 140126, 
        "short_term_average": 128479
    }, 
    {
        "accumulated_operating_revenue_yoy": -7.422280657721737, 
        "accumulated_operating_revenue": 1206159, 
        "long_term_average": 122016, 
        "date": "2014-10-31", 
        "operating_revenue": 146405, 
        "short_term_average": 137280
    }, 
    {
        "accumulated_operating_revenue_yoy": -5.418973947105156, 
        "accumulated_operating_revenue": 1342502, 
        "long_term_average": 123664, 
        "date": "2014-11-30", 
        "operating_revenue": 136343, 
        "short_term_average": 140958
    }, 
    {
        "accumulated_operating_revenue_yoy": -2.320783909231563, 
        "accumulated_operating_revenue": 1524670, 
        "long_term_average": 127055, 
        "date": "2014-12-31", 
        "operating_revenue": 182168, 
        "short_term_average": 154972
    }, 
    {
        "accumulated_operating_revenue_yoy": 5.950847457627119, 
        "accumulated_operating_revenue": 125022, 
        "long_term_average": 127641, 
        "date": "2015-01-31", 
        "operating_revenue": 125022, 
        "short_term_average": 147844
    }, 
    {
        "accumulated_operating_revenue_yoy": 3.7544400757649434, 
        "accumulated_operating_revenue": 224038, 
        "long_term_average": 127731, 
        "date": "2015-02-28", 
        "operating_revenue": 99016, 
        "short_term_average": 135402
    }, 
    {
        "accumulated_operating_revenue_yoy": 13.974763599142134, 
        "accumulated_operating_revenue": 374129, 
        "long_term_average": 130878, 
        "date": "2015-03-31", 
        "operating_revenue": 150091, 
        "short_term_average": 124709
    }, 
    {
        "accumulated_operating_revenue_yoy": 11.509706746950961, 
        "accumulated_operating_revenue": 486683, 
        "long_term_average": 131242, 
        "date": "2015-04-30", 
        "operating_revenue": 112554, 
        "short_term_average": 120553
    }, 
    {
        "accumulated_operating_revenue_yoy": 14.782627831192958, 
        "accumulated_operating_revenue": 625920, 
        "long_term_average": 133773, 
        "date": "2015-05-31", 
        "operating_revenue": 139237, 
        "short_term_average": 133960
    }, 
    {
        "accumulated_operating_revenue_yoy": 9.867925423688598, 
        "accumulated_operating_revenue": 740857, 
        "long_term_average": 132600, 
        "date": "2015-06-30", 
        "operating_revenue": 114937, 
        "short_term_average": 122242
    }, 
    {
        "accumulated_operating_revenue_yoy": 11.88163934343676, 
        "accumulated_operating_revenue": 888696, 
        "long_term_average": 134920, 
        "date": "2015-07-31", 
        "operating_revenue": 147839, 
        "short_term_average": 134004
    }, 
    {
        "accumulated_operating_revenue_yoy": 11.121453457267503, 
        "accumulated_operating_revenue": 1021904, 
        "long_term_average": 135578, 
        "date": "2015-08-31", 
        "operating_revenue": 133208, 
        "short_term_average": 131994
    }, 
    {
        "accumulated_operating_revenue_yoy": 10.311827084398832, 
        "accumulated_operating_revenue": 1169034, 
        "long_term_average": 136162, 
        "date": "2015-09-30", 
        "operating_revenue": 147130, 
        "short_term_average": 142725
    }
]