[
    {
        "date": "2011-09-30", 
        "operating_revenue": 288995, 
        "accumulated_operating_revenue": 288995, 
        "long_term_average": 288995, 
        "short_term_average": 288995
    }, 
    {
        "date": "2011-10-31", 
        "operating_revenue": 238913, 
        "accumulated_operating_revenue": 527908, 
        "long_term_average": 263954, 
        "short_term_average": 263954
    }, 
    {
        "date": "2011-11-30", 
        "operating_revenue": 196708, 
        "accumulated_operating_revenue": 724616, 
        "long_term_average": 241538, 
        "short_term_average": 241538
    }, 
    {
        "date": "2011-12-31", 
        "operating_revenue": 189937, 
        "accumulated_operating_revenue": 914553, 
        "long_term_average": 228638, 
        "short_term_average": 208519
    }, 
    {
        "date": "2012-01-31", 
        "operating_revenue": 234698, 
        "accumulated_operating_revenue": 234698, 
        "long_term_average": 229850, 
        "short_term_average": 207114
    }, 
    {
        "date": "2012-02-29", 
        "operating_revenue": 263037, 
        "accumulated_operating_revenue": 497735, 
        "long_term_average": 235381, 
        "short_term_average": 229224
    }, 
    {
        "date": "2012-03-31", 
        "operating_revenue": 201991, 
        "accumulated_operating_revenue": 699726, 
        "long_term_average": 230611, 
        "short_term_average": 233242
    }, 
    {
        "date": "2012-04-30", 
        "operating_revenue": 224003, 
        "accumulated_operating_revenue": 923729, 
        "long_term_average": 229785, 
        "short_term_average": 229677
    }, 
    {
        "date": "2012-05-31", 
        "operating_revenue": 208871, 
        "accumulated_operating_revenue": 1132600, 
        "long_term_average": 227461, 
        "short_term_average": 211621
    }, 
    {
        "date": "2012-06-30", 
        "operating_revenue": 218349, 
        "accumulated_operating_revenue": 1350949, 
        "long_term_average": 226550, 
        "short_term_average": 217074
    }, 
    {
        "date": "2012-07-31", 
        "operating_revenue": 207882, 
        "accumulated_operating_revenue": 1558831, 
        "long_term_average": 224853, 
        "short_term_average": 211700
    }, 
    {
        "date": "2012-08-31", 
        "operating_revenue": 241742, 
        "accumulated_operating_revenue": 1800573, 
        "long_term_average": 226260, 
        "short_term_average": 222657
    }, 
    {
        "accumulated_operating_revenue_yoy": 596.8210522673403, 
        "accumulated_operating_revenue": 2013778, 
        "long_term_average": 219944, 
        "date": "2012-09-30", 
        "operating_revenue": 213205, 
        "short_term_average": 220943
    }, 
    {
        "accumulated_operating_revenue_yoy": 320.3812027853338, 
        "accumulated_operating_revenue": 2219226, 
        "long_term_average": 217155, 
        "date": "2012-10-31", 
        "operating_revenue": 205448, 
        "short_term_average": 220131
    }, 
    {
        "accumulated_operating_revenue_yoy": 230.6988805105049, 
        "accumulated_operating_revenue": 2396297, 
        "long_term_average": 215519, 
        "date": "2012-11-30", 
        "operating_revenue": 177071, 
        "short_term_average": 198574
    }, 
    {
        "accumulated_operating_revenue_yoy": 180.96600197036148, 
        "accumulated_operating_revenue": 2569583, 
        "long_term_average": 214131, 
        "date": "2012-12-31", 
        "operating_revenue": 173286, 
        "short_term_average": 185268
    }, 
    {
        "accumulated_operating_revenue_yoy": -10.722716000988504, 
        "accumulated_operating_revenue": 209532, 
        "long_term_average": 212034, 
        "date": "2013-01-31", 
        "operating_revenue": 209532, 
        "short_term_average": 186629
    }, 
    {
        "accumulated_operating_revenue_yoy": -16.69241664741278, 
        "accumulated_operating_revenue": 414651, 
        "long_term_average": 207208, 
        "date": "2013-02-28", 
        "operating_revenue": 205119, 
        "short_term_average": 195979
    }, 
    {
        "accumulated_operating_revenue_yoy": -7.465922375329772, 
        "accumulated_operating_revenue": 647485, 
        "long_term_average": 209778, 
        "date": "2013-03-31", 
        "operating_revenue": 232834, 
        "short_term_average": 215828
    }, 
    {
        "accumulated_operating_revenue_yoy": -7.915091980440151, 
        "accumulated_operating_revenue": 850615, 
        "long_term_average": 208039, 
        "date": "2013-04-30", 
        "operating_revenue": 203130, 
        "short_term_average": 213694
    }, 
    {
        "accumulated_operating_revenue_yoy": -6.651951262581671, 
        "accumulated_operating_revenue": 1057260, 
        "long_term_average": 207853, 
        "date": "2013-05-31", 
        "operating_revenue": 206645, 
        "short_term_average": 214203
    }, 
    {
        "accumulated_operating_revenue_yoy": -9.80066605030982, 
        "accumulated_operating_revenue": 1218547, 
        "long_term_average": 203098, 
        "date": "2013-06-30", 
        "operating_revenue": 161287, 
        "short_term_average": 190354
    }, 
    {
        "accumulated_operating_revenue_yoy": -8.763682528766749, 
        "accumulated_operating_revenue": 1422220, 
        "long_term_average": 202747, 
        "date": "2013-07-31", 
        "operating_revenue": 203673, 
        "short_term_average": 190535
    }, 
    {
        "accumulated_operating_revenue_yoy": -6.958007256578878, 
        "accumulated_operating_revenue": 1675289, 
        "long_term_average": 203691, 
        "date": "2013-08-31", 
        "operating_revenue": 253069, 
        "short_term_average": 206009
    }, 
    {
        "accumulated_operating_revenue_yoy": -6.557078287676199, 
        "accumulated_operating_revenue": 1881733, 
        "long_term_average": 203128, 
        "date": "2013-09-30", 
        "operating_revenue": 206444, 
        "short_term_average": 221062
    }, 
    {
        "accumulated_operating_revenue_yoy": -6.208786306577158, 
        "accumulated_operating_revenue": 2081439, 
        "long_term_average": 202649, 
        "date": "2013-10-31", 
        "operating_revenue": 199706, 
        "short_term_average": 219739
    }, 
    {
        "accumulated_operating_revenue_yoy": -6.31712179249901, 
        "accumulated_operating_revenue": 2244920, 
        "long_term_average": 201517, 
        "date": "2013-11-30", 
        "operating_revenue": 163481, 
        "short_term_average": 189877
    }, 
    {
        "accumulated_operating_revenue_yoy": -6.565578928565452, 
        "accumulated_operating_revenue": 2400875, 
        "long_term_average": 200072, 
        "date": "2013-12-31", 
        "operating_revenue": 155955, 
        "short_term_average": 173047
    }, 
    {
        "accumulated_operating_revenue_yoy": 8.553347460053834, 
        "accumulated_operating_revenue": 227454, 
        "long_term_average": 201566, 
        "date": "2014-01-31", 
        "operating_revenue": 227454, 
        "short_term_average": 182296
    }, 
    {
        "accumulated_operating_revenue_yoy": 1.3609035068045177, 
        "accumulated_operating_revenue": 420294, 
        "long_term_average": 200543, 
        "date": "2014-02-28", 
        "operating_revenue": 192840, 
        "short_term_average": 192083
    }, 
    {
        "accumulated_operating_revenue_yoy": 1.8659891734943665, 
        "accumulated_operating_revenue": 659567, 
        "long_term_average": 201079, 
        "date": "2014-03-31", 
        "operating_revenue": 239273, 
        "short_term_average": 219855
    }, 
    {
        "accumulated_operating_revenue_yoy": 5.481445777466892, 
        "accumulated_operating_revenue": 897241, 
        "long_term_average": 203958, 
        "date": "2014-04-30", 
        "operating_revenue": 237674, 
        "short_term_average": 223262
    }, 
    {
        "accumulated_operating_revenue_yoy": 6.243402758072754, 
        "accumulated_operating_revenue": 1123269, 
        "long_term_average": 205573, 
        "date": "2014-05-31", 
        "operating_revenue": 226028, 
        "short_term_average": 234325
    }, 
    {
        "accumulated_operating_revenue_yoy": 8.335172955987746, 
        "accumulated_operating_revenue": 1320115, 
        "long_term_average": 208536, 
        "date": "2014-06-30", 
        "operating_revenue": 196846, 
        "short_term_average": 220182
    }, 
    {
        "accumulated_operating_revenue_yoy": 11.413142833035677, 
        "accumulated_operating_revenue": 1584540, 
        "long_term_average": 213599, 
        "date": "2014-07-31", 
        "operating_revenue": 264425, 
        "short_term_average": 229099
    }, 
    {
        "accumulated_operating_revenue_yoy": 10.26354258877125, 
        "accumulated_operating_revenue": 1847233, 
        "long_term_average": 214401, 
        "date": "2014-08-31", 
        "operating_revenue": 262693, 
        "short_term_average": 241321
    }, 
    {
        "accumulated_operating_revenue_yoy": 14.423991076311038, 
        "accumulated_operating_revenue": 2153154, 
        "long_term_average": 222691, 
        "date": "2014-09-30", 
        "operating_revenue": 305921, 
        "short_term_average": 277679
    }, 
    {
        "accumulated_operating_revenue_yoy": 16.765996985739193, 
        "accumulated_operating_revenue": 2430413, 
        "long_term_average": 229154, 
        "date": "2014-10-31", 
        "operating_revenue": 277259, 
        "short_term_average": 281957
    }, 
    {
        "accumulated_operating_revenue_yoy": 19.349999109099656, 
        "accumulated_operating_revenue": 2679312, 
        "long_term_average": 236272, 
        "date": "2014-11-30", 
        "operating_revenue": 248899, 
        "short_term_average": 277359
    }, 
    {
        "accumulated_operating_revenue_yoy": 23.136689748529182, 
        "accumulated_operating_revenue": 2956358, 
        "long_term_average": 246363, 
        "date": "2014-12-31", 
        "operating_revenue": 277046, 
        "short_term_average": 267734
    }, 
    {
        "accumulated_operating_revenue_yoy": 36.219191572801535, 
        "accumulated_operating_revenue": 309836, 
        "long_term_average": 253228, 
        "date": "2015-01-31", 
        "operating_revenue": 309836, 
        "short_term_average": 278593
    }, 
    {
        "accumulated_operating_revenue_yoy": 41.258500002379286, 
        "accumulated_operating_revenue": 593701, 
        "long_term_average": 260813, 
        "date": "2015-02-28", 
        "operating_revenue": 283865, 
        "short_term_average": 290249
    }, 
    {
        "accumulated_operating_revenue_yoy": 43.83694150859579, 
        "accumulated_operating_revenue": 948701, 
        "long_term_average": 270457, 
        "date": "2015-03-31", 
        "operating_revenue": 355000, 
        "short_term_average": 316233
    }, 
    {
        "accumulated_operating_revenue_yoy": 42.95077911062914, 
        "accumulated_operating_revenue": 1282613, 
        "long_term_average": 278477, 
        "date": "2015-04-30", 
        "operating_revenue": 333912, 
        "short_term_average": 324259
    }, 
    {
        "accumulated_operating_revenue_yoy": 42.93780029538784, 
        "accumulated_operating_revenue": 1605576, 
        "long_term_average": 286555, 
        "date": "2015-05-31", 
        "operating_revenue": 322963, 
        "short_term_average": 337291
    }, 
    {
        "accumulated_operating_revenue_yoy": 45.71942595910205, 
        "accumulated_operating_revenue": 1923664, 
        "long_term_average": 296658, 
        "date": "2015-06-30", 
        "operating_revenue": 318088, 
        "short_term_average": 324987
    }, 
    {
        "accumulated_operating_revenue_yoy": 40.73838464159946, 
        "accumulated_operating_revenue": 2230056, 
        "long_term_average": 300156, 
        "date": "2015-07-31", 
        "operating_revenue": 306392, 
        "short_term_average": 315814
    }, 
    {
        "accumulated_operating_revenue_yoy": 38.643148969296234, 
        "accumulated_operating_revenue": 2561062, 
        "long_term_average": 305848, 
        "date": "2015-08-31", 
        "operating_revenue": 331006, 
        "short_term_average": 318495
    }, 
    {
        "accumulated_operating_revenue_yoy": 34.299125840511174, 
        "accumulated_operating_revenue": 2891667, 
        "long_term_average": 307905, 
        "date": "2015-09-30", 
        "operating_revenue": 330605, 
        "short_term_average": 322667
    }
]