[
    {
        "date": "2012-03-31", 
        "operating_revenue": 2, 
        "accumulated_operating_revenue": 2, 
        "long_term_average": 2, 
        "short_term_average": 2
    }, 
    {
        "date": "2012-04-30", 
        "operating_revenue": 576, 
        "accumulated_operating_revenue": 578, 
        "long_term_average": 289, 
        "short_term_average": 289
    }, 
    {
        "date": "2012-05-31", 
        "operating_revenue": 693, 
        "accumulated_operating_revenue": 1271, 
        "long_term_average": 423, 
        "short_term_average": 423
    }, 
    {
        "date": "2012-06-30", 
        "operating_revenue": 1474, 
        "accumulated_operating_revenue": 2745, 
        "long_term_average": 686, 
        "short_term_average": 914
    }, 
    {
        "date": "2012-07-31", 
        "operating_revenue": 1274, 
        "accumulated_operating_revenue": 4019, 
        "long_term_average": 803, 
        "short_term_average": 1147
    }, 
    {
        "date": "2012-08-31", 
        "operating_revenue": 804, 
        "accumulated_operating_revenue": 4823, 
        "long_term_average": 803, 
        "short_term_average": 1184
    }, 
    {
        "date": "2012-09-30", 
        "operating_revenue": 653, 
        "accumulated_operating_revenue": 5476, 
        "long_term_average": 782, 
        "short_term_average": 910
    }, 
    {
        "date": "2012-10-31", 
        "operating_revenue": 447, 
        "accumulated_operating_revenue": 5923, 
        "long_term_average": 740, 
        "short_term_average": 634
    }, 
    {
        "date": "2012-11-30", 
        "operating_revenue": 1616, 
        "accumulated_operating_revenue": 7539, 
        "long_term_average": 837, 
        "short_term_average": 905
    }, 
    {
        "date": "2012-12-31", 
        "operating_revenue": 1038, 
        "accumulated_operating_revenue": 8577, 
        "long_term_average": 857, 
        "short_term_average": 1033
    }, 
    {
        "date": "2013-01-31", 
        "operating_revenue": 553, 
        "accumulated_operating_revenue": 553, 
        "long_term_average": 830, 
        "short_term_average": 1069
    }, 
    {
        "date": "2013-02-28", 
        "operating_revenue": 418, 
        "accumulated_operating_revenue": 971, 
        "long_term_average": 795, 
        "short_term_average": 669
    }, 
    {
        "accumulated_operating_revenue_yoy": 71150.0, 
        "accumulated_operating_revenue": 1425, 
        "long_term_average": 833, 
        "date": "2013-03-31", 
        "operating_revenue": 454, 
        "short_term_average": 475
    }, 
    {
        "accumulated_operating_revenue_yoy": 319.20415224913495, 
        "accumulated_operating_revenue": 2423, 
        "long_term_average": 868, 
        "date": "2013-04-30", 
        "operating_revenue": 998, 
        "short_term_average": 623
    }, 
    {
        "accumulated_operating_revenue_yoy": 158.61526357199057, 
        "accumulated_operating_revenue": 3287, 
        "long_term_average": 882, 
        "date": "2013-05-31", 
        "operating_revenue": 864, 
        "short_term_average": 772
    }, 
    {
        "accumulated_operating_revenue_yoy": 19.89071038251366, 
        "accumulated_operating_revenue": 3291, 
        "long_term_average": 760, 
        "date": "2013-06-30", 
        "operating_revenue": 4, 
        "short_term_average": 622
    }, 
    {
        "accumulated_operating_revenue_yoy": -26.168736303871437, 
        "accumulated_operating_revenue": 4043, 
        "long_term_average": 716, 
        "date": "2013-09-30", 
        "operating_revenue": 752, 
        "short_term_average": 540
    }, 
    {
        "accumulated_operating_revenue_yoy": -22.20158703359784, 
        "accumulated_operating_revenue": 4608, 
        "long_term_average": 696, 
        "date": "2013-10-31", 
        "operating_revenue": 565, 
        "short_term_average": 440
    }, 
    {
        "accumulated_operating_revenue_yoy": -15.009041591320072, 
        "accumulated_operating_revenue": 470, 
        "long_term_average": 681, 
        "date": "2014-01-31", 
        "operating_revenue": 470, 
        "short_term_average": 595
    }, 
    {
        "accumulated_operating_revenue_yoy": -43.50877192982456, 
        "accumulated_operating_revenue": 805, 
        "long_term_average": 672, 
        "date": "2014-03-31", 
        "operating_revenue": 335, 
        "short_term_average": 456
    }, 
    {
        "accumulated_operating_revenue_yoy": -48.782501031778786, 
        "accumulated_operating_revenue": 1241, 
        "long_term_average": 573, 
        "date": "2014-04-30", 
        "operating_revenue": 436, 
        "short_term_average": 413
    }, 
    {
        "accumulated_operating_revenue_yoy": -49.71098265895954, 
        "accumulated_operating_revenue": 1653, 
        "long_term_average": 521, 
        "date": "2014-05-31", 
        "operating_revenue": 412, 
        "short_term_average": 394
    }, 
    {
        "accumulated_operating_revenue_yoy": -27.651169857186265, 
        "accumulated_operating_revenue": 2381, 
        "long_term_average": 536, 
        "date": "2014-06-30", 
        "operating_revenue": 728, 
        "short_term_average": 525
    }, 
    {
        "date": "2014-07-31", 
        "operating_revenue": 991, 
        "accumulated_operating_revenue": 3372, 
        "long_term_average": 584, 
        "short_term_average": 710
    }, 
    {
        "date": "2014-08-31", 
        "operating_revenue": 544, 
        "accumulated_operating_revenue": 3916, 
        "long_term_average": 591, 
        "short_term_average": 754
    }, 
    {
        "accumulated_operating_revenue_yoy": 13.950037101162502, 
        "accumulated_operating_revenue": 4607, 
        "long_term_average": 566, 
        "date": "2014-09-30", 
        "operating_revenue": 691, 
        "short_term_average": 742
    }, 
    {
        "date": "2014-11-30", 
        "operating_revenue": 469, 
        "accumulated_operating_revenue": 5076, 
        "long_term_average": 533, 
        "short_term_average": 568
    }, 
    {
        "date": "2014-12-31", 
        "operating_revenue": 402, 
        "accumulated_operating_revenue": 5478, 
        "long_term_average": 566, 
        "short_term_average": 520
    }, 
    {
        "accumulated_operating_revenue_yoy": 4.25531914893617, 
        "accumulated_operating_revenue": 490, 
        "long_term_average": 544, 
        "date": "2015-01-31", 
        "operating_revenue": 490, 
        "short_term_average": 453
    }, 
    {
        "accumulated_operating_revenue_yoy": 67.84850926672038, 
        "accumulated_operating_revenue": 2083, 
        "long_term_average": 630, 
        "date": "2015-04-30", 
        "operating_revenue": 1593, 
        "short_term_average": 828
    }, 
    {
        "accumulated_operating_revenue_yoy": 109.73986690865094, 
        "accumulated_operating_revenue": 3467, 
        "long_term_average": 706, 
        "date": "2015-05-31", 
        "operating_revenue": 1384, 
        "short_term_average": 1155
    }, 
    {
        "accumulated_operating_revenue_yoy": 105.96388072238557, 
        "accumulated_operating_revenue": 4904, 
        "long_term_average": 798, 
        "date": "2015-06-30", 
        "operating_revenue": 1437, 
        "short_term_average": 1471
    }, 
    {
        "accumulated_operating_revenue_yoy": 47.18268090154211, 
        "accumulated_operating_revenue": 4963, 
        "long_term_average": 766, 
        "date": "2015-07-31", 
        "operating_revenue": 59, 
        "short_term_average": 960
    }, 
    {
        "accumulated_operating_revenue_yoy": 51.27681307456589, 
        "accumulated_operating_revenue": 5924, 
        "long_term_average": 812, 
        "date": "2015-08-31", 
        "operating_revenue": 961, 
        "short_term_average": 819
    }
]