[
    {
        "date": "2011-09-30", 
        "operating_revenue": 122449, 
        "accumulated_operating_revenue": 122449, 
        "long_term_average": 122449, 
        "short_term_average": 122449
    }, 
    {
        "date": "2011-10-31", 
        "operating_revenue": 218423, 
        "accumulated_operating_revenue": 340872, 
        "long_term_average": 170436, 
        "short_term_average": 170436
    }, 
    {
        "date": "2011-11-30", 
        "operating_revenue": 144658, 
        "accumulated_operating_revenue": 485530, 
        "long_term_average": 161843, 
        "short_term_average": 161843
    }, 
    {
        "date": "2011-12-31", 
        "operating_revenue": 249356, 
        "accumulated_operating_revenue": 734886, 
        "long_term_average": 183721, 
        "short_term_average": 204145
    }, 
    {
        "date": "2012-01-31", 
        "operating_revenue": 276406, 
        "accumulated_operating_revenue": 276406, 
        "long_term_average": 202258, 
        "short_term_average": 223473
    }, 
    {
        "date": "2012-02-29", 
        "operating_revenue": 111788, 
        "accumulated_operating_revenue": 388194, 
        "long_term_average": 187180, 
        "short_term_average": 212516
    }, 
    {
        "date": "2012-03-31", 
        "operating_revenue": 136718, 
        "accumulated_operating_revenue": 524912, 
        "long_term_average": 179971, 
        "short_term_average": 174970
    }, 
    {
        "date": "2012-04-30", 
        "operating_revenue": 137774, 
        "accumulated_operating_revenue": 662686, 
        "long_term_average": 174696, 
        "short_term_average": 128760
    }, 
    {
        "date": "2012-05-31", 
        "operating_revenue": 158779, 
        "accumulated_operating_revenue": 821465, 
        "long_term_average": 172927, 
        "short_term_average": 144423
    }, 
    {
        "date": "2012-06-30", 
        "operating_revenue": 356136, 
        "accumulated_operating_revenue": 1177601, 
        "long_term_average": 191248, 
        "short_term_average": 217563
    }, 
    {
        "date": "2012-07-31", 
        "operating_revenue": 147797, 
        "accumulated_operating_revenue": 1325398, 
        "long_term_average": 187298, 
        "short_term_average": 220904
    }, 
    {
        "date": "2012-08-31", 
        "operating_revenue": 147268, 
        "accumulated_operating_revenue": 1472666, 
        "long_term_average": 183962, 
        "short_term_average": 217067
    }, 
    {
        "accumulated_operating_revenue_yoy": 1355.2540241243291, 
        "accumulated_operating_revenue": 1781944, 
        "long_term_average": 199531, 
        "date": "2012-09-30", 
        "operating_revenue": 309278, 
        "short_term_average": 201447
    }, 
    {
        "accumulated_operating_revenue_yoy": 467.23198150625456, 
        "accumulated_operating_revenue": 1933535, 
        "long_term_average": 193962, 
        "date": "2012-10-31", 
        "operating_revenue": 151591, 
        "short_term_average": 202712
    }, 
    {
        "accumulated_operating_revenue_yoy": 332.3689576339258, 
        "accumulated_operating_revenue": 2099281, 
        "long_term_average": 195719, 
        "date": "2012-11-30", 
        "operating_revenue": 165746, 
        "short_term_average": 208871
    }, 
    {
        "accumulated_operating_revenue_yoy": 204.6771880264422, 
        "accumulated_operating_revenue": 2239030, 
        "long_term_average": 186585, 
        "date": "2012-12-31", 
        "operating_revenue": 139749, 
        "short_term_average": 152362
    }, 
    {
        "accumulated_operating_revenue_yoy": -38.9673161942939, 
        "accumulated_operating_revenue": 168698, 
        "long_term_average": 177610, 
        "date": "2013-01-31", 
        "operating_revenue": 168698, 
        "short_term_average": 158064
    }, 
    {
        "accumulated_operating_revenue_yoy": -16.51931766075725, 
        "accumulated_operating_revenue": 324067, 
        "long_term_average": 181241, 
        "date": "2013-02-28", 
        "operating_revenue": 155369, 
        "short_term_average": 154605
    }, 
    {
        "accumulated_operating_revenue_yoy": 25.813469686347425, 
        "accumulated_operating_revenue": 660410, 
        "long_term_average": 197877, 
        "date": "2013-03-31", 
        "operating_revenue": 336343, 
        "short_term_average": 220136
    }, 
    {
        "accumulated_operating_revenue_yoy": 28.3850873566063, 
        "accumulated_operating_revenue": 850790, 
        "long_term_average": 202261, 
        "date": "2013-04-30", 
        "operating_revenue": 190380, 
        "short_term_average": 227364
    }, 
    {
        "accumulated_operating_revenue_yoy": 24.52812962207763, 
        "accumulated_operating_revenue": 1022955, 
        "long_term_average": 203376, 
        "date": "2013-05-31", 
        "operating_revenue": 172165, 
        "short_term_average": 232962
    }, 
    {
        "accumulated_operating_revenue_yoy": 18.93833310263833, 
        "accumulated_operating_revenue": 1400619, 
        "long_term_average": 205170, 
        "date": "2013-06-30", 
        "operating_revenue": 377664, 
        "short_term_average": 246736
    }, 
    {
        "accumulated_operating_revenue_yoy": 19.884894952308667, 
        "accumulated_operating_revenue": 1588952, 
        "long_term_average": 208548, 
        "date": "2013-07-31", 
        "operating_revenue": 188333, 
        "short_term_average": 246054
    }, 
    {
        "accumulated_operating_revenue_yoy": 21.284187996463558, 
        "accumulated_operating_revenue": 1786111, 
        "long_term_average": 212706, 
        "date": "2013-08-31", 
        "operating_revenue": 197159, 
        "short_term_average": 254385
    }, 
    {
        "accumulated_operating_revenue_yoy": 11.619949897415408, 
        "accumulated_operating_revenue": 1989005, 
        "long_term_average": 203840, 
        "date": "2013-09-30", 
        "operating_revenue": 202894, 
        "short_term_average": 196128
    }, 
    {
        "accumulated_operating_revenue_yoy": 12.26199680895355, 
        "accumulated_operating_revenue": 2170625, 
        "long_term_average": 206343, 
        "date": "2013-10-31", 
        "operating_revenue": 181620, 
        "short_term_average": 193891
    }, 
    {
        "accumulated_operating_revenue_yoy": 11.874827619551647, 
        "accumulated_operating_revenue": 2348567, 
        "long_term_average": 207359, 
        "date": "2013-11-30", 
        "operating_revenue": 177942, 
        "short_term_average": 187485
    }, 
    {
        "accumulated_operating_revenue_yoy": 15.244592524441389, 
        "accumulated_operating_revenue": 2580361, 
        "long_term_average": 215030, 
        "date": "2013-12-31", 
        "operating_revenue": 231794, 
        "short_term_average": 197118
    }, 
    {
        "accumulated_operating_revenue_yoy": 59.468991926401024, 
        "accumulated_operating_revenue": 269021, 
        "long_term_average": 223390, 
        "date": "2014-01-31", 
        "operating_revenue": 269021, 
        "short_term_average": 226252
    }, 
    {
        "accumulated_operating_revenue_yoy": 89.94899202942601, 
        "accumulated_operating_revenue": 615562, 
        "long_term_average": 239321, 
        "date": "2014-02-28", 
        "operating_revenue": 346541, 
        "short_term_average": 282452
    }, 
    {
        "accumulated_operating_revenue_yoy": 26.44433003740101, 
        "accumulated_operating_revenue": 835051, 
        "long_term_average": 229583, 
        "date": "2014-03-31", 
        "operating_revenue": 219489, 
        "short_term_average": 278350
    }, 
    {
        "accumulated_operating_revenue_yoy": 26.897354223721482, 
        "accumulated_operating_revenue": 1079630, 
        "long_term_average": 234100, 
        "date": "2014-04-30", 
        "operating_revenue": 244579, 
        "short_term_average": 270203
    }, 
    {
        "accumulated_operating_revenue_yoy": 28.789829464639205, 
        "accumulated_operating_revenue": 1317462, 
        "long_term_average": 239572, 
        "date": "2014-05-31", 
        "operating_revenue": 237832, 
        "short_term_average": 233966
    }, 
    {
        "accumulated_operating_revenue_yoy": 16.18748567597612, 
        "accumulated_operating_revenue": 1627344, 
        "long_term_average": 233923, 
        "date": "2014-06-30", 
        "operating_revenue": 309882, 
        "short_term_average": 264097
    }, 
    {
        "accumulated_operating_revenue_yoy": 17.118641721084085, 
        "accumulated_operating_revenue": 1860959, 
        "long_term_average": 237697, 
        "date": "2014-07-31", 
        "operating_revenue": 233615, 
        "short_term_average": 260443
    }, 
    {
        "accumulated_operating_revenue_yoy": 15.730433326932088, 
        "accumulated_operating_revenue": 2067074, 
        "long_term_average": 238443, 
        "date": "2014-08-31", 
        "operating_revenue": 206115, 
        "short_term_average": 249870
    }, 
    {
        "accumulated_operating_revenue_yoy": 18.79316542693457, 
        "accumulated_operating_revenue": 2362802, 
        "long_term_average": 246179, 
        "date": "2014-09-30", 
        "operating_revenue": 295728, 
        "short_term_average": 245152
    }, 
    {
        "accumulated_operating_revenue_yoy": 19.740581629714942, 
        "accumulated_operating_revenue": 2599119, 
        "long_term_average": 250737, 
        "date": "2014-10-31", 
        "operating_revenue": 236317, 
        "short_term_average": 246053
    }, 
    {
        "accumulated_operating_revenue_yoy": 21.633234223251883, 
        "accumulated_operating_revenue": 2856638, 
        "long_term_average": 257369, 
        "date": "2014-11-30", 
        "operating_revenue": 257519, 
        "short_term_average": 263188
    }, 
    {
        "accumulated_operating_revenue_yoy": 23.10285266286384, 
        "accumulated_operating_revenue": 3176498, 
        "long_term_average": 264708, 
        "date": "2014-12-31", 
        "operating_revenue": 319860, 
        "short_term_average": 271232
    }, 
    {
        "accumulated_operating_revenue_yoy": 54.22624999535353, 
        "accumulated_operating_revenue": 414901, 
        "long_term_average": 276864, 
        "date": "2015-01-31", 
        "operating_revenue": 414901, 
        "short_term_average": 330760
    }, 
    {
        "accumulated_operating_revenue_yoy": 2.8323710690393495, 
        "accumulated_operating_revenue": 632997, 
        "long_term_average": 266161, 
        "date": "2015-02-28", 
        "operating_revenue": 218096, 
        "short_term_average": 317619
    }, 
    {
        "accumulated_operating_revenue_yoy": 7.315002317223739, 
        "accumulated_operating_revenue": 896135, 
        "long_term_average": 269798, 
        "date": "2015-03-31", 
        "operating_revenue": 263138, 
        "short_term_average": 298711
    }, 
    {
        "accumulated_operating_revenue_yoy": 4.626492409436566, 
        "accumulated_operating_revenue": 1129579, 
        "long_term_average": 268870, 
        "date": "2015-04-30", 
        "operating_revenue": 233444, 
        "short_term_average": 238226
    }, 
    {
        "accumulated_operating_revenue_yoy": 3.9292214879821956, 
        "accumulated_operating_revenue": 1369228, 
        "long_term_average": 269022, 
        "date": "2015-05-31", 
        "operating_revenue": 239649, 
        "short_term_average": 245410
    }, 
    {
        "accumulated_operating_revenue_yoy": 2.5222694156859276, 
        "accumulated_operating_revenue": 1668390, 
        "long_term_average": 268128, 
        "date": "2015-06-30", 
        "operating_revenue": 299162, 
        "short_term_average": 257418
    }, 
    {
        "accumulated_operating_revenue_yoy": 3.3469840012595653, 
        "accumulated_operating_revenue": 1923245, 
        "long_term_average": 269898, 
        "date": "2015-07-31", 
        "operating_revenue": 254855, 
        "short_term_average": 264555
    }, 
    {
        "accumulated_operating_revenue_yoy": 3.7486321244425698, 
        "accumulated_operating_revenue": 2144561, 
        "long_term_average": 271165, 
        "date": "2015-08-31", 
        "operating_revenue": 221316, 
        "short_term_average": 258444
    }, 
    {
        "accumulated_operating_revenue_yoy": 2.5528588514822657, 
        "accumulated_operating_revenue": 2423121, 
        "long_term_average": 269734, 
        "date": "2015-09-30", 
        "operating_revenue": 278560, 
        "short_term_average": 251577
    }, 
    {
        "accumulated_operating_revenue_yoy": 2.52520180876674, 
        "accumulated_operating_revenue": 2664752, 
        "long_term_average": 270177, 
        "date": "2015-10-31", 
        "operating_revenue": 241631, 
        "short_term_average": 247169
    }
]