[
    {
        "date": "2011-09-30", 
        "operating_revenue": 250572, 
        "accumulated_operating_revenue": 250572, 
        "long_term_average": 250572, 
        "short_term_average": 250572
    }, 
    {
        "date": "2011-10-31", 
        "operating_revenue": 246639, 
        "accumulated_operating_revenue": 497211, 
        "long_term_average": 248605, 
        "short_term_average": 248605
    }, 
    {
        "date": "2011-11-30", 
        "operating_revenue": 218897, 
        "accumulated_operating_revenue": 716108, 
        "long_term_average": 238702, 
        "short_term_average": 238702
    }, 
    {
        "date": "2011-12-31", 
        "operating_revenue": 248333, 
        "accumulated_operating_revenue": 964441, 
        "long_term_average": 241110, 
        "short_term_average": 237956
    }, 
    {
        "date": "2012-01-31", 
        "operating_revenue": 156500, 
        "accumulated_operating_revenue": 156500, 
        "long_term_average": 224188, 
        "short_term_average": 207910
    }, 
    {
        "date": "2012-02-29", 
        "operating_revenue": 216329, 
        "accumulated_operating_revenue": 372829, 
        "long_term_average": 222878, 
        "short_term_average": 207054
    }, 
    {
        "date": "2012-03-31", 
        "operating_revenue": 261684, 
        "accumulated_operating_revenue": 634513, 
        "long_term_average": 228422, 
        "short_term_average": 211504
    }, 
    {
        "date": "2012-04-30", 
        "operating_revenue": 234040, 
        "accumulated_operating_revenue": 868553, 
        "long_term_average": 229124, 
        "short_term_average": 237351
    }, 
    {
        "date": "2012-05-31", 
        "operating_revenue": 206935, 
        "accumulated_operating_revenue": 1075488, 
        "long_term_average": 226658, 
        "short_term_average": 234219
    }, 
    {
        "date": "2012-06-30", 
        "operating_revenue": 185723, 
        "accumulated_operating_revenue": 1261211, 
        "long_term_average": 222565, 
        "short_term_average": 208899
    }, 
    {
        "date": "2012-07-31", 
        "operating_revenue": 202633, 
        "accumulated_operating_revenue": 1463844, 
        "long_term_average": 220753, 
        "short_term_average": 198430
    }, 
    {
        "date": "2012-08-31", 
        "operating_revenue": 247688, 
        "accumulated_operating_revenue": 1711532, 
        "long_term_average": 222997, 
        "short_term_average": 212014
    }, 
    {
        "accumulated_operating_revenue_yoy": 670.1590760340341, 
        "accumulated_operating_revenue": 1929803, 
        "long_term_average": 220306, 
        "date": "2012-09-30", 
        "operating_revenue": 218271, 
        "short_term_average": 222864
    }, 
    {
        "accumulated_operating_revenue_yoy": 330.9673357990873, 
        "accumulated_operating_revenue": 2142817, 
        "long_term_average": 217503, 
        "date": "2012-10-31", 
        "operating_revenue": 213014, 
        "short_term_average": 226324
    }, 
    {
        "accumulated_operating_revenue_yoy": 232.62915649594754, 
        "accumulated_operating_revenue": 2381984, 
        "long_term_average": 219193, 
        "date": "2012-11-30", 
        "operating_revenue": 239167, 
        "short_term_average": 223484
    }, 
    {
        "accumulated_operating_revenue_yoy": 161.73524352448726, 
        "accumulated_operating_revenue": 2524282, 
        "long_term_average": 210356, 
        "date": "2012-12-31", 
        "operating_revenue": 142298, 
        "short_term_average": 198159
    }, 
    {
        "accumulated_operating_revenue_yoy": -69.33099041533546, 
        "accumulated_operating_revenue": 47997, 
        "long_term_average": 201314, 
        "date": "2013-01-31", 
        "operating_revenue": 47997, 
        "short_term_average": 143154
    }, 
    {
        "accumulated_operating_revenue_yoy": -72.89829922028598, 
        "accumulated_operating_revenue": 101043, 
        "long_term_average": 187708, 
        "date": "2013-02-28", 
        "operating_revenue": 53046, 
        "short_term_average": 81113
    }, 
    {
        "accumulated_operating_revenue_yoy": -62.53882899168338, 
        "accumulated_operating_revenue": 237696, 
        "long_term_average": 177288, 
        "date": "2013-03-31", 
        "operating_revenue": 136653, 
        "short_term_average": 79232
    }, 
    {
        "accumulated_operating_revenue_yoy": -42.81960916604974, 
        "accumulated_operating_revenue": 496642, 
        "long_term_average": 179364, 
        "date": "2013-04-30", 
        "operating_revenue": 258946, 
        "short_term_average": 149548
    }, 
    {
        "accumulated_operating_revenue_yoy": -31.45967226040644, 
        "accumulated_operating_revenue": 737143, 
        "long_term_average": 182161, 
        "date": "2013-05-31", 
        "operating_revenue": 240501, 
        "short_term_average": 212033
    }, 
    {
        "accumulated_operating_revenue_yoy": -19.42299900651041, 
        "accumulated_operating_revenue": 1016246, 
        "long_term_average": 189943, 
        "date": "2013-06-30", 
        "operating_revenue": 279103, 
        "short_term_average": 259516
    }, 
    {
        "accumulated_operating_revenue_yoy": -12.192214470940893, 
        "accumulated_operating_revenue": 1285369, 
        "long_term_average": 195483, 
        "date": "2013-07-31", 
        "operating_revenue": 269123, 
        "short_term_average": 262909
    }, 
    {
        "accumulated_operating_revenue_yoy": -10.764975472266952, 
        "accumulated_operating_revenue": 1527286, 
        "long_term_average": 195003, 
        "date": "2013-08-31", 
        "operating_revenue": 241917, 
        "short_term_average": 263381
    }, 
    {
        "accumulated_operating_revenue_yoy": -10.130826825328803, 
        "accumulated_operating_revenue": 1734298, 
        "long_term_average": 194064, 
        "date": "2013-09-30", 
        "operating_revenue": 207012, 
        "short_term_average": 239350
    }, 
    {
        "accumulated_operating_revenue_yoy": -8.496572502458214, 
        "accumulated_operating_revenue": 1960751, 
        "long_term_average": 195184, 
        "date": "2013-10-31", 
        "operating_revenue": 226453, 
        "short_term_average": 225127
    }, 
    {
        "accumulated_operating_revenue_yoy": -10.051242997434072, 
        "accumulated_operating_revenue": 2142565, 
        "long_term_average": 190405, 
        "date": "2013-11-30", 
        "operating_revenue": 181814, 
        "short_term_average": 205093
    }, 
    {
        "accumulated_operating_revenue_yoy": -1.2733521848985176, 
        "accumulated_operating_revenue": 2492139, 
        "long_term_average": 207678, 
        "date": "2013-12-31", 
        "operating_revenue": 349574, 
        "short_term_average": 252613
    }, 
    {
        "accumulated_operating_revenue_yoy": 291.61197574848427, 
        "accumulated_operating_revenue": 187962, 
        "long_term_average": 219342, 
        "date": "2014-01-31", 
        "operating_revenue": 187962, 
        "short_term_average": 239783
    }, 
    {
        "accumulated_operating_revenue_yoy": 248.25074473244064, 
        "accumulated_operating_revenue": 351883, 
        "long_term_average": 228581, 
        "date": "2014-02-28", 
        "operating_revenue": 163921, 
        "short_term_average": 233819
    }, 
    {
        "accumulated_operating_revenue_yoy": 149.61168887991383, 
        "accumulated_operating_revenue": 593317, 
        "long_term_average": 237313, 
        "date": "2014-03-31", 
        "operating_revenue": 241434, 
        "short_term_average": 197772
    }, 
    {
        "accumulated_operating_revenue_yoy": 76.45567632217976, 
        "accumulated_operating_revenue": 876353, 
        "long_term_average": 239320, 
        "date": "2014-04-30", 
        "operating_revenue": 283036, 
        "short_term_average": 229463
    }, 
    {
        "accumulated_operating_revenue_yoy": 57.11808970579657, 
        "accumulated_operating_revenue": 1158185, 
        "long_term_average": 242765, 
        "date": "2014-05-31", 
        "operating_revenue": 281832, 
        "short_term_average": 268767
    }, 
    {
        "accumulated_operating_revenue_yoy": 36.30282431615967, 
        "accumulated_operating_revenue": 1385172, 
        "long_term_average": 238422, 
        "date": "2014-06-30", 
        "operating_revenue": 226987, 
        "short_term_average": 263951
    }, 
    {
        "accumulated_operating_revenue_yoy": 27.3596142430695, 
        "accumulated_operating_revenue": 1637041, 
        "long_term_average": 236984, 
        "date": "2014-07-31", 
        "operating_revenue": 251869, 
        "short_term_average": 253562
    }, 
    {
        "accumulated_operating_revenue_yoy": 19.44697980600883, 
        "accumulated_operating_revenue": 1824297, 
        "long_term_average": 232429, 
        "date": "2014-08-31", 
        "operating_revenue": 187256, 
        "short_term_average": 222037
    }, 
    {
        "accumulated_operating_revenue_yoy": 13.298579598200542, 
        "accumulated_operating_revenue": 1964935, 
        "long_term_average": 226898, 
        "date": "2014-09-30", 
        "operating_revenue": 140638, 
        "short_term_average": 193254
    }, 
    {
        "accumulated_operating_revenue_yoy": 6.342263755061199, 
        "accumulated_operating_revenue": 2085107, 
        "long_term_average": 218041, 
        "date": "2014-10-31", 
        "operating_revenue": 120172, 
        "short_term_average": 149355
    }, 
    {
        "accumulated_operating_revenue_yoy": 4.003985876741196, 
        "accumulated_operating_revenue": 2228353, 
        "long_term_average": 214827, 
        "date": "2014-11-30", 
        "operating_revenue": 143246, 
        "short_term_average": 134685
    }, 
    {
        "accumulated_operating_revenue_yoy": -0.5787397893937698, 
        "accumulated_operating_revenue": 2477716, 
        "long_term_average": 206476, 
        "date": "2014-12-31", 
        "operating_revenue": 249363, 
        "short_term_average": 170927
    }, 
    {
        "accumulated_operating_revenue_yoy": -22.65032293761505, 
        "accumulated_operating_revenue": 145388, 
        "long_term_average": 202928, 
        "date": "2015-01-31", 
        "operating_revenue": 145388, 
        "short_term_average": 179332
    }, 
    {
        "accumulated_operating_revenue_yoy": -21.818900032112946, 
        "accumulated_operating_revenue": 275106, 
        "long_term_average": 200078, 
        "date": "2015-02-28", 
        "operating_revenue": 129718, 
        "short_term_average": 174823
    }, 
    {
        "accumulated_operating_revenue_yoy": -10.954515040020766, 
        "accumulated_operating_revenue": 528322, 
        "long_term_average": 201060, 
        "date": "2015-03-31", 
        "operating_revenue": 253216, 
        "short_term_average": 176107
    }, 
    {
        "accumulated_operating_revenue_yoy": -21.48814461752285, 
        "accumulated_operating_revenue": 688041, 
        "long_term_average": 190783, 
        "date": "2015-04-30", 
        "operating_revenue": 159719, 
        "short_term_average": 180884
    }, 
    {
        "accumulated_operating_revenue_yoy": -27.47618040295808, 
        "accumulated_operating_revenue": 839960, 
        "long_term_average": 179957, 
        "date": "2015-05-31", 
        "operating_revenue": 151919, 
        "short_term_average": 188284
    }, 
    {
        "accumulated_operating_revenue_yoy": -26.852910685460003, 
        "accumulated_operating_revenue": 1013213, 
        "long_term_average": 175479, 
        "date": "2015-06-30", 
        "operating_revenue": 173253, 
        "short_term_average": 161630
    }, 
    {
        "accumulated_operating_revenue_yoy": -23.44547265462502, 
        "accumulated_operating_revenue": 1253229, 
        "long_term_average": 174492, 
        "date": "2015-07-31", 
        "operating_revenue": 240016, 
        "short_term_average": 188396
    }, 
    {
        "accumulated_operating_revenue_yoy": -18.485970212087178, 
        "accumulated_operating_revenue": 1487058, 
        "long_term_average": 178373, 
        "date": "2015-08-31", 
        "operating_revenue": 233829, 
        "short_term_average": 215699
    }, 
    {
        "accumulated_operating_revenue_yoy": -12.153989826635486, 
        "accumulated_operating_revenue": 1726117, 
        "long_term_average": 186574, 
        "date": "2015-09-30", 
        "operating_revenue": 239059, 
        "short_term_average": 237634
    }, 
    {
        "accumulated_operating_revenue_yoy": -5.2504739564924, 
        "accumulated_operating_revenue": 1975629, 
        "long_term_average": 197353, 
        "date": "2015-10-31", 
        "operating_revenue": 249512, 
        "short_term_average": 240800
    }
]