[
    {
        "date": "2012-01-31", 
        "operating_revenue": 24018, 
        "accumulated_operating_revenue": 24018, 
        "long_term_average": 24018, 
        "short_term_average": 24018
    }, 
    {
        "date": "2012-02-29", 
        "operating_revenue": 21767, 
        "accumulated_operating_revenue": 45785, 
        "long_term_average": 22892, 
        "short_term_average": 22892
    }, 
    {
        "date": "2012-03-31", 
        "operating_revenue": 25623, 
        "accumulated_operating_revenue": 71408, 
        "long_term_average": 23802, 
        "short_term_average": 23802
    }, 
    {
        "date": "2012-04-30", 
        "operating_revenue": 21359, 
        "accumulated_operating_revenue": 92767, 
        "long_term_average": 23191, 
        "short_term_average": 22916
    }, 
    {
        "date": "2012-05-31", 
        "operating_revenue": 22056, 
        "accumulated_operating_revenue": 114823, 
        "long_term_average": 22964, 
        "short_term_average": 23012
    }, 
    {
        "date": "2012-06-30", 
        "operating_revenue": 19764, 
        "accumulated_operating_revenue": 134587, 
        "long_term_average": 22431, 
        "short_term_average": 21059
    }, 
    {
        "date": "2012-07-31", 
        "operating_revenue": 20545, 
        "accumulated_operating_revenue": 155132, 
        "long_term_average": 22161, 
        "short_term_average": 20788
    }, 
    {
        "date": "2012-08-31", 
        "operating_revenue": 22017, 
        "accumulated_operating_revenue": 177149, 
        "long_term_average": 22143, 
        "short_term_average": 20775
    }, 
    {
        "date": "2012-09-30", 
        "operating_revenue": 20948, 
        "accumulated_operating_revenue": 198097, 
        "long_term_average": 22010, 
        "short_term_average": 21170
    }, 
    {
        "date": "2012-10-31", 
        "operating_revenue": 22399, 
        "accumulated_operating_revenue": 220496, 
        "long_term_average": 22049, 
        "short_term_average": 21788
    }, 
    {
        "date": "2012-11-30", 
        "operating_revenue": 22624, 
        "accumulated_operating_revenue": 243120, 
        "long_term_average": 22101, 
        "short_term_average": 21990
    }, 
    {
        "date": "2012-12-31", 
        "operating_revenue": 23888, 
        "accumulated_operating_revenue": 267008, 
        "long_term_average": 22250, 
        "short_term_average": 22970
    }, 
    {
        "accumulated_operating_revenue_yoy": 42.22666333583146, 
        "accumulated_operating_revenue": 34160, 
        "long_term_average": 23095, 
        "date": "2013-01-31", 
        "operating_revenue": 34160, 
        "short_term_average": 26890
    }, 
    {
        "accumulated_operating_revenue_yoy": 18.361908922136074, 
        "accumulated_operating_revenue": 54192, 
        "long_term_average": 22951, 
        "date": "2013-02-28", 
        "operating_revenue": 20032, 
        "short_term_average": 26026
    }, 
    {
        "accumulated_operating_revenue_yoy": 10.045092986780192, 
        "accumulated_operating_revenue": 78581, 
        "long_term_average": 22848, 
        "date": "2013-03-31", 
        "operating_revenue": 24389, 
        "short_term_average": 26193
    }, 
    {
        "accumulated_operating_revenue_yoy": 10.130757704787264, 
        "accumulated_operating_revenue": 102165, 
        "long_term_average": 23033, 
        "date": "2013-04-30", 
        "operating_revenue": 23584, 
        "short_term_average": 22668
    }, 
    {
        "accumulated_operating_revenue_yoy": 11.79206256586224, 
        "accumulated_operating_revenue": 128363, 
        "long_term_average": 23379, 
        "date": "2013-05-31", 
        "operating_revenue": 26198, 
        "short_term_average": 24723
    }, 
    {
        "accumulated_operating_revenue_yoy": 12.241152563026146, 
        "accumulated_operating_revenue": 151062, 
        "long_term_average": 23623, 
        "date": "2013-06-30", 
        "operating_revenue": 22699, 
        "short_term_average": 24160
    }, 
    {
        "accumulated_operating_revenue_yoy": 12.954773998917052, 
        "accumulated_operating_revenue": 175229, 
        "long_term_average": 23925, 
        "date": "2013-07-31", 
        "operating_revenue": 24167, 
        "short_term_average": 24354
    }, 
    {
        "accumulated_operating_revenue_yoy": 12.772299025114453, 
        "accumulated_operating_revenue": 199775, 
        "long_term_average": 24136, 
        "date": "2013-08-31", 
        "operating_revenue": 24546, 
        "short_term_average": 23804
    }, 
    {
        "accumulated_operating_revenue_yoy": 13.145075392358288, 
        "accumulated_operating_revenue": 224137, 
        "long_term_average": 24420, 
        "date": "2013-09-30", 
        "operating_revenue": 24362, 
        "short_term_average": 24358
    }, 
    {
        "accumulated_operating_revenue_yoy": 13.757619185835571, 
        "accumulated_operating_revenue": 250831, 
        "long_term_average": 24778, 
        "date": "2013-10-31", 
        "operating_revenue": 26694, 
        "short_term_average": 25200
    }, 
    {
        "accumulated_operating_revenue_yoy": 15.614922671931556, 
        "accumulated_operating_revenue": 281083, 
        "long_term_average": 25414, 
        "date": "2013-11-30", 
        "operating_revenue": 30252, 
        "short_term_average": 27102
    }, 
    {
        "accumulated_operating_revenue_yoy": 17.418953739213805, 
        "accumulated_operating_revenue": 313518, 
        "long_term_average": 26126, 
        "date": "2013-12-31", 
        "operating_revenue": 32435, 
        "short_term_average": 29793
    }, 
    {
        "accumulated_operating_revenue_yoy": 10.64110070257611, 
        "accumulated_operating_revenue": 37795, 
        "long_term_average": 26429, 
        "date": "2014-01-31", 
        "operating_revenue": 37795, 
        "short_term_average": 33494
    }, 
    {
        "accumulated_operating_revenue_yoy": 16.371420135813405, 
        "accumulated_operating_revenue": 63064, 
        "long_term_average": 26865, 
        "date": "2014-02-28", 
        "operating_revenue": 25269, 
        "short_term_average": 31833
    }, 
    {
        "accumulated_operating_revenue_yoy": 16.54598439826421, 
        "accumulated_operating_revenue": 91583, 
        "long_term_average": 27210, 
        "date": "2014-03-31", 
        "operating_revenue": 28519, 
        "short_term_average": 30527
    }, 
    {
        "accumulated_operating_revenue_yoy": 19.791513727793276, 
        "accumulated_operating_revenue": 122385, 
        "long_term_average": 27811, 
        "date": "2014-04-30", 
        "operating_revenue": 30802, 
        "short_term_average": 28196
    }, 
    {
        "accumulated_operating_revenue_yoy": 18.78267101890732, 
        "accumulated_operating_revenue": 152473, 
        "long_term_average": 28135, 
        "date": "2014-05-31", 
        "operating_revenue": 30088, 
        "short_term_average": 29803
    }, 
    {
        "accumulated_operating_revenue_yoy": 19.472137268141555, 
        "accumulated_operating_revenue": 180477, 
        "long_term_average": 28577, 
        "date": "2014-06-30", 
        "operating_revenue": 28004, 
        "short_term_average": 29631
    }, 
    {
        "accumulated_operating_revenue_yoy": 20.780236148126168, 
        "accumulated_operating_revenue": 211642, 
        "long_term_average": 29160, 
        "date": "2014-07-31", 
        "operating_revenue": 31165, 
        "short_term_average": 29752
    }, 
    {
        "accumulated_operating_revenue_yoy": 20.658741083719185, 
        "accumulated_operating_revenue": 241046, 
        "long_term_average": 29565, 
        "date": "2014-08-31", 
        "operating_revenue": 29404, 
        "short_term_average": 29524
    }, 
    {
        "accumulated_operating_revenue_yoy": 22.054368533530834, 
        "accumulated_operating_revenue": 273569, 
        "long_term_average": 30245, 
        "date": "2014-09-30", 
        "operating_revenue": 32523, 
        "short_term_average": 31030
    }, 
    {
        "accumulated_operating_revenue_yoy": 21.314351096953725, 
        "accumulated_operating_revenue": 304294, 
        "long_term_average": 30581, 
        "date": "2014-10-31", 
        "operating_revenue": 30725, 
        "short_term_average": 30884
    }, 
    {
        "accumulated_operating_revenue_yoy": 17.991127175958702, 
        "accumulated_operating_revenue": 331653, 
        "long_term_average": 30340, 
        "date": "2014-11-30", 
        "operating_revenue": 27359, 
        "short_term_average": 30202
    }, 
    {
        "accumulated_operating_revenue_yoy": 15.479494000344479, 
        "accumulated_operating_revenue": 362049, 
        "long_term_average": 30170, 
        "date": "2014-12-31", 
        "operating_revenue": 30396, 
        "short_term_average": 29493
    }, 
    {
        "accumulated_operating_revenue_yoy": -12.45138245799709, 
        "accumulated_operating_revenue": 33089, 
        "long_term_average": 29778, 
        "date": "2015-01-31", 
        "operating_revenue": 33089, 
        "short_term_average": 30281
    }, 
    {
        "accumulated_operating_revenue_yoy": 2.8542433083851324, 
        "accumulated_operating_revenue": 64864, 
        "long_term_average": 30320, 
        "date": "2015-02-28", 
        "operating_revenue": 31775, 
        "short_term_average": 31753
    }, 
    {
        "accumulated_operating_revenue_yoy": 2.850965790594324, 
        "accumulated_operating_revenue": 94194, 
        "long_term_average": 30388, 
        "date": "2015-03-31", 
        "operating_revenue": 29330, 
        "short_term_average": 31398
    }, 
    {
        "accumulated_operating_revenue_yoy": 6.041590064141848, 
        "accumulated_operating_revenue": 129779, 
        "long_term_average": 30786, 
        "date": "2015-04-30", 
        "operating_revenue": 35585, 
        "short_term_average": 32230
    }, 
    {
        "accumulated_operating_revenue_yoy": 4.146963724725033, 
        "accumulated_operating_revenue": 158796, 
        "long_term_average": 30697, 
        "date": "2015-05-31", 
        "operating_revenue": 29017, 
        "short_term_average": 31310
    }, 
    {
        "accumulated_operating_revenue_yoy": 4.479795209361858, 
        "accumulated_operating_revenue": 188562, 
        "long_term_average": 30844, 
        "date": "2015-06-30", 
        "operating_revenue": 29766, 
        "short_term_average": 31456
    }, 
    {
        "accumulated_operating_revenue_yoy": 5.824458283327505, 
        "accumulated_operating_revenue": 223969, 
        "long_term_average": 31198, 
        "date": "2015-07-31", 
        "operating_revenue": 35407, 
        "short_term_average": 31396
    }, 
    {
        "accumulated_operating_revenue_yoy": 3.2147390954423636, 
        "accumulated_operating_revenue": 248795, 
        "long_term_average": 30816, 
        "date": "2015-08-31", 
        "operating_revenue": 24826, 
        "short_term_average": 29999
    }
]