[
    {
        "date": "2012-01-31", 
        "operating_revenue": 271090, 
        "accumulated_operating_revenue": 271090, 
        "long_term_average": 271090, 
        "short_term_average": 271090
    }, 
    {
        "date": "2012-02-29", 
        "operating_revenue": 256277, 
        "accumulated_operating_revenue": 527367, 
        "long_term_average": 263683, 
        "short_term_average": 263683
    }, 
    {
        "date": "2012-03-31", 
        "operating_revenue": 310120, 
        "accumulated_operating_revenue": 837487, 
        "long_term_average": 279162, 
        "short_term_average": 279162
    }, 
    {
        "date": "2012-04-30", 
        "operating_revenue": 308150, 
        "accumulated_operating_revenue": 1145637, 
        "long_term_average": 286409, 
        "short_term_average": 291515
    }, 
    {
        "date": "2012-05-31", 
        "operating_revenue": 372618, 
        "accumulated_operating_revenue": 1518255, 
        "long_term_average": 303651, 
        "short_term_average": 330296
    }, 
    {
        "date": "2012-06-30", 
        "operating_revenue": 294467, 
        "accumulated_operating_revenue": 1812722, 
        "long_term_average": 302120, 
        "short_term_average": 325078
    }, 
    {
        "date": "2012-07-31", 
        "operating_revenue": 303868, 
        "accumulated_operating_revenue": 2116590, 
        "long_term_average": 302370, 
        "short_term_average": 323651
    }, 
    {
        "date": "2012-08-31", 
        "operating_revenue": 301224, 
        "accumulated_operating_revenue": 2417814, 
        "long_term_average": 302226, 
        "short_term_average": 299853
    }, 
    {
        "date": "2012-09-30", 
        "operating_revenue": 289158, 
        "accumulated_operating_revenue": 2706972, 
        "long_term_average": 300774, 
        "short_term_average": 298083
    }, 
    {
        "date": "2012-10-31", 
        "operating_revenue": 308396, 
        "accumulated_operating_revenue": 3015368, 
        "long_term_average": 301536, 
        "short_term_average": 299592
    }, 
    {
        "date": "2012-11-30", 
        "operating_revenue": 347340, 
        "accumulated_operating_revenue": 3362708, 
        "long_term_average": 305700, 
        "short_term_average": 314964
    }, 
    {
        "date": "2012-12-31", 
        "operating_revenue": 236228, 
        "accumulated_operating_revenue": 3598936, 
        "long_term_average": 299911, 
        "short_term_average": 297321
    }, 
    {
        "accumulated_operating_revenue_yoy": 8.078129034637943, 
        "accumulated_operating_revenue": 292989, 
        "long_term_average": 301736, 
        "date": "2013-01-31", 
        "operating_revenue": 292989, 
        "short_term_average": 292185
    }, 
    {
        "accumulated_operating_revenue_yoy": 1.6690464135981204, 
        "accumulated_operating_revenue": 536169, 
        "long_term_average": 300644, 
        "date": "2013-02-28", 
        "operating_revenue": 243180, 
        "short_term_average": 257465
    }, 
    {
        "accumulated_operating_revenue_yoy": -4.7915967650841145, 
        "accumulated_operating_revenue": 797358, 
        "long_term_average": 296567, 
        "date": "2013-03-31", 
        "operating_revenue": 261189, 
        "short_term_average": 265786
    }, 
    {
        "accumulated_operating_revenue_yoy": -5.987673233319105, 
        "accumulated_operating_revenue": 1077040, 
        "long_term_average": 294194, 
        "date": "2013-04-30", 
        "operating_revenue": 279682, 
        "short_term_average": 261350
    }, 
    {
        "accumulated_operating_revenue_yoy": -10.760313649551623, 
        "accumulated_operating_revenue": 1354886, 
        "long_term_average": 286297, 
        "date": "2013-05-31", 
        "operating_revenue": 277846, 
        "short_term_average": 272905
    }, 
    {
        "accumulated_operating_revenue_yoy": -9.921929562282578, 
        "accumulated_operating_revenue": 1632865, 
        "long_term_average": 284923, 
        "date": "2013-06-30", 
        "operating_revenue": 277979, 
        "short_term_average": 278502
    }, 
    {
        "accumulated_operating_revenue_yoy": -10.56732763548916, 
        "accumulated_operating_revenue": 1892923, 
        "long_term_average": 281272, 
        "date": "2013-07-31", 
        "operating_revenue": 260058, 
        "short_term_average": 271961
    }, 
    {
        "accumulated_operating_revenue_yoy": -11.130508798443554, 
        "accumulated_operating_revenue": 2148699, 
        "long_term_average": 277485, 
        "date": "2013-08-31", 
        "operating_revenue": 255776, 
        "short_term_average": 264604
    }, 
    {
        "accumulated_operating_revenue_yoy": -11.336024162791489, 
        "accumulated_operating_revenue": 2400109, 
        "long_term_average": 274339, 
        "date": "2013-09-30", 
        "operating_revenue": 251410, 
        "short_term_average": 255748
    }, 
    {
        "accumulated_operating_revenue_yoy": -10.324510971795151, 
        "accumulated_operating_revenue": 2704046, 
        "long_term_average": 273967, 
        "date": "2013-10-31", 
        "operating_revenue": 303937, 
        "short_term_average": 270374
    }, 
    {
        "accumulated_operating_revenue_yoy": -11.762008476501677, 
        "accumulated_operating_revenue": 2967186, 
        "long_term_average": 266951, 
        "date": "2013-11-30", 
        "operating_revenue": 263140, 
        "short_term_average": 272829
    }, 
    {
        "accumulated_operating_revenue_yoy": -10.474623610978357, 
        "accumulated_operating_revenue": 3221961, 
        "long_term_average": 268496, 
        "date": "2013-12-31", 
        "operating_revenue": 254775, 
        "short_term_average": 273950
    }, 
    {
        "accumulated_operating_revenue_yoy": -1.4406684209987406, 
        "accumulated_operating_revenue": 288768, 
        "long_term_average": 268145, 
        "date": "2014-01-31", 
        "operating_revenue": 288768, 
        "short_term_average": 268894
    }, 
    {
        "accumulated_operating_revenue_yoy": 3.9631161070483376, 
        "accumulated_operating_revenue": 557418, 
        "long_term_average": 270267, 
        "date": "2014-02-28", 
        "operating_revenue": 268650, 
        "short_term_average": 270731
    }, 
    {
        "accumulated_operating_revenue_yoy": 2.371582150050542, 
        "accumulated_operating_revenue": 816268, 
        "long_term_average": 270072, 
        "date": "2014-03-31", 
        "operating_revenue": 258850, 
        "short_term_average": 272089
    }, 
    {
        "accumulated_operating_revenue_yoy": 4.802607145509916, 
        "accumulated_operating_revenue": 1128766, 
        "long_term_average": 272807, 
        "date": "2014-04-30", 
        "operating_revenue": 312498, 
        "short_term_average": 279999
    }, 
    {
        "accumulated_operating_revenue_yoy": 4.8830676529243044, 
        "accumulated_operating_revenue": 1421046, 
        "long_term_average": 274010, 
        "date": "2014-05-31", 
        "operating_revenue": 292280, 
        "short_term_average": 287876
    }, 
    {
        "accumulated_operating_revenue_yoy": 11.399840158249457, 
        "accumulated_operating_revenue": 1819009, 
        "long_term_average": 284008, 
        "date": "2014-06-30", 
        "operating_revenue": 397963, 
        "short_term_average": 334247
    }, 
    {
        "accumulated_operating_revenue_yoy": 11.566925860164412, 
        "accumulated_operating_revenue": 2111876, 
        "long_term_average": 286742, 
        "date": "2014-07-31", 
        "operating_revenue": 292867, 
        "short_term_average": 327703
    }, 
    {
        "accumulated_operating_revenue_yoy": 9.754414182721732, 
        "accumulated_operating_revenue": 2358292, 
        "long_term_average": 285962, 
        "date": "2014-08-31", 
        "operating_revenue": 246416, 
        "short_term_average": 312415
    }, 
    {
        "accumulated_operating_revenue_yoy": 10.309948423175781, 
        "accumulated_operating_revenue": 2647559, 
        "long_term_average": 289117, 
        "date": "2014-09-30", 
        "operating_revenue": 289267, 
        "short_term_average": 276183
    }, 
    {
        "accumulated_operating_revenue_yoy": 9.663038276715707, 
        "accumulated_operating_revenue": 2965339, 
        "long_term_average": 290271, 
        "date": "2014-10-31", 
        "operating_revenue": 317780, 
        "short_term_average": 284487
    }, 
    {
        "accumulated_operating_revenue_yoy": 8.96374544770702, 
        "accumulated_operating_revenue": 3233157, 
        "long_term_average": 290661, 
        "date": "2014-11-30", 
        "operating_revenue": 267818, 
        "short_term_average": 291621
    }, 
    {
        "accumulated_operating_revenue_yoy": 8.13063845279319, 
        "accumulated_operating_revenue": 3483927, 
        "long_term_average": 290327, 
        "date": "2014-12-31", 
        "operating_revenue": 250770, 
        "short_term_average": 278789
    }, 
    {
        "accumulated_operating_revenue_yoy": 14.957682291666666, 
        "accumulated_operating_revenue": 331961, 
        "long_term_average": 293926, 
        "date": "2015-01-31", 
        "operating_revenue": 331961, 
        "short_term_average": 283516
    }, 
    {
        "accumulated_operating_revenue_yoy": 8.601085720231495, 
        "accumulated_operating_revenue": 605362, 
        "long_term_average": 294322, 
        "date": "2015-02-28", 
        "operating_revenue": 273401, 
        "short_term_average": 285377
    }, 
    {
        "accumulated_operating_revenue_yoy": 7.824636026403094, 
        "accumulated_operating_revenue": 880138, 
        "long_term_average": 295649, 
        "date": "2015-03-31", 
        "operating_revenue": 274776, 
        "short_term_average": 293379
    }, 
    {
        "accumulated_operating_revenue_yoy": 2.378792415788569, 
        "accumulated_operating_revenue": 1155617, 
        "long_term_average": 292564, 
        "date": "2015-04-30", 
        "operating_revenue": 275479, 
        "short_term_average": 274552
    }, 
    {
        "accumulated_operating_revenue_yoy": 1.1428201479755054, 
        "accumulated_operating_revenue": 1437286, 
        "long_term_average": 291680, 
        "date": "2015-05-31", 
        "operating_revenue": 281669, 
        "short_term_average": 277308
    }, 
    {
        "accumulated_operating_revenue_yoy": -5.502281736923786, 
        "accumulated_operating_revenue": 1718922, 
        "long_term_average": 281986, 
        "date": "2015-06-30", 
        "operating_revenue": 281636, 
        "short_term_average": 279594
    }, 
    {
        "accumulated_operating_revenue_yoy": -3.72815449391915, 
        "accumulated_operating_revenue": 2033142, 
        "long_term_average": 283766, 
        "date": "2015-07-31", 
        "operating_revenue": 314220, 
        "short_term_average": 292508
    }, 
    {
        "accumulated_operating_revenue_yoy": -2.6640042878490027, 
        "accumulated_operating_revenue": 2295467, 
        "long_term_average": 285091, 
        "date": "2015-08-31", 
        "operating_revenue": 262325, 
        "short_term_average": 286060
    }, 
    {
        "accumulated_operating_revenue_yoy": -0.874012628236047, 
        "accumulated_operating_revenue": 2624419, 
        "long_term_average": 288398, 
        "date": "2015-09-30", 
        "operating_revenue": 328952, 
        "short_term_average": 301832
    }
]