[
    {
        "date": "2012-01-31", 
        "operating_revenue": 46322, 
        "accumulated_operating_revenue": 46322, 
        "long_term_average": 46322, 
        "short_term_average": 46322
    }, 
    {
        "date": "2012-02-29", 
        "operating_revenue": 73021, 
        "accumulated_operating_revenue": 119343, 
        "long_term_average": 59671, 
        "short_term_average": 59671
    }, 
    {
        "date": "2012-03-31", 
        "operating_revenue": 142578, 
        "accumulated_operating_revenue": 261921, 
        "long_term_average": 87307, 
        "short_term_average": 87307
    }, 
    {
        "date": "2012-04-30", 
        "operating_revenue": 63838, 
        "accumulated_operating_revenue": 325759, 
        "long_term_average": 81439, 
        "short_term_average": 93145
    }, 
    {
        "date": "2012-05-31", 
        "operating_revenue": 93494, 
        "accumulated_operating_revenue": 419253, 
        "long_term_average": 83850, 
        "short_term_average": 99970
    }, 
    {
        "date": "2012-06-30", 
        "operating_revenue": 149601, 
        "accumulated_operating_revenue": 568854, 
        "long_term_average": 94809, 
        "short_term_average": 102311
    }, 
    {
        "date": "2012-07-31", 
        "operating_revenue": 114749, 
        "accumulated_operating_revenue": 683603, 
        "long_term_average": 97657, 
        "short_term_average": 119281
    }, 
    {
        "date": "2012-08-31", 
        "operating_revenue": 178252, 
        "accumulated_operating_revenue": 861855, 
        "long_term_average": 107731, 
        "short_term_average": 147534
    }, 
    {
        "date": "2012-09-30", 
        "operating_revenue": 254260, 
        "accumulated_operating_revenue": 1116115, 
        "long_term_average": 124012, 
        "short_term_average": 182420
    }, 
    {
        "date": "2012-10-31", 
        "operating_revenue": 133287, 
        "accumulated_operating_revenue": 1249402, 
        "long_term_average": 124940, 
        "short_term_average": 188599
    }, 
    {
        "date": "2012-11-30", 
        "operating_revenue": 104119, 
        "accumulated_operating_revenue": 1353521, 
        "long_term_average": 123047, 
        "short_term_average": 163888
    }, 
    {
        "date": "2012-12-31", 
        "operating_revenue": 212437, 
        "accumulated_operating_revenue": 1565958, 
        "long_term_average": 130496, 
        "short_term_average": 149947
    }, 
    {
        "accumulated_operating_revenue_yoy": 17.889987478951685, 
        "accumulated_operating_revenue": 54609, 
        "long_term_average": 131187, 
        "date": "2013-01-31", 
        "operating_revenue": 54609, 
        "short_term_average": 123721
    }, 
    {
        "accumulated_operating_revenue_yoy": 16.833831896298904, 
        "accumulated_operating_revenue": 139433, 
        "long_term_average": 132170, 
        "date": "2013-02-28", 
        "operating_revenue": 84824, 
        "short_term_average": 117290
    }, 
    {
        "accumulated_operating_revenue_yoy": 39.63065199048568, 
        "accumulated_operating_revenue": 365722, 
        "long_term_average": 139146, 
        "date": "2013-03-31", 
        "operating_revenue": 226289, 
        "short_term_average": 121907
    }, 
    {
        "accumulated_operating_revenue_yoy": 46.24216061566987, 
        "accumulated_operating_revenue": 476397, 
        "long_term_average": 143049, 
        "date": "2013-04-30", 
        "operating_revenue": 110675, 
        "short_term_average": 140596
    }, 
    {
        "accumulated_operating_revenue_yoy": 33.01133205963941, 
        "accumulated_operating_revenue": 557654, 
        "long_term_average": 142029, 
        "date": "2013-05-31", 
        "operating_revenue": 81257, 
        "short_term_average": 139407
    }, 
    {
        "accumulated_operating_revenue_yoy": 12.024878088226505, 
        "accumulated_operating_revenue": 637258, 
        "long_term_average": 136196, 
        "date": "2013-06-30", 
        "operating_revenue": 79604, 
        "short_term_average": 90512
    }, 
    {
        "accumulated_operating_revenue_yoy": 5.1366070657969605, 
        "accumulated_operating_revenue": 718717, 
        "long_term_average": 133422, 
        "date": "2013-07-31", 
        "operating_revenue": 81459, 
        "short_term_average": 80773
    }, 
    {
        "accumulated_operating_revenue_yoy": -0.16139605850172015, 
        "accumulated_operating_revenue": 860464, 
        "long_term_average": 130380, 
        "date": "2013-08-31", 
        "operating_revenue": 141747, 
        "short_term_average": 100936
    }, 
    {
        "accumulated_operating_revenue_yoy": -9.721399676556628, 
        "accumulated_operating_revenue": 1007613, 
        "long_term_average": 121454, 
        "date": "2013-09-30", 
        "operating_revenue": 147149, 
        "short_term_average": 123451
    }, 
    {
        "accumulated_operating_revenue_yoy": -9.26507241064125, 
        "accumulated_operating_revenue": 1133644, 
        "long_term_average": 120850, 
        "date": "2013-10-31", 
        "operating_revenue": 126031, 
        "short_term_average": 138309
    }, 
    {
        "accumulated_operating_revenue_yoy": -1.32454538939551, 
        "accumulated_operating_revenue": 1335593, 
        "long_term_average": 129002, 
        "date": "2013-11-30", 
        "operating_revenue": 201949, 
        "short_term_average": 158376
    }, 
    {
        "accumulated_operating_revenue_yoy": -6.290590169084995, 
        "accumulated_operating_revenue": 1467450, 
        "long_term_average": 122287, 
        "date": "2013-12-31", 
        "operating_revenue": 131857, 
        "short_term_average": 153279
    }, 
    {
        "accumulated_operating_revenue_yoy": 76.14495779084034, 
        "accumulated_operating_revenue": 96191, 
        "long_term_average": 125752, 
        "date": "2014-01-31", 
        "operating_revenue": 96191, 
        "short_term_average": 143332
    }, 
    {
        "accumulated_operating_revenue_yoy": 9.129832966370945, 
        "accumulated_operating_revenue": 152163, 
        "long_term_average": 123348, 
        "date": "2014-02-28", 
        "operating_revenue": 55972, 
        "short_term_average": 94673
    }, 
    {
        "accumulated_operating_revenue_yoy": -25.268920108716458, 
        "accumulated_operating_revenue": 273308, 
        "long_term_average": 114586, 
        "date": "2014-03-31", 
        "operating_revenue": 121145, 
        "short_term_average": 91102
    }, 
    {
        "accumulated_operating_revenue_yoy": -15.840569944814934, 
        "accumulated_operating_revenue": 400933, 
        "long_term_average": 115998, 
        "date": "2014-04-30", 
        "operating_revenue": 127625, 
        "short_term_average": 101580
    }, 
    {
        "accumulated_operating_revenue_yoy": -5.005792121996794, 
        "accumulated_operating_revenue": 529739, 
        "long_term_average": 119961, 
        "date": "2014-05-31", 
        "operating_revenue": 128806, 
        "short_term_average": 125858
    }, 
    {
        "accumulated_operating_revenue_yoy": 7.7889959796503145, 
        "accumulated_operating_revenue": 686894, 
        "long_term_average": 126423, 
        "date": "2014-06-30", 
        "operating_revenue": 157155, 
        "short_term_average": 137862
    }, 
    {
        "accumulated_operating_revenue_yoy": 12.547219559298025, 
        "accumulated_operating_revenue": 808896, 
        "long_term_average": 129802, 
        "date": "2014-07-31", 
        "operating_revenue": 122002, 
        "short_term_average": 135987
    }, 
    {
        "accumulated_operating_revenue_yoy": 12.520221647855113, 
        "accumulated_operating_revenue": 968196, 
        "long_term_average": 131265, 
        "date": "2014-08-31", 
        "operating_revenue": 159300, 
        "short_term_average": 146152
    }, 
    {
        "accumulated_operating_revenue_yoy": 13.94116590397305, 
        "accumulated_operating_revenue": 1148086, 
        "long_term_average": 133993, 
        "date": "2014-09-30", 
        "operating_revenue": 179890, 
        "short_term_average": 153730
    }, 
    {
        "accumulated_operating_revenue_yoy": 14.522813158275438, 
        "accumulated_operating_revenue": 1298281, 
        "long_term_average": 136007, 
        "date": "2014-10-31", 
        "operating_revenue": 150195, 
        "short_term_average": 163128
    }, 
    {
        "accumulated_operating_revenue_yoy": 15.542309670685606, 
        "accumulated_operating_revenue": 1543175, 
        "long_term_average": 139586, 
        "date": "2014-11-30", 
        "operating_revenue": 244894, 
        "short_term_average": 191659
    }, 
    {
        "accumulated_operating_revenue_yoy": 27.738526014514974, 
        "accumulated_operating_revenue": 1874499, 
        "long_term_average": 156208, 
        "date": "2014-12-31", 
        "operating_revenue": 331324, 
        "short_term_average": 242137
    }, 
    {
        "accumulated_operating_revenue_yoy": 28.11281720743105, 
        "accumulated_operating_revenue": 123233, 
        "long_term_average": 158461, 
        "date": "2015-01-31", 
        "operating_revenue": 123233, 
        "short_term_average": 233150
    }, 
    {
        "accumulated_operating_revenue_yoy": 42.91450615458423, 
        "accumulated_operating_revenue": 217463, 
        "long_term_average": 161649, 
        "date": "2015-02-28", 
        "operating_revenue": 94230, 
        "short_term_average": 182929
    }, 
    {
        "accumulated_operating_revenue_yoy": 18.235104717022555, 
        "accumulated_operating_revenue": 323146, 
        "long_term_average": 160361, 
        "date": "2015-03-31", 
        "operating_revenue": 105683, 
        "short_term_average": 107715
    }, 
    {
        "accumulated_operating_revenue_yoy": 26.108352268334112, 
        "accumulated_operating_revenue": 505610, 
        "long_term_average": 164931, 
        "date": "2015-04-30", 
        "operating_revenue": 182464, 
        "short_term_average": 127459
    }, 
    {
        "accumulated_operating_revenue_yoy": 15.54425858771961, 
        "accumulated_operating_revenue": 612083, 
        "long_term_average": 163070, 
        "date": "2015-05-31", 
        "operating_revenue": 106473, 
        "short_term_average": 131540
    }, 
    {
        "accumulated_operating_revenue_yoy": 6.600145000538657, 
        "accumulated_operating_revenue": 732230, 
        "long_term_average": 159986, 
        "date": "2015-06-30", 
        "operating_revenue": 120147, 
        "short_term_average": 136361
    }, 
    {
        "accumulated_operating_revenue_yoy": 17.424489674816044, 
        "accumulated_operating_revenue": 949842, 
        "long_term_average": 167953, 
        "date": "2015-07-31", 
        "operating_revenue": 217612, 
        "short_term_average": 148077
    }, 
    {
        "accumulated_operating_revenue_yoy": 8.911831901805007, 
        "accumulated_operating_revenue": 1054480, 
        "long_term_average": 163398, 
        "date": "2015-08-31", 
        "operating_revenue": 104638, 
        "short_term_average": 147465
    }
]