[
    {
        "date": "2011-09-30", 
        "operating_revenue": 6437843, 
        "accumulated_operating_revenue": 6437843, 
        "long_term_average": 6437843, 
        "short_term_average": 6437843
    }, 
    {
        "date": "2011-10-31", 
        "operating_revenue": 6430415, 
        "accumulated_operating_revenue": 12868258, 
        "long_term_average": 6434129, 
        "short_term_average": 6434129
    }, 
    {
        "date": "2011-11-30", 
        "operating_revenue": 6598562, 
        "accumulated_operating_revenue": 19466820, 
        "long_term_average": 6488940, 
        "short_term_average": 6488940
    }, 
    {
        "date": "2011-12-31", 
        "operating_revenue": 6983360, 
        "accumulated_operating_revenue": 26450180, 
        "long_term_average": 6612545, 
        "short_term_average": 6670779
    }, 
    {
        "date": "2012-01-31", 
        "operating_revenue": 7373632, 
        "accumulated_operating_revenue": 7373632, 
        "long_term_average": 6764762, 
        "short_term_average": 6985184
    }, 
    {
        "date": "2012-02-29", 
        "operating_revenue": 6857523, 
        "accumulated_operating_revenue": 14231155, 
        "long_term_average": 6780222, 
        "short_term_average": 7071505
    }, 
    {
        "date": "2012-03-31", 
        "operating_revenue": 7045515, 
        "accumulated_operating_revenue": 21276670, 
        "long_term_average": 6818121, 
        "short_term_average": 7092223
    }, 
    {
        "date": "2012-04-30", 
        "operating_revenue": 6765324, 
        "accumulated_operating_revenue": 28041994, 
        "long_term_average": 6811521, 
        "short_term_average": 6889454
    }, 
    {
        "date": "2012-05-31", 
        "operating_revenue": 7335724, 
        "accumulated_operating_revenue": 35377718, 
        "long_term_average": 6869766, 
        "short_term_average": 7048854
    }, 
    {
        "date": "2012-06-30", 
        "operating_revenue": 7274152, 
        "accumulated_operating_revenue": 42651870, 
        "long_term_average": 6910205, 
        "short_term_average": 7125066
    }, 
    {
        "date": "2012-07-31", 
        "operating_revenue": 7301336, 
        "accumulated_operating_revenue": 49953206, 
        "long_term_average": 6945762, 
        "short_term_average": 7303737
    }, 
    {
        "date": "2012-08-31", 
        "operating_revenue": 7349191, 
        "accumulated_operating_revenue": 57302397, 
        "long_term_average": 6979381, 
        "short_term_average": 7308226
    }, 
    {
        "accumulated_operating_revenue_yoy": 898.5550129134866, 
        "accumulated_operating_revenue": 64285404, 
        "long_term_average": 7024811, 
        "date": "2012-09-30", 
        "operating_revenue": 6983007, 
        "short_term_average": 7211178
    }, 
    {
        "accumulated_operating_revenue_yoy": 455.60434831194715, 
        "accumulated_operating_revenue": 71496601, 
        "long_term_average": 7089876, 
        "date": "2012-10-31", 
        "operating_revenue": 7211197, 
        "short_term_average": 7181131
    }, 
    {
        "accumulated_operating_revenue_yoy": 302.90955071244304, 
        "accumulated_operating_revenue": 78433677, 
        "long_term_average": 7118086, 
        "date": "2012-11-30", 
        "operating_revenue": 6937076, 
        "short_term_average": 7043760
    }, 
    {
        "accumulated_operating_revenue_yoy": 227.65635999452556, 
        "accumulated_operating_revenue": 86665697, 
        "long_term_average": 7222141, 
        "date": "2012-12-31", 
        "operating_revenue": 8232020, 
        "short_term_average": 7460097
    }, 
    {
        "accumulated_operating_revenue_yoy": 5.28651280671452, 
        "accumulated_operating_revenue": 7763440, 
        "long_term_average": 7254625, 
        "date": "2013-01-31", 
        "operating_revenue": 7763440, 
        "short_term_average": 7644178
    }, 
    {
        "accumulated_operating_revenue_yoy": 4.465835696399906, 
        "accumulated_operating_revenue": 14866695, 
        "long_term_average": 7275103, 
        "date": "2013-02-28", 
        "operating_revenue": 7103255, 
        "short_term_average": 7699571
    }, 
    {
        "accumulated_operating_revenue_yoy": 3.802836628100168, 
        "accumulated_operating_revenue": 22085787, 
        "long_term_average": 7289567, 
        "date": "2013-03-31", 
        "operating_revenue": 7219092, 
        "short_term_average": 7361929
    }, 
    {
        "accumulated_operating_revenue_yoy": 4.404897169580737, 
        "accumulated_operating_revenue": 29277215, 
        "long_term_average": 7325076, 
        "date": "2013-04-30", 
        "operating_revenue": 7191428, 
        "short_term_average": 7171258
    }, 
    {
        "accumulated_operating_revenue_yoy": 4.180504237158542, 
        "accumulated_operating_revenue": 36856685, 
        "long_term_average": 7345388, 
        "date": "2013-05-31", 
        "operating_revenue": 7579470, 
        "short_term_average": 7329996
    }, 
    {
        "accumulated_operating_revenue_yoy": 3.5977390909237976, 
        "accumulated_operating_revenue": 44186373, 
        "long_term_average": 7350016, 
        "date": "2013-06-30", 
        "operating_revenue": 7329688, 
        "short_term_average": 7366862
    }, 
    {
        "accumulated_operating_revenue_yoy": 3.474557769124969, 
        "accumulated_operating_revenue": 51688859, 
        "long_term_average": 7366779, 
        "date": "2013-07-31", 
        "operating_revenue": 7502486, 
        "short_term_average": 7470548
    }, 
    {
        "accumulated_operating_revenue_yoy": 3.2366010797070146, 
        "accumulated_operating_revenue": 59157047, 
        "long_term_average": 7376695, 
        "date": "2013-08-31", 
        "operating_revenue": 7468188, 
        "short_term_average": 7433454
    }, 
    {
        "accumulated_operating_revenue_yoy": 3.150369872451918, 
        "accumulated_operating_revenue": 66310632, 
        "long_term_average": 7390910, 
        "date": "2013-09-30", 
        "operating_revenue": 7153585, 
        "short_term_average": 7374753
    }, 
    {
        "accumulated_operating_revenue_yoy": 3.399430135147264, 
        "accumulated_operating_revenue": 73927078, 
        "long_term_average": 7424681, 
        "date": "2013-10-31", 
        "operating_revenue": 7616446, 
        "short_term_average": 7412739
    }, 
    {
        "accumulated_operating_revenue_yoy": 3.9942204928120355, 
        "accumulated_operating_revenue": 81566491, 
        "long_term_average": 7483209, 
        "date": "2013-11-30", 
        "operating_revenue": 7639413, 
        "short_term_average": 7469814
    }, 
    {
        "accumulated_operating_revenue_yoy": 3.467210331210975, 
        "accumulated_operating_revenue": 89670579, 
        "long_term_average": 7472548, 
        "date": "2013-12-31", 
        "operating_revenue": 8104088, 
        "short_term_average": 7786649
    }, 
    {
        "accumulated_operating_revenue_yoy": 7.066751337036159, 
        "accumulated_operating_revenue": 8312063, 
        "long_term_average": 7518266, 
        "date": "2014-01-31", 
        "operating_revenue": 8312063, 
        "short_term_average": 8018521
    }, 
    {
        "accumulated_operating_revenue_yoy": 5.002927685003291, 
        "accumulated_operating_revenue": 15610465, 
        "long_term_average": 7534529, 
        "date": "2014-02-28", 
        "operating_revenue": 7298402, 
        "short_term_average": 7904851
    }, 
    {
        "accumulated_operating_revenue_yoy": 3.52578787434652, 
        "accumulated_operating_revenue": 22864485, 
        "long_term_average": 7537439, 
        "date": "2014-03-31", 
        "operating_revenue": 7254020, 
        "short_term_average": 7621495
    }, 
    {
        "accumulated_operating_revenue_yoy": 3.1983370002918647, 
        "accumulated_operating_revenue": 30213599, 
        "long_term_average": 7550580, 
        "date": "2014-04-30", 
        "operating_revenue": 7349114, 
        "short_term_average": 7300512
    }, 
    {
        "accumulated_operating_revenue_yoy": 1.7728778374940666, 
        "accumulated_operating_revenue": 37510109, 
        "long_term_average": 7527000, 
        "date": "2014-05-31", 
        "operating_revenue": 7296510, 
        "short_term_average": 7299881
    }, 
    {
        "accumulated_operating_revenue_yoy": 1.5848506054117635, 
        "accumulated_operating_revenue": 44886661, 
        "long_term_average": 7530905, 
        "date": "2014-06-30", 
        "operating_revenue": 7376552, 
        "short_term_average": 7340725
    }, 
    {
        "accumulated_operating_revenue_yoy": 1.6896503751417689, 
        "accumulated_operating_revenue": 52562220, 
        "long_term_average": 7545328, 
        "date": "2014-07-31", 
        "operating_revenue": 7675559, 
        "short_term_average": 7449540
    }, 
    {
        "accumulated_operating_revenue_yoy": 1.7669577049713114, 
        "accumulated_operating_revenue": 60202327, 
        "long_term_average": 7559654, 
        "date": "2014-08-31", 
        "operating_revenue": 7640107, 
        "short_term_average": 7564072
    }, 
    {
        "accumulated_operating_revenue_yoy": 2.7520247431814555, 
        "accumulated_operating_revenue": 68135517, 
        "long_term_average": 7624622, 
        "date": "2014-09-30", 
        "operating_revenue": 7933190, 
        "short_term_average": 7749618
    }, 
    {
        "accumulated_operating_revenue_yoy": 3.8880232761262388, 
        "accumulated_operating_revenue": 76801380, 
        "long_term_average": 7712073, 
        "date": "2014-10-31", 
        "operating_revenue": 8665863, 
        "short_term_average": 8079720
    }, 
    {
        "accumulated_operating_revenue_yoy": 4.494270815205229, 
        "accumulated_operating_revenue": 85232310, 
        "long_term_average": 7778033, 
        "date": "2014-11-30", 
        "operating_revenue": 8430930, 
        "short_term_average": 8343327
    }, 
    {
        "accumulated_operating_revenue_yoy": 5.023967783234677, 
        "accumulated_operating_revenue": 94175600, 
        "long_term_average": 7847966, 
        "date": "2014-12-31", 
        "operating_revenue": 8943290, 
        "short_term_average": 8680027
    }, 
    {
        "accumulated_operating_revenue_yoy": 0.9368672975649969, 
        "accumulated_operating_revenue": 8389936, 
        "long_term_average": 7854456, 
        "date": "2015-01-31", 
        "operating_revenue": 8389936, 
        "short_term_average": 8588052
    }, 
    {
        "accumulated_operating_revenue_yoy": 6.528639601703088, 
        "accumulated_operating_revenue": 16629616, 
        "long_term_average": 7932895, 
        "date": "2015-02-28", 
        "operating_revenue": 8239680, 
        "short_term_average": 8524302
    }, 
    {
        "accumulated_operating_revenue_yoy": 8.397359485682708, 
        "accumulated_operating_revenue": 24784498, 
        "long_term_average": 8007967, 
        "date": "2015-03-31", 
        "operating_revenue": 8154882, 
        "short_term_average": 8261499
    }, 
    {
        "accumulated_operating_revenue_yoy": 8.389338191719563, 
        "accumulated_operating_revenue": 32748320, 
        "long_term_average": 8059193, 
        "date": "2015-04-30", 
        "operating_revenue": 7963822, 
        "short_term_average": 8119461
    }, 
    {
        "accumulated_operating_revenue_yoy": 7.91984635395221, 
        "accumulated_operating_revenue": 40480852, 
        "long_term_average": 8095528, 
        "date": "2015-05-31", 
        "operating_revenue": 7732532, 
        "short_term_average": 7950412
    }, 
    {
        "accumulated_operating_revenue_yoy": 7.873965051666462, 
        "accumulated_operating_revenue": 48421021, 
        "long_term_average": 8142496, 
        "date": "2015-06-30", 
        "operating_revenue": 7940169, 
        "short_term_average": 7878841
    }, 
    {
        "accumulated_operating_revenue_yoy": 7.123049597220208, 
        "accumulated_operating_revenue": 56306253, 
        "long_term_average": 8159969, 
        "date": "2015-07-31", 
        "operating_revenue": 7885232, 
        "short_term_average": 7852644
    }, 
    {
        "accumulated_operating_revenue_yoy": 6.01215132431675, 
        "accumulated_operating_revenue": 63821782, 
        "long_term_average": 8149587, 
        "date": "2015-08-31", 
        "operating_revenue": 7515529, 
        "short_term_average": 7780310
    }, 
    {
        "accumulated_operating_revenue_yoy": 4.797873625880024, 
        "accumulated_operating_revenue": 71404573, 
        "long_term_average": 8120388, 
        "date": "2015-09-30", 
        "operating_revenue": 7582791, 
        "short_term_average": 7661184
    }
]