[
    {
        "date": "2012-01-31", 
        "operating_revenue": 15737, 
        "accumulated_operating_revenue": 15737, 
        "long_term_average": 15737, 
        "short_term_average": 15737
    }, 
    {
        "date": "2012-02-29", 
        "operating_revenue": 45269, 
        "accumulated_operating_revenue": 61006, 
        "long_term_average": 30503, 
        "short_term_average": 30503
    }, 
    {
        "date": "2012-03-31", 
        "operating_revenue": 27266, 
        "accumulated_operating_revenue": 88272, 
        "long_term_average": 29424, 
        "short_term_average": 29424
    }, 
    {
        "date": "2012-04-30", 
        "operating_revenue": 24358, 
        "accumulated_operating_revenue": 112630, 
        "long_term_average": 28157, 
        "short_term_average": 32297
    }, 
    {
        "date": "2012-05-31", 
        "operating_revenue": 15566, 
        "accumulated_operating_revenue": 128196, 
        "long_term_average": 25639, 
        "short_term_average": 22396
    }, 
    {
        "date": "2012-06-30", 
        "operating_revenue": 14265, 
        "accumulated_operating_revenue": 142461, 
        "long_term_average": 23743, 
        "short_term_average": 18063
    }, 
    {
        "date": "2012-07-31", 
        "operating_revenue": 29998, 
        "accumulated_operating_revenue": 172459, 
        "long_term_average": 24637, 
        "short_term_average": 19943
    }, 
    {
        "date": "2012-08-31", 
        "operating_revenue": 22120, 
        "accumulated_operating_revenue": 194579, 
        "long_term_average": 24322, 
        "short_term_average": 22127
    }, 
    {
        "date": "2012-09-30", 
        "operating_revenue": 14885, 
        "accumulated_operating_revenue": 209464, 
        "long_term_average": 23273, 
        "short_term_average": 22334
    }, 
    {
        "date": "2012-10-31", 
        "operating_revenue": 18228, 
        "accumulated_operating_revenue": 227692, 
        "long_term_average": 22769, 
        "short_term_average": 18411
    }, 
    {
        "date": "2012-11-30", 
        "operating_revenue": 40394, 
        "accumulated_operating_revenue": 268086, 
        "long_term_average": 24371, 
        "short_term_average": 24502
    }, 
    {
        "date": "2012-12-31", 
        "operating_revenue": 27160, 
        "accumulated_operating_revenue": 295246, 
        "long_term_average": 24603, 
        "short_term_average": 28594
    }, 
    {
        "accumulated_operating_revenue_yoy": 15.803520366016393, 
        "accumulated_operating_revenue": 18224, 
        "long_term_average": 24811, 
        "date": "2013-01-31", 
        "operating_revenue": 18224, 
        "short_term_average": 28592
    }, 
    {
        "accumulated_operating_revenue_yoy": -54.43890764842803, 
        "accumulated_operating_revenue": 27795, 
        "long_term_average": 21836, 
        "date": "2013-02-28", 
        "operating_revenue": 9571, 
        "short_term_average": 18318
    }, 
    {
        "accumulated_operating_revenue_yoy": -42.0926228022476, 
        "accumulated_operating_revenue": 51116, 
        "long_term_average": 21507, 
        "date": "2013-03-31", 
        "operating_revenue": 23321, 
        "short_term_average": 17038
    }, 
    {
        "accumulated_operating_revenue_yoy": -43.1545769333215, 
        "accumulated_operating_revenue": 64025, 
        "long_term_average": 20553, 
        "date": "2013-04-30", 
        "operating_revenue": 12909, 
        "short_term_average": 15267
    }, 
    {
        "accumulated_operating_revenue_yoy": -32.22799463321788, 
        "accumulated_operating_revenue": 86881, 
        "long_term_average": 21160, 
        "date": "2013-05-31", 
        "operating_revenue": 22856, 
        "short_term_average": 19695
    }, 
    {
        "accumulated_operating_revenue_yoy": -16.308322979622496, 
        "accumulated_operating_revenue": 119228, 
        "long_term_average": 22667, 
        "date": "2013-06-30", 
        "operating_revenue": 32347, 
        "short_term_average": 22704
    }, 
    {
        "accumulated_operating_revenue_yoy": -14.88933601609658, 
        "accumulated_operating_revenue": 146781, 
        "long_term_average": 22464, 
        "date": "2013-07-31", 
        "operating_revenue": 27553, 
        "short_term_average": 27585
    }, 
    {
        "accumulated_operating_revenue_yoy": -11.877951885866409, 
        "accumulated_operating_revenue": 171467, 
        "long_term_average": 22677, 
        "date": "2013-08-31", 
        "operating_revenue": 24686, 
        "short_term_average": 28195
    }, 
    {
        "accumulated_operating_revenue_yoy": -9.867566741779017, 
        "accumulated_operating_revenue": 188795, 
        "long_term_average": 22881, 
        "date": "2013-09-30", 
        "operating_revenue": 17328, 
        "short_term_average": 23189
    }, 
    {
        "accumulated_operating_revenue_yoy": -9.545789926743144, 
        "accumulated_operating_revenue": 205957, 
        "long_term_average": 22792, 
        "date": "2013-10-31", 
        "operating_revenue": 17162, 
        "short_term_average": 19725
    }, 
    {
        "accumulated_operating_revenue_yoy": -15.40699626239341, 
        "accumulated_operating_revenue": 226782, 
        "long_term_average": 21161, 
        "date": "2013-11-30", 
        "operating_revenue": 20825, 
        "short_term_average": 18438
    }, 
    {
        "accumulated_operating_revenue_yoy": -15.528068119466479, 
        "accumulated_operating_revenue": 249400, 
        "long_term_average": 20783, 
        "date": "2013-12-31", 
        "operating_revenue": 22618, 
        "short_term_average": 20201
    }, 
    {
        "accumulated_operating_revenue_yoy": -11.128182616330113, 
        "accumulated_operating_revenue": 16196, 
        "long_term_average": 20614, 
        "date": "2014-01-31", 
        "operating_revenue": 16196, 
        "short_term_average": 19879
    }, 
    {
        "accumulated_operating_revenue_yoy": 6.591113509624033, 
        "accumulated_operating_revenue": 29627, 
        "long_term_average": 20936, 
        "date": "2014-02-28", 
        "operating_revenue": 13431, 
        "short_term_average": 17415
    }, 
    {
        "accumulated_operating_revenue_yoy": -16.51733312465764, 
        "accumulated_operating_revenue": 42673, 
        "long_term_average": 20079, 
        "date": "2014-03-31", 
        "operating_revenue": 13046, 
        "short_term_average": 14224
    }, 
    {
        "accumulated_operating_revenue_yoy": -17.168293635298713, 
        "accumulated_operating_revenue": 53033, 
        "long_term_average": 19867, 
        "date": "2014-04-30", 
        "operating_revenue": 10360, 
        "short_term_average": 12279
    }, 
    {
        "accumulated_operating_revenue_yoy": -21.423556358697528, 
        "accumulated_operating_revenue": 68268, 
        "long_term_average": 19232, 
        "date": "2014-05-31", 
        "operating_revenue": 15235, 
        "short_term_average": 12880
    }, 
    {
        "accumulated_operating_revenue_yoy": -33.73704163451538, 
        "accumulated_operating_revenue": 79004, 
        "long_term_average": 17431, 
        "date": "2014-06-30", 
        "operating_revenue": 10736, 
        "short_term_average": 12110
    }, 
    {
        "accumulated_operating_revenue_yoy": -36.752713225826234, 
        "accumulated_operating_revenue": 92835, 
        "long_term_average": 16287, 
        "date": "2014-07-31", 
        "operating_revenue": 13831, 
        "short_term_average": 13267
    }, 
    {
        "accumulated_operating_revenue_yoy": -35.19336082161582, 
        "accumulated_operating_revenue": 111122, 
        "long_term_average": 15754, 
        "date": "2014-08-31", 
        "operating_revenue": 18287, 
        "short_term_average": 14284
    }, 
    {
        "accumulated_operating_revenue_yoy": -36.05868799491512, 
        "accumulated_operating_revenue": 120718, 
        "long_term_average": 15110, 
        "date": "2014-09-30", 
        "operating_revenue": 9596, 
        "short_term_average": 13904
    }, 
    {
        "accumulated_operating_revenue_yoy": -35.09130546667508, 
        "accumulated_operating_revenue": 133684, 
        "long_term_average": 14760, 
        "date": "2014-10-31", 
        "operating_revenue": 12966, 
        "short_term_average": 13616
    }, 
    {
        "accumulated_operating_revenue_yoy": -35.58174811052023, 
        "accumulated_operating_revenue": 146089, 
        "long_term_average": 14058, 
        "date": "2014-11-30", 
        "operating_revenue": 12405, 
        "short_term_average": 11655
    }, 
    {
        "accumulated_operating_revenue_yoy": -27.03408179631115, 
        "accumulated_operating_revenue": 181977, 
        "long_term_average": 15164, 
        "date": "2014-12-31", 
        "operating_revenue": 35888, 
        "short_term_average": 20419
    }, 
    {
        "accumulated_operating_revenue_yoy": -30.797727834033097, 
        "accumulated_operating_revenue": 11208, 
        "long_term_average": 14749, 
        "date": "2015-01-31", 
        "operating_revenue": 11208, 
        "short_term_average": 19833
    }, 
    {
        "accumulated_operating_revenue_yoy": -39.19060316603098, 
        "accumulated_operating_revenue": 18016, 
        "long_term_average": 14197, 
        "date": "2015-02-28", 
        "operating_revenue": 6808, 
        "short_term_average": 17968
    }, 
    {
        "accumulated_operating_revenue_yoy": -42.48588100203876, 
        "accumulated_operating_revenue": 24543, 
        "long_term_average": 13653, 
        "date": "2015-03-31", 
        "operating_revenue": 6527, 
        "short_term_average": 8181
    }, 
    {
        "accumulated_operating_revenue_yoy": -42.69228593517244, 
        "accumulated_operating_revenue": 30392, 
        "long_term_average": 13278, 
        "date": "2015-04-30", 
        "operating_revenue": 5849, 
        "short_term_average": 6394
    }, 
    {
        "accumulated_operating_revenue_yoy": -36.53834886037382, 
        "accumulated_operating_revenue": 43324, 
        "long_term_average": 13086, 
        "date": "2015-05-31", 
        "operating_revenue": 12932, 
        "short_term_average": 8436
    }, 
    {
        "accumulated_operating_revenue_yoy": -37.956306009822285, 
        "accumulated_operating_revenue": 49017, 
        "long_term_average": 12665, 
        "date": "2015-06-30", 
        "operating_revenue": 5693, 
        "short_term_average": 8158
    }, 
    {
        "accumulated_operating_revenue_yoy": -31.292077341519903, 
        "accumulated_operating_revenue": 63785, 
        "long_term_average": 12743, 
        "date": "2015-07-31", 
        "operating_revenue": 14768, 
        "short_term_average": 11131
    }, 
    {
        "accumulated_operating_revenue_yoy": -35.15145515739457, 
        "accumulated_operating_revenue": 72061, 
        "long_term_average": 11909, 
        "date": "2015-08-31", 
        "operating_revenue": 8276, 
        "short_term_average": 9579
    }, 
    {
        "accumulated_operating_revenue_yoy": -30.214218260739905, 
        "accumulated_operating_revenue": 84244, 
        "long_term_average": 12125, 
        "date": "2015-09-30", 
        "operating_revenue": 12183, 
        "short_term_average": 11742
    }
]