[
    {
        "date": "2011-09-30", 
        "operating_revenue": 2853714, 
        "accumulated_operating_revenue": 2853714, 
        "long_term_average": 2853714, 
        "short_term_average": 2853714
    }, 
    {
        "date": "2011-10-31", 
        "operating_revenue": 2480100, 
        "accumulated_operating_revenue": 5333814, 
        "long_term_average": 2666907, 
        "short_term_average": 2666907
    }, 
    {
        "date": "2011-11-30", 
        "operating_revenue": 2034963, 
        "accumulated_operating_revenue": 7368777, 
        "long_term_average": 2456259, 
        "short_term_average": 2456259
    }, 
    {
        "date": "2011-12-31", 
        "operating_revenue": 2416341, 
        "accumulated_operating_revenue": 9785118, 
        "long_term_average": 2446279, 
        "short_term_average": 2310468
    }, 
    {
        "date": "2012-01-31", 
        "operating_revenue": 1643880, 
        "accumulated_operating_revenue": 1643880, 
        "long_term_average": 2285799, 
        "short_term_average": 2031728
    }, 
    {
        "date": "2012-02-29", 
        "operating_revenue": 2006912, 
        "accumulated_operating_revenue": 3650792, 
        "long_term_average": 2239318, 
        "short_term_average": 2022377
    }, 
    {
        "date": "2012-03-31", 
        "operating_revenue": 2372025, 
        "accumulated_operating_revenue": 6022817, 
        "long_term_average": 2258276, 
        "short_term_average": 2007605
    }, 
    {
        "date": "2012-04-30", 
        "operating_revenue": 2290553, 
        "accumulated_operating_revenue": 8313370, 
        "long_term_average": 2262311, 
        "short_term_average": 2223163
    }, 
    {
        "date": "2012-05-31", 
        "operating_revenue": 2465541, 
        "accumulated_operating_revenue": 10778911, 
        "long_term_average": 2284892, 
        "short_term_average": 2376039
    }, 
    {
        "date": "2012-06-30", 
        "operating_revenue": 2782845, 
        "accumulated_operating_revenue": 13561756, 
        "long_term_average": 2334687, 
        "short_term_average": 2512979
    }, 
    {
        "date": "2012-07-31", 
        "operating_revenue": 2247380, 
        "accumulated_operating_revenue": 15809136, 
        "long_term_average": 2326750, 
        "short_term_average": 2498588
    }, 
    {
        "date": "2012-08-31", 
        "operating_revenue": 2199617, 
        "accumulated_operating_revenue": 18008753, 
        "long_term_average": 2316155, 
        "short_term_average": 2409947
    }, 
    {
        "accumulated_operating_revenue_yoy": 612.0079307176543, 
        "accumulated_operating_revenue": 20318670, 
        "long_term_average": 2270839, 
        "date": "2012-09-30", 
        "operating_revenue": 2309917, 
        "short_term_average": 2252304
    }, 
    {
        "accumulated_operating_revenue_yoy": 320.4262840811472, 
        "accumulated_operating_revenue": 22424756, 
        "long_term_average": 2239671, 
        "date": "2012-10-31", 
        "operating_revenue": 2106086, 
        "short_term_average": 2205206
    }, 
    {
        "accumulated_operating_revenue_yoy": 232.02713286071761, 
        "accumulated_operating_revenue": 24466339, 
        "long_term_average": 2240223, 
        "date": "2012-11-30", 
        "operating_revenue": 2041583, 
        "short_term_average": 2152528
    }, 
    {
        "accumulated_operating_revenue_yoy": 170.20335370508562, 
        "accumulated_operating_revenue": 26439717, 
        "long_term_average": 2203309, 
        "date": "2012-12-31", 
        "operating_revenue": 1973378, 
        "short_term_average": 2040349
    }, 
    {
        "accumulated_operating_revenue_yoy": 12.363067863834342, 
        "accumulated_operating_revenue": 1847114, 
        "long_term_average": 2220245, 
        "date": "2013-01-31", 
        "operating_revenue": 1847114, 
        "short_term_average": 1954025
    }, 
    {
        "accumulated_operating_revenue_yoy": -12.734140975437658, 
        "accumulated_operating_revenue": 3185895, 
        "long_term_average": 2164568, 
        "date": "2013-02-28", 
        "operating_revenue": 1338781, 
        "short_term_average": 1719757
    }, 
    {
        "accumulated_operating_revenue_yoy": -13.758130124159509, 
        "accumulated_operating_revenue": 5194190, 
        "long_term_average": 2134257, 
        "date": "2013-03-31", 
        "operating_revenue": 2008295, 
        "short_term_average": 1731396
    }, 
    {
        "accumulated_operating_revenue_yoy": -15.252887818056937, 
        "accumulated_operating_revenue": 7045341, 
        "long_term_average": 2097640, 
        "date": "2013-04-30", 
        "operating_revenue": 1851151, 
        "short_term_average": 1732742
    }, 
    {
        "accumulated_operating_revenue_yoy": -15.549233127539509, 
        "accumulated_operating_revenue": 9102873, 
        "long_term_average": 2063639, 
        "date": "2013-05-31", 
        "operating_revenue": 2057532, 
        "short_term_average": 1972326
    }, 
    {
        "accumulated_operating_revenue_yoy": -18.834699577252383, 
        "accumulated_operating_revenue": 11007440, 
        "long_term_average": 1990450, 
        "date": "2013-06-30", 
        "operating_revenue": 1904567, 
        "short_term_average": 1937750
    }, 
    {
        "accumulated_operating_revenue_yoy": -21.042914679208273, 
        "accumulated_operating_revenue": 12482433, 
        "long_term_average": 1926084, 
        "date": "2013-07-31", 
        "operating_revenue": 1474993, 
        "short_term_average": 1812364
    }, 
    {
        "accumulated_operating_revenue_yoy": -21.38078633206863, 
        "accumulated_operating_revenue": 14158340, 
        "long_term_average": 1882442, 
        "date": "2013-08-31", 
        "operating_revenue": 1675907, 
        "short_term_average": 1685155
    }, 
    {
        "accumulated_operating_revenue_yoy": -22.78047726549031, 
        "accumulated_operating_revenue": 15689980, 
        "long_term_average": 1817585, 
        "date": "2013-09-30", 
        "operating_revenue": 1531640, 
        "short_term_average": 1560846
    }, 
    {
        "accumulated_operating_revenue_yoy": -23.778702430474606, 
        "accumulated_operating_revenue": 17092440, 
        "long_term_average": 1758950, 
        "date": "2013-10-31", 
        "operating_revenue": 1402460, 
        "short_term_average": 1536669
    }, 
    {
        "accumulated_operating_revenue_yoy": -25.110266803709376, 
        "accumulated_operating_revenue": 18322776, 
        "long_term_average": 1691346, 
        "date": "2013-11-30", 
        "operating_revenue": 1230336, 
        "short_term_average": 1388145
    }, 
    {
        "accumulated_operating_revenue_yoy": -24.623550244505267, 
        "accumulated_operating_revenue": 19929320, 
        "long_term_average": 1660776, 
        "date": "2013-12-31", 
        "operating_revenue": 1606544, 
        "short_term_average": 1413113
    }, 
    {
        "accumulated_operating_revenue_yoy": -37.175020058318005, 
        "accumulated_operating_revenue": 1160449, 
        "long_term_average": 1603554, 
        "date": "2014-01-31", 
        "operating_revenue": 1160449, 
        "short_term_average": 1332443
    }, 
    {
        "accumulated_operating_revenue_yoy": -30.862191001272798, 
        "accumulated_operating_revenue": 2202658, 
        "long_term_average": 1578840, 
        "date": "2014-02-28", 
        "operating_revenue": 1042209, 
        "short_term_average": 1269734
    }, 
    {
        "accumulated_operating_revenue_yoy": -30.40957300368296, 
        "accumulated_operating_revenue": 3614659, 
        "long_term_average": 1529149, 
        "date": "2014-03-31", 
        "operating_revenue": 1412001, 
        "short_term_average": 1204886
    }, 
    {
        "accumulated_operating_revenue_yoy": -34.05417849895413, 
        "accumulated_operating_revenue": 4646108, 
        "long_term_average": 1460840, 
        "date": "2014-04-30", 
        "operating_revenue": 1031449, 
        "short_term_average": 1161886
    }, 
    {
        "accumulated_operating_revenue_yoy": -33.542970444605785, 
        "accumulated_operating_revenue": 6049499, 
        "long_term_average": 1406328, 
        "date": "2014-05-31", 
        "operating_revenue": 1403391, 
        "short_term_average": 1282280
    }, 
    {
        "accumulated_operating_revenue_yoy": -30.789711322523676, 
        "accumulated_operating_revenue": 7618281, 
        "long_term_average": 1378346, 
        "date": "2014-06-30", 
        "operating_revenue": 1568782, 
        "short_term_average": 1334540
    }, 
    {
        "accumulated_operating_revenue_yoy": -25.289276537674986, 
        "accumulated_operating_revenue": 9325716, 
        "long_term_average": 1397716, 
        "date": "2014-07-31", 
        "operating_revenue": 1707435, 
        "short_term_average": 1559869
    }, 
    {
        "accumulated_operating_revenue_yoy": -20.763126185696912, 
        "accumulated_operating_revenue": 11218626, 
        "long_term_average": 1415800, 
        "date": "2014-08-31", 
        "operating_revenue": 1892910, 
        "short_term_average": 1723042
    }, 
    {
        "accumulated_operating_revenue_yoy": -17.573699902740476, 
        "accumulated_operating_revenue": 12932670, 
        "long_term_average": 1431000, 
        "date": "2014-09-30", 
        "operating_revenue": 1714044, 
        "short_term_average": 1771463
    }, 
    {
        "accumulated_operating_revenue_yoy": -15.57863593495136, 
        "accumulated_operating_revenue": 14429671, 
        "long_term_average": 1438879, 
        "date": "2014-10-31", 
        "operating_revenue": 1497001, 
        "short_term_average": 1701318
    }, 
    {
        "accumulated_operating_revenue_yoy": -13.01636280441348, 
        "accumulated_operating_revenue": 15937817, 
        "long_term_average": 1462030, 
        "date": "2014-11-30", 
        "operating_revenue": 1508146, 
        "short_term_average": 1573063
    }, 
    {
        "accumulated_operating_revenue_yoy": -11.265105884194744, 
        "accumulated_operating_revenue": 17684261, 
        "long_term_average": 1473688, 
        "date": "2014-12-31", 
        "operating_revenue": 1746444, 
        "short_term_average": 1583863
    }, 
    {
        "accumulated_operating_revenue_yoy": 46.560943221115274, 
        "accumulated_operating_revenue": 1700765, 
        "long_term_average": 1518714, 
        "date": "2015-01-31", 
        "operating_revenue": 1700765, 
        "short_term_average": 1651785
    }, 
    {
        "accumulated_operating_revenue_yoy": 27.819888516510506, 
        "accumulated_operating_revenue": 2815435, 
        "long_term_average": 1524753, 
        "date": "2015-02-28", 
        "operating_revenue": 1114670, 
        "short_term_average": 1520626
    }, 
    {
        "accumulated_operating_revenue_yoy": 22.936631090235622, 
        "accumulated_operating_revenue": 4443740, 
        "long_term_average": 1542778, 
        "date": "2015-03-31", 
        "operating_revenue": 1628305, 
        "short_term_average": 1481246
    }, 
    {
        "accumulated_operating_revenue_yoy": 31.478476178341097, 
        "accumulated_operating_revenue": 6108632, 
        "long_term_average": 1595565, 
        "date": "2015-04-30", 
        "operating_revenue": 1664892, 
        "short_term_average": 1469289
    }, 
    {
        "accumulated_operating_revenue_yoy": 24.818666801994677, 
        "accumulated_operating_revenue": 7550904, 
        "long_term_average": 1598805, 
        "date": "2015-05-31", 
        "operating_revenue": 1442272, 
        "short_term_average": 1578489
    }, 
    {
        "accumulated_operating_revenue_yoy": 20.970478773361076, 
        "accumulated_operating_revenue": 9215871, 
        "long_term_average": 1606820, 
        "date": "2015-06-30", 
        "operating_revenue": 1664967, 
        "short_term_average": 1590710
    }, 
    {
        "accumulated_operating_revenue_yoy": 16.194413383379892, 
        "accumulated_operating_revenue": 10835961, 
        "long_term_average": 1599542, 
        "date": "2015-07-31", 
        "operating_revenue": 1620090, 
        "short_term_average": 1575776
    }, 
    {
        "accumulated_operating_revenue_yoy": 10.03013203221143, 
        "accumulated_operating_revenue": 12343869, 
        "long_term_average": 1567458, 
        "date": "2015-08-31", 
        "operating_revenue": 1507908, 
        "short_term_average": 1597655
    }, 
    {
        "accumulated_operating_revenue_yoy": 5.509264521556647, 
        "accumulated_operating_revenue": 13645165, 
        "long_term_average": 1533063, 
        "date": "2015-09-30", 
        "operating_revenue": 1301296, 
        "short_term_average": 1476431
    }, 
    {
        "accumulated_operating_revenue_yoy": 3.099703382010581, 
        "accumulated_operating_revenue": 14876948, 
        "long_term_average": 1510961, 
        "date": "2015-10-31", 
        "operating_revenue": 1231783, 
        "short_term_average": 1346995
    }
]