[
    {
        "date": "2012-01-31", 
        "operating_revenue": 2640, 
        "accumulated_operating_revenue": 2640, 
        "long_term_average": 2640, 
        "short_term_average": 2640
    }, 
    {
        "date": "2012-02-29", 
        "operating_revenue": 172, 
        "accumulated_operating_revenue": 2812, 
        "long_term_average": 1406, 
        "short_term_average": 1406
    }, 
    {
        "date": "2012-03-31", 
        "operating_revenue": 107, 
        "accumulated_operating_revenue": 2919, 
        "long_term_average": 973, 
        "short_term_average": 973
    }, 
    {
        "date": "2012-04-30", 
        "operating_revenue": 68, 
        "accumulated_operating_revenue": 2987, 
        "long_term_average": 746, 
        "short_term_average": 115
    }, 
    {
        "date": "2012-05-31", 
        "operating_revenue": 210, 
        "accumulated_operating_revenue": 3197, 
        "long_term_average": 639, 
        "short_term_average": 128
    }, 
    {
        "date": "2012-06-30", 
        "operating_revenue": 113, 
        "accumulated_operating_revenue": 3310, 
        "long_term_average": 551, 
        "short_term_average": 130
    }, 
    {
        "date": "2012-07-31", 
        "operating_revenue": 68, 
        "accumulated_operating_revenue": 3378, 
        "long_term_average": 482, 
        "short_term_average": 130
    }, 
    {
        "date": "2012-08-31", 
        "operating_revenue": 42, 
        "accumulated_operating_revenue": 3420, 
        "long_term_average": 427, 
        "short_term_average": 74
    }, 
    {
        "date": "2012-09-30", 
        "operating_revenue": 785, 
        "accumulated_operating_revenue": 4205, 
        "long_term_average": 467, 
        "short_term_average": 298
    }, 
    {
        "date": "2012-10-31", 
        "operating_revenue": 55, 
        "accumulated_operating_revenue": 4260, 
        "long_term_average": 426, 
        "short_term_average": 294
    }, 
    {
        "date": "2012-11-30", 
        "operating_revenue": 54, 
        "accumulated_operating_revenue": 4314, 
        "long_term_average": 392, 
        "short_term_average": 298
    }, 
    {
        "date": "2012-12-31", 
        "operating_revenue": 124930, 
        "accumulated_operating_revenue": 129244, 
        "long_term_average": 10770, 
        "short_term_average": 41679
    }, 
    {
        "accumulated_operating_revenue_yoy": 233.030303030303, 
        "accumulated_operating_revenue": 8792, 
        "long_term_average": 11283, 
        "date": "2013-01-31", 
        "operating_revenue": 8792, 
        "short_term_average": 44592
    }, 
    {
        "accumulated_operating_revenue_yoy": 224.8221906116643, 
        "accumulated_operating_revenue": 9134, 
        "long_term_average": 11297, 
        "date": "2013-02-28", 
        "operating_revenue": 342, 
        "short_term_average": 44688
    }, 
    {
        "accumulated_operating_revenue_yoy": 283.48749571771157, 
        "accumulated_operating_revenue": 11194, 
        "long_term_average": 11459, 
        "date": "2013-03-31", 
        "operating_revenue": 2060, 
        "short_term_average": 3731
    }, 
    {
        "accumulated_operating_revenue_yoy": 370.10378305992634, 
        "accumulated_operating_revenue": 14042, 
        "long_term_average": 11691, 
        "date": "2013-04-30", 
        "operating_revenue": 2848, 
        "short_term_average": 1750
    }, 
    {
        "accumulated_operating_revenue_yoy": 418.70503597122297, 
        "accumulated_operating_revenue": 16583, 
        "long_term_average": 11885, 
        "date": "2013-05-31", 
        "operating_revenue": 2541, 
        "short_term_average": 2483
    }, 
    {
        "accumulated_operating_revenue_yoy": 470.7250755287009, 
        "accumulated_operating_revenue": 18891, 
        "long_term_average": 12068, 
        "date": "2013-06-30", 
        "operating_revenue": 2308, 
        "short_term_average": 2565
    }, 
    {
        "accumulated_operating_revenue_yoy": 532.2972172883362, 
        "accumulated_operating_revenue": 21359, 
        "long_term_average": 12268, 
        "date": "2013-07-31", 
        "operating_revenue": 2468, 
        "short_term_average": 2439
    }, 
    {
        "accumulated_operating_revenue_yoy": 524.8245614035087, 
        "accumulated_operating_revenue": 21369, 
        "long_term_average": 12266, 
        "date": "2013-08-31", 
        "operating_revenue": 10, 
        "short_term_average": 1595
    }, 
    {
        "accumulated_operating_revenue_yoy": 6183.85255648038, 
        "accumulated_operating_revenue": 264236, 
        "long_term_average": 32439, 
        "date": "2013-09-30", 
        "operating_revenue": 242867, 
        "short_term_average": 81781
    }, 
    {
        "accumulated_operating_revenue_yoy": 9979.765258215963, 
        "accumulated_operating_revenue": 429398, 
        "long_term_average": 46198, 
        "date": "2013-10-31", 
        "operating_revenue": 165162, 
        "short_term_average": 136013
    }, 
    {
        "accumulated_operating_revenue_yoy": 10724.733426054705, 
        "accumulated_operating_revenue": 466979, 
        "long_term_average": 49325, 
        "date": "2013-11-30", 
        "operating_revenue": 37581, 
        "short_term_average": 148536
    }, 
    {
        "accumulated_operating_revenue_yoy": 312.91278511961866, 
        "accumulated_operating_revenue": 533665, 
        "long_term_average": 44472, 
        "date": "2013-12-31", 
        "operating_revenue": 66686, 
        "short_term_average": 89809
    }, 
    {
        "accumulated_operating_revenue_yoy": -99.8862602365787, 
        "accumulated_operating_revenue": 10, 
        "long_term_average": 43740, 
        "date": "2014-01-31", 
        "operating_revenue": 10, 
        "short_term_average": 34759
    }, 
    {
        "accumulated_operating_revenue_yoy": -99.79198598642435, 
        "accumulated_operating_revenue": 19, 
        "long_term_average": 43712, 
        "date": "2014-02-28", 
        "operating_revenue": 9, 
        "short_term_average": 22235
    }, 
    {
        "accumulated_operating_revenue_yoy": -98.70466321243524, 
        "accumulated_operating_revenue": 145, 
        "long_term_average": 43551, 
        "date": "2014-03-31", 
        "operating_revenue": 126, 
        "short_term_average": 48
    }, 
    {
        "accumulated_operating_revenue_yoy": 378.51445663010963, 
        "accumulated_operating_revenue": 67193, 
        "long_term_average": 48901, 
        "date": "2014-04-30", 
        "operating_revenue": 67048, 
        "short_term_average": 22394
    }, 
    {
        "accumulated_operating_revenue_yoy": 305.25236688174635, 
        "accumulated_operating_revenue": 67203, 
        "long_term_average": 48690, 
        "date": "2014-05-31", 
        "operating_revenue": 10, 
        "short_term_average": 22394
    }, 
    {
        "accumulated_operating_revenue_yoy": 255.79376422635116, 
        "accumulated_operating_revenue": 67213, 
        "long_term_average": 48498, 
        "date": "2014-06-30", 
        "operating_revenue": 10, 
        "short_term_average": 22356
    }, 
    {
        "accumulated_operating_revenue_yoy": 214.72915398660984, 
        "accumulated_operating_revenue": 67223, 
        "long_term_average": 48294, 
        "date": "2014-07-31", 
        "operating_revenue": 10, 
        "short_term_average": 10
    }, 
    {
        "accumulated_operating_revenue_yoy": 214.62866769619544, 
        "accumulated_operating_revenue": 67233, 
        "long_term_average": 48294, 
        "date": "2014-08-31", 
        "operating_revenue": 10, 
        "short_term_average": 10
    }, 
    {
        "accumulated_operating_revenue_yoy": -74.55191571171225, 
        "accumulated_operating_revenue": 67243, 
        "long_term_average": 28056, 
        "date": "2014-09-30", 
        "operating_revenue": 10, 
        "short_term_average": 10
    }, 
    {
        "accumulated_operating_revenue_yoy": -84.33784041844629, 
        "accumulated_operating_revenue": 67253, 
        "long_term_average": 14293, 
        "date": "2014-10-31", 
        "operating_revenue": 10, 
        "short_term_average": 10
    }, 
    {
        "accumulated_operating_revenue_yoy": -65.9462202797128, 
        "accumulated_operating_revenue": 159024, 
        "long_term_average": 18809, 
        "date": "2014-11-30", 
        "operating_revenue": 91771, 
        "short_term_average": 30597
    }, 
    {
        "accumulated_operating_revenue_yoy": -49.13887925946052, 
        "accumulated_operating_revenue": 271428, 
        "long_term_average": 22619, 
        "date": "2014-12-31", 
        "operating_revenue": 112404, 
        "short_term_average": 68061
    }, 
    {
        "accumulated_operating_revenue_yoy": 0.0, 
        "accumulated_operating_revenue": 10, 
        "long_term_average": 22619, 
        "date": "2015-01-31", 
        "operating_revenue": 10, 
        "short_term_average": 68061
    }, 
    {
        "accumulated_operating_revenue_yoy": 0.0, 
        "accumulated_operating_revenue": 19, 
        "long_term_average": 22619, 
        "date": "2015-02-28", 
        "operating_revenue": 9, 
        "short_term_average": 37474
    }, 
    {
        "accumulated_operating_revenue_yoy": -27.586206896551722, 
        "accumulated_operating_revenue": 105, 
        "long_term_average": 22615, 
        "date": "2015-03-31", 
        "operating_revenue": 86, 
        "short_term_average": 35
    }, 
    {
        "accumulated_operating_revenue_yoy": -99.7157441995446, 
        "accumulated_operating_revenue": 191, 
        "long_term_average": 17035, 
        "date": "2015-04-30", 
        "operating_revenue": 86, 
        "short_term_average": 60
    }, 
    {
        "accumulated_operating_revenue_yoy": 115.82221031799176, 
        "accumulated_operating_revenue": 145039, 
        "long_term_average": 29105, 
        "date": "2015-05-31", 
        "operating_revenue": 144848, 
        "short_term_average": 48340
    }, 
    {
        "accumulated_operating_revenue_yoy": 115.91805156740512, 
        "accumulated_operating_revenue": 145125, 
        "long_term_average": 29111, 
        "date": "2015-06-30", 
        "operating_revenue": 86, 
        "short_term_average": 48340
    }, 
    {
        "accumulated_operating_revenue_yoy": 116.01386430239651, 
        "accumulated_operating_revenue": 145211, 
        "long_term_average": 29118, 
        "date": "2015-07-31", 
        "operating_revenue": 86, 
        "short_term_average": 48340
    }, 
    {
        "accumulated_operating_revenue_yoy": 116.10964853568933, 
        "accumulated_operating_revenue": 145297, 
        "long_term_average": 29124, 
        "date": "2015-08-31", 
        "operating_revenue": 86, 
        "short_term_average": 86
    }, 
    {
        "accumulated_operating_revenue_yoy": 356.9799086893803, 
        "accumulated_operating_revenue": 307287, 
        "long_term_average": 42622, 
        "date": "2015-09-30", 
        "operating_revenue": 161990, 
        "short_term_average": 54054
    }
]