[
    {
        "date": "2012-01-31", 
        "operating_revenue": 104896, 
        "accumulated_operating_revenue": 104896, 
        "long_term_average": 104896, 
        "short_term_average": 104896
    }, 
    {
        "date": "2012-02-29", 
        "operating_revenue": 107948, 
        "accumulated_operating_revenue": 212844, 
        "long_term_average": 106422, 
        "short_term_average": 106422
    }, 
    {
        "date": "2012-03-31", 
        "operating_revenue": 135392, 
        "accumulated_operating_revenue": 348236, 
        "long_term_average": 116078, 
        "short_term_average": 116078
    }, 
    {
        "date": "2012-04-30", 
        "operating_revenue": 125982, 
        "accumulated_operating_revenue": 474218, 
        "long_term_average": 118554, 
        "short_term_average": 123107
    }, 
    {
        "date": "2012-05-31", 
        "operating_revenue": 146951, 
        "accumulated_operating_revenue": 621169, 
        "long_term_average": 124233, 
        "short_term_average": 136108
    }, 
    {
        "date": "2012-06-30", 
        "operating_revenue": 113123, 
        "accumulated_operating_revenue": 734292, 
        "long_term_average": 122382, 
        "short_term_average": 128685
    }, 
    {
        "date": "2012-07-31", 
        "operating_revenue": 132114, 
        "accumulated_operating_revenue": 866406, 
        "long_term_average": 123772, 
        "short_term_average": 130729
    }, 
    {
        "date": "2012-08-31", 
        "operating_revenue": 108835, 
        "accumulated_operating_revenue": 975241, 
        "long_term_average": 121905, 
        "short_term_average": 118024
    }, 
    {
        "date": "2012-09-30", 
        "operating_revenue": 87940, 
        "accumulated_operating_revenue": 1063181, 
        "long_term_average": 118131, 
        "short_term_average": 109629
    }, 
    {
        "date": "2012-10-31", 
        "operating_revenue": 80372, 
        "accumulated_operating_revenue": 1143553, 
        "long_term_average": 114355, 
        "short_term_average": 92382
    }, 
    {
        "date": "2012-11-30", 
        "operating_revenue": 122177, 
        "accumulated_operating_revenue": 1265730, 
        "long_term_average": 115066, 
        "short_term_average": 96829
    }, 
    {
        "date": "2012-12-31", 
        "operating_revenue": 92287, 
        "accumulated_operating_revenue": 1358017, 
        "long_term_average": 113168, 
        "short_term_average": 98278
    }, 
    {
        "accumulated_operating_revenue_yoy": 28.267045454545453, 
        "accumulated_operating_revenue": 134547, 
        "long_term_average": 115639, 
        "date": "2013-01-31", 
        "operating_revenue": 134547, 
        "short_term_average": 116337
    }, 
    {
        "accumulated_operating_revenue_yoy": -2.7611772002029653, 
        "accumulated_operating_revenue": 206967, 
        "long_term_average": 112678, 
        "date": "2013-02-28", 
        "operating_revenue": 72420, 
        "short_term_average": 99751
    }, 
    {
        "accumulated_operating_revenue_yoy": -6.535223239412352, 
        "accumulated_operating_revenue": 325478, 
        "long_term_average": 111271, 
        "date": "2013-03-31", 
        "operating_revenue": 118511, 
        "short_term_average": 108492
    }, 
    {
        "accumulated_operating_revenue_yoy": -9.397154895006095, 
        "accumulated_operating_revenue": 429655, 
        "long_term_average": 109454, 
        "date": "2013-04-30", 
        "operating_revenue": 104177, 
        "short_term_average": 98369
    }, 
    {
        "accumulated_operating_revenue_yoy": -13.550096672564148, 
        "accumulated_operating_revenue": 537000, 
        "long_term_average": 106154, 
        "date": "2013-05-31", 
        "operating_revenue": 107345, 
        "short_term_average": 110011
    }, 
    {
        "accumulated_operating_revenue_yoy": -12.849792725509742, 
        "accumulated_operating_revenue": 639937, 
        "long_term_average": 105305, 
        "date": "2013-06-30", 
        "operating_revenue": 102937, 
        "short_term_average": 104819
    }, 
    {
        "accumulated_operating_revenue_yoy": -13.942308802108942, 
        "accumulated_operating_revenue": 745609, 
        "long_term_average": 103101, 
        "date": "2013-07-31", 
        "operating_revenue": 105672, 
        "short_term_average": 105318
    }, 
    {
        "accumulated_operating_revenue_yoy": -11.95724954139541, 
        "accumulated_operating_revenue": 858629, 
        "long_term_average": 103450, 
        "date": "2013-08-31", 
        "operating_revenue": 113020, 
        "short_term_average": 107209
    }, 
    {
        "accumulated_operating_revenue_yoy": -9.480323670193505, 
        "accumulated_operating_revenue": 962388, 
        "long_term_average": 104768, 
        "date": "2013-09-30", 
        "operating_revenue": 103759, 
        "short_term_average": 107483
    }, 
    {
        "accumulated_operating_revenue_yoy": -5.43245481407508, 
        "accumulated_operating_revenue": 1081430, 
        "long_term_average": 107991, 
        "date": "2013-10-31", 
        "operating_revenue": 119042, 
        "short_term_average": 111940
    }, 
    {
        "accumulated_operating_revenue_yoy": -6.0618773356087, 
        "accumulated_operating_revenue": 1189003, 
        "long_term_average": 106774, 
        "date": "2013-11-30", 
        "operating_revenue": 107573, 
        "short_term_average": 110124
    }, 
    {
        "accumulated_operating_revenue_yoy": -5.056490456305039, 
        "accumulated_operating_revenue": 1289349, 
        "long_term_average": 107445, 
        "date": "2013-12-31", 
        "operating_revenue": 100346, 
        "short_term_average": 108987
    }, 
    {
        "accumulated_operating_revenue_yoy": -0.7551264613852409, 
        "accumulated_operating_revenue": 133531, 
        "long_term_average": 107361, 
        "date": "2014-01-31", 
        "operating_revenue": 133531, 
        "short_term_average": 113816
    }, 
    {
        "accumulated_operating_revenue_yoy": 22.168751540100594, 
        "accumulated_operating_revenue": 252849, 
        "long_term_average": 111269, 
        "date": "2014-02-28", 
        "operating_revenue": 119318, 
        "short_term_average": 117731
    }, 
    {
        "accumulated_operating_revenue_yoy": 10.556473863056796, 
        "accumulated_operating_revenue": 359837, 
        "long_term_average": 110309, 
        "date": "2014-03-31", 
        "operating_revenue": 106988, 
        "short_term_average": 119945
    }, 
    {
        "accumulated_operating_revenue_yoy": 11.32327099649719, 
        "accumulated_operating_revenue": 478306, 
        "long_term_average": 111500, 
        "date": "2014-04-30", 
        "operating_revenue": 118469, 
        "short_term_average": 114925
    }, 
    {
        "accumulated_operating_revenue_yoy": 10.808938547486035, 
        "accumulated_operating_revenue": 595044, 
        "long_term_average": 112282, 
        "date": "2014-05-31", 
        "operating_revenue": 116738, 
        "short_term_average": 114065
    }, 
    {
        "accumulated_operating_revenue_yoy": 9.532813386317715, 
        "accumulated_operating_revenue": 700941, 
        "long_term_average": 112529, 
        "date": "2014-06-30", 
        "operating_revenue": 105897, 
        "short_term_average": 113701
    }, 
    {
        "accumulated_operating_revenue_yoy": 8.581977953592299, 
        "accumulated_operating_revenue": 809597, 
        "long_term_average": 112778, 
        "date": "2014-07-31", 
        "operating_revenue": 108656, 
        "short_term_average": 110430
    }, 
    {
        "accumulated_operating_revenue_yoy": 5.950532767935861, 
        "accumulated_operating_revenue": 909722, 
        "long_term_average": 111703, 
        "date": "2014-08-31", 
        "operating_revenue": 100125, 
        "short_term_average": 104892
    }, 
    {
        "accumulated_operating_revenue_yoy": 4.986346463172858, 
        "accumulated_operating_revenue": 1010376, 
        "long_term_average": 111444, 
        "date": "2014-09-30", 
        "operating_revenue": 100654, 
        "short_term_average": 103145
    }, 
    {
        "accumulated_operating_revenue_yoy": 4.012649917239211, 
        "accumulated_operating_revenue": 1124824, 
        "long_term_average": 111061, 
        "date": "2014-10-31", 
        "operating_revenue": 114448, 
        "short_term_average": 105075
    }, 
    {
        "accumulated_operating_revenue_yoy": 2.322281777253716, 
        "accumulated_operating_revenue": 1216615, 
        "long_term_average": 109746, 
        "date": "2014-11-30", 
        "operating_revenue": 91791, 
        "short_term_average": 102297
    }, 
    {
        "accumulated_operating_revenue_yoy": 1.625161224773122, 
        "accumulated_operating_revenue": 1310303, 
        "long_term_average": 109191, 
        "date": "2014-12-31", 
        "operating_revenue": 93688, 
        "short_term_average": 99975
    }, 
    {
        "accumulated_operating_revenue_yoy": -31.841295279747772, 
        "accumulated_operating_revenue": 91013, 
        "long_term_average": 105648, 
        "date": "2015-01-31", 
        "operating_revenue": 91013, 
        "short_term_average": 92164
    }, 
    {
        "accumulated_operating_revenue_yoy": -32.91687924413385, 
        "accumulated_operating_revenue": 169619, 
        "long_term_average": 102256, 
        "date": "2015-02-28", 
        "operating_revenue": 78606, 
        "short_term_average": 87769
    }, 
    {
        "accumulated_operating_revenue_yoy": -27.643905434960832, 
        "accumulated_operating_revenue": 260364, 
        "long_term_average": 100902, 
        "date": "2015-03-31", 
        "operating_revenue": 90745, 
        "short_term_average": 86788
    }, 
    {
        "accumulated_operating_revenue_yoy": -29.966381354195846, 
        "accumulated_operating_revenue": 334975, 
        "long_term_average": 97247, 
        "date": "2015-04-30", 
        "operating_revenue": 74611, 
        "short_term_average": 81320
    }, 
    {
        "accumulated_operating_revenue_yoy": -29.746539751682228, 
        "accumulated_operating_revenue": 418039, 
        "long_term_average": 94441, 
        "date": "2015-05-31", 
        "operating_revenue": 83064, 
        "short_term_average": 82806
    }, 
    {
        "accumulated_operating_revenue_yoy": -31.390088466789646, 
        "accumulated_operating_revenue": 480915, 
        "long_term_average": 90856, 
        "date": "2015-06-30", 
        "operating_revenue": 62876, 
        "short_term_average": 73517
    }, 
    {
        "accumulated_operating_revenue_yoy": -30.49319599751481, 
        "accumulated_operating_revenue": 562725, 
        "long_term_average": 88619, 
        "date": "2015-07-31", 
        "operating_revenue": 81810, 
        "short_term_average": 75916
    }, 
    {
        "accumulated_operating_revenue_yoy": -28.435719923229296, 
        "accumulated_operating_revenue": 651036, 
        "long_term_average": 87634, 
        "date": "2015-08-31", 
        "operating_revenue": 88311, 
        "short_term_average": 77665
    }, 
    {
        "accumulated_operating_revenue_yoy": -26.659085330609596, 
        "accumulated_operating_revenue": 741019, 
        "long_term_average": 86745, 
        "date": "2015-09-30", 
        "operating_revenue": 89983, 
        "short_term_average": 86701
    }
]