[
    {
        "date": "2011-09-30", 
        "operating_revenue": 180475, 
        "accumulated_operating_revenue": 180475, 
        "long_term_average": 180475, 
        "short_term_average": 180475
    }, 
    {
        "date": "2011-10-31", 
        "operating_revenue": 195625, 
        "accumulated_operating_revenue": 376100, 
        "long_term_average": 188050, 
        "short_term_average": 188050
    }, 
    {
        "date": "2011-11-30", 
        "operating_revenue": 190443, 
        "accumulated_operating_revenue": 566543, 
        "long_term_average": 188847, 
        "short_term_average": 188847
    }, 
    {
        "date": "2011-12-31", 
        "operating_revenue": 161296, 
        "accumulated_operating_revenue": 727839, 
        "long_term_average": 181959, 
        "short_term_average": 182454
    }, 
    {
        "date": "2012-01-31", 
        "operating_revenue": 128995, 
        "accumulated_operating_revenue": 128995, 
        "long_term_average": 171366, 
        "short_term_average": 160244
    }, 
    {
        "date": "2012-02-29", 
        "operating_revenue": 133359, 
        "accumulated_operating_revenue": 262354, 
        "long_term_average": 165032, 
        "short_term_average": 141216
    }, 
    {
        "date": "2012-03-31", 
        "operating_revenue": 155152, 
        "accumulated_operating_revenue": 417506, 
        "long_term_average": 163620, 
        "short_term_average": 139168
    }, 
    {
        "date": "2012-04-30", 
        "operating_revenue": 151543, 
        "accumulated_operating_revenue": 569049, 
        "long_term_average": 162111, 
        "short_term_average": 146684
    }, 
    {
        "date": "2012-05-31", 
        "operating_revenue": 147020, 
        "accumulated_operating_revenue": 716069, 
        "long_term_average": 160434, 
        "short_term_average": 151238
    }, 
    {
        "date": "2012-06-30", 
        "operating_revenue": 141015, 
        "accumulated_operating_revenue": 857084, 
        "long_term_average": 158492, 
        "short_term_average": 146526
    }, 
    {
        "date": "2012-07-31", 
        "operating_revenue": 187261, 
        "accumulated_operating_revenue": 1044345, 
        "long_term_average": 161107, 
        "short_term_average": 158432
    }, 
    {
        "date": "2012-08-31", 
        "operating_revenue": 158168, 
        "accumulated_operating_revenue": 1202513, 
        "long_term_average": 160862, 
        "short_term_average": 162148
    }, 
    {
        "accumulated_operating_revenue_yoy": 637.7780856074248, 
        "accumulated_operating_revenue": 1331505, 
        "long_term_average": 156572, 
        "date": "2012-09-30", 
        "operating_revenue": 128992, 
        "short_term_average": 158140
    }, 
    {
        "accumulated_operating_revenue_yoy": 292.25817601701675, 
        "accumulated_operating_revenue": 1475283, 
        "long_term_average": 152251, 
        "date": "2012-10-31", 
        "operating_revenue": 143778, 
        "short_term_average": 143646
    }, 
    {
        "accumulated_operating_revenue_yoy": 189.1499850849803, 
        "accumulated_operating_revenue": 1638159, 
        "long_term_average": 149954, 
        "date": "2012-11-30", 
        "operating_revenue": 162876, 
        "short_term_average": 145215
    }, 
    {
        "accumulated_operating_revenue_yoy": 143.39998268847918, 
        "accumulated_operating_revenue": 1771560, 
        "long_term_average": 147630, 
        "date": "2012-12-31", 
        "operating_revenue": 133401, 
        "short_term_average": 146685
    }, 
    {
        "accumulated_operating_revenue_yoy": 8.872436916159542, 
        "accumulated_operating_revenue": 140440, 
        "long_term_average": 148583, 
        "date": "2013-01-31", 
        "operating_revenue": 140440, 
        "short_term_average": 145572
    }, 
    {
        "accumulated_operating_revenue_yoy": -4.484398941887679, 
        "accumulated_operating_revenue": 250589, 
        "long_term_average": 146649, 
        "date": "2013-02-28", 
        "operating_revenue": 110149, 
        "short_term_average": 127996
    }, 
    {
        "accumulated_operating_revenue_yoy": -4.802326194114576, 
        "accumulated_operating_revenue": 397456, 
        "long_term_average": 145959, 
        "date": "2013-03-31", 
        "operating_revenue": 146867, 
        "short_term_average": 132485
    }, 
    {
        "accumulated_operating_revenue_yoy": -1.8924556584758077, 
        "accumulated_operating_revenue": 558280, 
        "long_term_average": 146732, 
        "date": "2013-04-30", 
        "operating_revenue": 160824, 
        "short_term_average": 139280
    }, 
    {
        "accumulated_operating_revenue_yoy": 1.7773426862495094, 
        "accumulated_operating_revenue": 728796, 
        "long_term_average": 148690, 
        "date": "2013-05-31", 
        "operating_revenue": 170516, 
        "short_term_average": 159402
    }, 
    {
        "accumulated_operating_revenue_yoy": 3.3471631718711348, 
        "accumulated_operating_revenue": 885772, 
        "long_term_average": 150020, 
        "date": "2013-06-30", 
        "operating_revenue": 156976, 
        "short_term_average": 162772
    }, 
    {
        "accumulated_operating_revenue_yoy": 0.506920605738525, 
        "accumulated_operating_revenue": 1049639, 
        "long_term_average": 148071, 
        "date": "2013-07-31", 
        "operating_revenue": 163867, 
        "short_term_average": 163786
    }, 
    {
        "accumulated_operating_revenue_yoy": -0.8577038252393113, 
        "accumulated_operating_revenue": 1192199, 
        "long_term_average": 146770, 
        "date": "2013-08-31", 
        "operating_revenue": 142560, 
        "short_term_average": 154467
    }, 
    {
        "accumulated_operating_revenue_yoy": 0.4994348500381148, 
        "accumulated_operating_revenue": 1338155, 
        "long_term_average": 148184, 
        "date": "2013-09-30", 
        "operating_revenue": 145956, 
        "short_term_average": 150794
    }, 
    {
        "accumulated_operating_revenue_yoy": 1.9297314481357137, 
        "accumulated_operating_revenue": 1503752, 
        "long_term_average": 150002, 
        "date": "2013-10-31", 
        "operating_revenue": 165597, 
        "short_term_average": 151371
    }, 
    {
        "accumulated_operating_revenue_yoy": 1.2396232600132222, 
        "accumulated_operating_revenue": 1658466, 
        "long_term_average": 149322, 
        "date": "2013-11-30", 
        "operating_revenue": 154714, 
        "short_term_average": 155422
    }, 
    {
        "accumulated_operating_revenue_yoy": 2.6213619634672267, 
        "accumulated_operating_revenue": 1817999, 
        "long_term_average": 151499, 
        "date": "2013-12-31", 
        "operating_revenue": 159533, 
        "short_term_average": 159948
    }, 
    {
        "accumulated_operating_revenue_yoy": 13.78311022500712, 
        "accumulated_operating_revenue": 159797, 
        "long_term_average": 153113, 
        "date": "2014-01-31", 
        "operating_revenue": 159797, 
        "short_term_average": 158014
    }, 
    {
        "accumulated_operating_revenue_yoy": 25.113233222527725, 
        "accumulated_operating_revenue": 313520, 
        "long_term_average": 156744, 
        "date": "2014-02-28", 
        "operating_revenue": 153723, 
        "short_term_average": 157684
    }, 
    {
        "accumulated_operating_revenue_yoy": 17.456020289038285, 
        "accumulated_operating_revenue": 466836, 
        "long_term_average": 157281, 
        "date": "2014-03-31", 
        "operating_revenue": 153316, 
        "short_term_average": 155612
    }, 
    {
        "accumulated_operating_revenue_yoy": 8.934943039335101, 
        "accumulated_operating_revenue": 608162, 
        "long_term_average": 155656, 
        "date": "2014-04-30", 
        "operating_revenue": 141326, 
        "short_term_average": 149455
    }, 
    {
        "accumulated_operating_revenue_yoy": 1.262904845800471, 
        "accumulated_operating_revenue": 738000, 
        "long_term_average": 152266, 
        "date": "2014-05-31", 
        "operating_revenue": 129838, 
        "short_term_average": 141493
    }, 
    {
        "accumulated_operating_revenue_yoy": 0.1809720785935884, 
        "accumulated_operating_revenue": 887375, 
        "long_term_average": 151633, 
        "date": "2014-06-30", 
        "operating_revenue": 149375, 
        "short_term_average": 140179
    }, 
    {
        "accumulated_operating_revenue_yoy": -1.3017808980039804, 
        "accumulated_operating_revenue": 1035975, 
        "long_term_average": 150361, 
        "date": "2014-07-31", 
        "operating_revenue": 148600, 
        "short_term_average": 142604
    }, 
    {
        "accumulated_operating_revenue_yoy": -1.5405985074639386, 
        "accumulated_operating_revenue": 1173832, 
        "long_term_average": 149969, 
        "date": "2014-08-31", 
        "operating_revenue": 137857, 
        "short_term_average": 145277
    }, 
    {
        "accumulated_operating_revenue_yoy": -1.6380015767979046, 
        "accumulated_operating_revenue": 1316236, 
        "long_term_average": 149673, 
        "date": "2014-09-30", 
        "operating_revenue": 142404, 
        "short_term_average": 142953
    }, 
    {
        "accumulated_operating_revenue_yoy": -3.3101202857918057, 
        "accumulated_operating_revenue": 1453976, 
        "long_term_average": 147351, 
        "date": "2014-10-31", 
        "operating_revenue": 137740, 
        "short_term_average": 139333
    }, 
    {
        "accumulated_operating_revenue_yoy": -4.223240030244817, 
        "accumulated_operating_revenue": 1588425, 
        "long_term_average": 145663, 
        "date": "2014-11-30", 
        "operating_revenue": 134449, 
        "short_term_average": 138197
    }, 
    {
        "accumulated_operating_revenue_yoy": -5.037076478039867, 
        "accumulated_operating_revenue": 1726425, 
        "long_term_average": 143868, 
        "date": "2014-12-31", 
        "operating_revenue": 138000, 
        "short_term_average": 136729
    }, 
    {
        "accumulated_operating_revenue_yoy": -17.753775102160866, 
        "accumulated_operating_revenue": 131427, 
        "long_term_average": 141504, 
        "date": "2015-01-31", 
        "operating_revenue": 131427, 
        "short_term_average": 134625
    }, 
    {
        "accumulated_operating_revenue_yoy": -32.23685889257464, 
        "accumulated_operating_revenue": 212451, 
        "long_term_average": 135446, 
        "date": "2015-02-28", 
        "operating_revenue": 81024, 
        "short_term_average": 116817
    }, 
    {
        "accumulated_operating_revenue_yoy": -24.787505676511664, 
        "accumulated_operating_revenue": 351119, 
        "long_term_average": 134225, 
        "date": "2015-03-31", 
        "operating_revenue": 138668, 
        "short_term_average": 117039
    }, 
    {
        "accumulated_operating_revenue_yoy": -17.76862086088904, 
        "accumulated_operating_revenue": 500100, 
        "long_term_average": 134863, 
        "date": "2015-04-30", 
        "operating_revenue": 148981, 
        "short_term_average": 122891
    }, 
    {
        "accumulated_operating_revenue_yoy": -18.431978319783198, 
        "accumulated_operating_revenue": 601972, 
        "long_term_average": 132533, 
        "date": "2015-05-31", 
        "operating_revenue": 101872, 
        "short_term_average": 129840
    }, 
    {
        "accumulated_operating_revenue_yoy": -17.834962670798703, 
        "accumulated_operating_revenue": 729112, 
        "long_term_average": 130680, 
        "date": "2015-06-30", 
        "operating_revenue": 127140, 
        "short_term_average": 125997
    }, 
    {
        "accumulated_operating_revenue_yoy": -15.967856367190327, 
        "accumulated_operating_revenue": 870552, 
        "long_term_average": 130083, 
        "date": "2015-07-31", 
        "operating_revenue": 141440, 
        "short_term_average": 123484
    }, 
    {
        "accumulated_operating_revenue_yoy": -14.968581534665947, 
        "accumulated_operating_revenue": 998126, 
        "long_term_average": 129226, 
        "date": "2015-08-31", 
        "operating_revenue": 127574, 
        "short_term_average": 132051
    }, 
    {
        "accumulated_operating_revenue_yoy": -13.836044599904577, 
        "accumulated_operating_revenue": 1134121, 
        "long_term_average": 128692, 
        "date": "2015-09-30", 
        "operating_revenue": 135995, 
        "short_term_average": 135003
    }
]