[
    {
        "date": "2012-01-31", 
        "operating_revenue": 2113, 
        "accumulated_operating_revenue": 2113, 
        "long_term_average": 2113, 
        "short_term_average": 2113
    }, 
    {
        "date": "2012-02-29", 
        "operating_revenue": 1473, 
        "accumulated_operating_revenue": 3586, 
        "long_term_average": 1793, 
        "short_term_average": 1793
    }, 
    {
        "date": "2012-03-31", 
        "operating_revenue": 2652, 
        "accumulated_operating_revenue": 6238, 
        "long_term_average": 2079, 
        "short_term_average": 2079
    }, 
    {
        "date": "2012-04-30", 
        "operating_revenue": 2252, 
        "accumulated_operating_revenue": 8490, 
        "long_term_average": 2122, 
        "short_term_average": 2125
    }, 
    {
        "date": "2012-05-31", 
        "operating_revenue": 1934, 
        "accumulated_operating_revenue": 10424, 
        "long_term_average": 2084, 
        "short_term_average": 2279
    }, 
    {
        "date": "2012-06-30", 
        "operating_revenue": 3140, 
        "accumulated_operating_revenue": 13564, 
        "long_term_average": 2260, 
        "short_term_average": 2442
    }, 
    {
        "date": "2012-07-31", 
        "operating_revenue": 1441, 
        "accumulated_operating_revenue": 15005, 
        "long_term_average": 2143, 
        "short_term_average": 2171
    }, 
    {
        "date": "2012-08-31", 
        "operating_revenue": 4433, 
        "accumulated_operating_revenue": 19438, 
        "long_term_average": 2429, 
        "short_term_average": 3004
    }, 
    {
        "date": "2012-09-30", 
        "operating_revenue": 2635, 
        "accumulated_operating_revenue": 22073, 
        "long_term_average": 2452, 
        "short_term_average": 2836
    }, 
    {
        "date": "2012-10-31", 
        "operating_revenue": 3326, 
        "accumulated_operating_revenue": 25399, 
        "long_term_average": 2539, 
        "short_term_average": 3464
    }, 
    {
        "date": "2012-11-30", 
        "operating_revenue": 2366, 
        "accumulated_operating_revenue": 27765, 
        "long_term_average": 2524, 
        "short_term_average": 2775
    }, 
    {
        "date": "2012-12-31", 
        "operating_revenue": 3340, 
        "accumulated_operating_revenue": 31105, 
        "long_term_average": 2592, 
        "short_term_average": 3010
    }, 
    {
        "accumulated_operating_revenue_yoy": 221.53336488405114, 
        "accumulated_operating_revenue": 6794, 
        "long_term_average": 2982, 
        "date": "2013-01-31", 
        "operating_revenue": 6794, 
        "short_term_average": 4166
    }, 
    {
        "accumulated_operating_revenue_yoy": 147.09983268265475, 
        "accumulated_operating_revenue": 8861, 
        "long_term_average": 3031, 
        "date": "2013-02-28", 
        "operating_revenue": 2067, 
        "short_term_average": 4067
    }, 
    {
        "accumulated_operating_revenue_yoy": 120.72779737095223, 
        "accumulated_operating_revenue": 13769, 
        "long_term_average": 3219, 
        "date": "2013-03-31", 
        "operating_revenue": 4908, 
        "short_term_average": 4589
    }, 
    {
        "accumulated_operating_revenue_yoy": 90.91872791519434, 
        "accumulated_operating_revenue": 16209, 
        "long_term_average": 3235, 
        "date": "2013-04-30", 
        "operating_revenue": 2440, 
        "short_term_average": 3138
    }, 
    {
        "accumulated_operating_revenue_yoy": 102.80122793553339, 
        "accumulated_operating_revenue": 21140, 
        "long_term_average": 3485, 
        "date": "2013-05-31", 
        "operating_revenue": 4931, 
        "short_term_average": 4093
    }, 
    {
        "accumulated_operating_revenue_yoy": 83.20554408728988, 
        "accumulated_operating_revenue": 24850, 
        "long_term_average": 3532, 
        "date": "2013-06-30", 
        "operating_revenue": 3710, 
        "short_term_average": 3693
    }, 
    {
        "accumulated_operating_revenue_yoy": 86.13795401532822, 
        "accumulated_operating_revenue": 27930, 
        "long_term_average": 3669, 
        "date": "2013-07-31", 
        "operating_revenue": 3080, 
        "short_term_average": 3907
    }, 
    {
        "accumulated_operating_revenue_yoy": 71.55571560860172, 
        "accumulated_operating_revenue": 33347, 
        "long_term_average": 3751, 
        "date": "2013-08-31", 
        "operating_revenue": 5417, 
        "short_term_average": 4069
    }, 
    {
        "accumulated_operating_revenue_yoy": 66.31631404883794, 
        "accumulated_operating_revenue": 36711, 
        "long_term_average": 3811, 
        "date": "2013-09-30", 
        "operating_revenue": 3364, 
        "short_term_average": 3953
    }, 
    {
        "accumulated_operating_revenue_yoy": 57.014055671483135, 
        "accumulated_operating_revenue": 39880, 
        "long_term_average": 3798, 
        "date": "2013-10-31", 
        "operating_revenue": 3169, 
        "short_term_average": 3983
    }, 
    {
        "accumulated_operating_revenue_yoy": 46.17684134701963, 
        "accumulated_operating_revenue": 40586, 
        "long_term_average": 3660, 
        "date": "2013-11-30", 
        "operating_revenue": 706, 
        "short_term_average": 2413
    }, 
    {
        "accumulated_operating_revenue_yoy": 38.46326957080855, 
        "accumulated_operating_revenue": 43069, 
        "long_term_average": 3589, 
        "date": "2013-12-31", 
        "operating_revenue": 2483, 
        "short_term_average": 2119
    }, 
    {
        "accumulated_operating_revenue_yoy": 52.70827200471003, 
        "accumulated_operating_revenue": 10375, 
        "long_term_average": 3887, 
        "date": "2014-01-31", 
        "operating_revenue": 10375, 
        "short_term_average": 4521
    }, 
    {
        "accumulated_operating_revenue_yoy": 68.84098860173795, 
        "accumulated_operating_revenue": 14961, 
        "long_term_average": 4097, 
        "date": "2014-02-28", 
        "operating_revenue": 4586, 
        "short_term_average": 5814
    }, 
    {
        "accumulated_operating_revenue_yoy": 82.56954027162466, 
        "accumulated_operating_revenue": 25138, 
        "long_term_average": 4536, 
        "date": "2014-03-31", 
        "operating_revenue": 10177, 
        "short_term_average": 8379
    }, 
    {
        "accumulated_operating_revenue_yoy": 71.69473749151706, 
        "accumulated_operating_revenue": 27830, 
        "long_term_average": 4557, 
        "date": "2014-04-30", 
        "operating_revenue": 2692, 
        "short_term_average": 5818
    }, 
    {
        "accumulated_operating_revenue_yoy": 48.13623462630085, 
        "accumulated_operating_revenue": 31316, 
        "long_term_average": 4437, 
        "date": "2014-05-31", 
        "operating_revenue": 3486, 
        "short_term_average": 5451
    }, 
    {
        "accumulated_operating_revenue_yoy": 41.40845070422535, 
        "accumulated_operating_revenue": 35140, 
        "long_term_average": 4446, 
        "date": "2014-06-30", 
        "operating_revenue": 3824, 
        "short_term_average": 3334
    }, 
    {
        "accumulated_operating_revenue_yoy": 50.36161833154315, 
        "accumulated_operating_revenue": 41996, 
        "long_term_average": 4761, 
        "date": "2014-07-31", 
        "operating_revenue": 6856, 
        "short_term_average": 4722
    }, 
    {
        "accumulated_operating_revenue_yoy": 38.65115302725882, 
        "accumulated_operating_revenue": 46236, 
        "long_term_average": 4663, 
        "date": "2014-08-31", 
        "operating_revenue": 4240, 
        "short_term_average": 4973
    }, 
    {
        "accumulated_operating_revenue_yoy": 47.737735283702435, 
        "accumulated_operating_revenue": 54236, 
        "long_term_average": 5049, 
        "date": "2014-09-30", 
        "operating_revenue": 8000, 
        "short_term_average": 6365
    }, 
    {
        "accumulated_operating_revenue_yoy": 60.396188565697095, 
        "accumulated_operating_revenue": 63966, 
        "long_term_average": 5596, 
        "date": "2014-10-31", 
        "operating_revenue": 9730, 
        "short_term_average": 7323
    }, 
    {
        "accumulated_operating_revenue_yoy": 82.8931158527571, 
        "accumulated_operating_revenue": 74229, 
        "long_term_average": 6392, 
        "date": "2014-11-30", 
        "operating_revenue": 10263, 
        "short_term_average": 9331
    }, 
    {
        "accumulated_operating_revenue_yoy": 77.92611855394831, 
        "accumulated_operating_revenue": 76631, 
        "long_term_average": 6385, 
        "date": "2014-12-31", 
        "operating_revenue": 2402, 
        "short_term_average": 7465
    }, 
    {
        "accumulated_operating_revenue_yoy": -85.21445783132529, 
        "accumulated_operating_revenue": 1534, 
        "long_term_average": 5649, 
        "date": "2015-01-31", 
        "operating_revenue": 1534, 
        "short_term_average": 4733
    }, 
    {
        "accumulated_operating_revenue_yoy": -81.8060290087561, 
        "accumulated_operating_revenue": 2722, 
        "long_term_average": 5366, 
        "date": "2015-02-28", 
        "operating_revenue": 1188, 
        "short_term_average": 1708
    }, 
    {
        "accumulated_operating_revenue_yoy": -78.22420240273689, 
        "accumulated_operating_revenue": 5474, 
        "long_term_average": 4747, 
        "date": "2015-03-31", 
        "operating_revenue": 2752, 
        "short_term_average": 1824
    }, 
    {
        "accumulated_operating_revenue_yoy": -71.1893639956881, 
        "accumulated_operating_revenue": 8018, 
        "long_term_average": 4734, 
        "date": "2015-04-30", 
        "operating_revenue": 2544, 
        "short_term_average": 2161
    }, 
    {
        "accumulated_operating_revenue_yoy": -69.26810576063355, 
        "accumulated_operating_revenue": 9624, 
        "long_term_average": 4578, 
        "date": "2015-05-31", 
        "operating_revenue": 1606, 
        "short_term_average": 2300
    }, 
    {
        "accumulated_operating_revenue_yoy": -63.147410358565736, 
        "accumulated_operating_revenue": 12950, 
        "long_term_average": 4536, 
        "date": "2015-06-30", 
        "operating_revenue": 3326, 
        "short_term_average": 2492
    }, 
    {
        "accumulated_operating_revenue_yoy": -58.35555767215925, 
        "accumulated_operating_revenue": 17489, 
        "long_term_average": 4343, 
        "date": "2015-07-31", 
        "operating_revenue": 4539, 
        "short_term_average": 3157
    }, 
    {
        "accumulated_operating_revenue_yoy": -51.92923263258067, 
        "accumulated_operating_revenue": 22226, 
        "long_term_average": 4385, 
        "date": "2015-08-31", 
        "operating_revenue": 4737, 
        "short_term_average": 4200
    }, 
    {
        "accumulated_operating_revenue_yoy": -50.17700420384984, 
        "accumulated_operating_revenue": 27022, 
        "long_term_average": 4118, 
        "date": "2015-09-30", 
        "operating_revenue": 4796, 
        "short_term_average": 4690
    }
]