[
    {
        "date": "2011-09-30", 
        "operating_revenue": 120671, 
        "accumulated_operating_revenue": 120671, 
        "long_term_average": 120671, 
        "short_term_average": 120671
    }, 
    {
        "date": "2011-10-31", 
        "operating_revenue": 93648, 
        "accumulated_operating_revenue": 214319, 
        "long_term_average": 107159, 
        "short_term_average": 107159
    }, 
    {
        "date": "2011-11-30", 
        "operating_revenue": 114348, 
        "accumulated_operating_revenue": 328667, 
        "long_term_average": 109555, 
        "short_term_average": 109555
    }, 
    {
        "date": "2011-12-31", 
        "operating_revenue": 127556, 
        "accumulated_operating_revenue": 456223, 
        "long_term_average": 114055, 
        "short_term_average": 111850
    }, 
    {
        "date": "2012-01-31", 
        "operating_revenue": 93915, 
        "accumulated_operating_revenue": 93915, 
        "long_term_average": 110027, 
        "short_term_average": 111939
    }, 
    {
        "date": "2012-02-29", 
        "operating_revenue": 130141, 
        "accumulated_operating_revenue": 224056, 
        "long_term_average": 113379, 
        "short_term_average": 117204
    }, 
    {
        "date": "2012-03-31", 
        "operating_revenue": 172196, 
        "accumulated_operating_revenue": 396252, 
        "long_term_average": 121782, 
        "short_term_average": 132084
    }, 
    {
        "date": "2012-04-30", 
        "operating_revenue": 202581, 
        "accumulated_operating_revenue": 598833, 
        "long_term_average": 131882, 
        "short_term_average": 168306
    }, 
    {
        "date": "2012-05-31", 
        "operating_revenue": 193996, 
        "accumulated_operating_revenue": 792829, 
        "long_term_average": 138783, 
        "short_term_average": 189591
    }, 
    {
        "date": "2012-06-30", 
        "operating_revenue": 161704, 
        "accumulated_operating_revenue": 954533, 
        "long_term_average": 141075, 
        "short_term_average": 186093
    }, 
    {
        "date": "2012-07-31", 
        "operating_revenue": 181283, 
        "accumulated_operating_revenue": 1135816, 
        "long_term_average": 144730, 
        "short_term_average": 178994
    }, 
    {
        "date": "2012-08-31", 
        "operating_revenue": 168331, 
        "accumulated_operating_revenue": 1304147, 
        "long_term_average": 146697, 
        "short_term_average": 170439
    }, 
    {
        "accumulated_operating_revenue_yoy": 1122.0086019010366, 
        "accumulated_operating_revenue": 1474610, 
        "long_term_average": 150846, 
        "date": "2012-09-30", 
        "operating_revenue": 170463, 
        "short_term_average": 173359
    }, 
    {
        "accumulated_operating_revenue_yoy": 660.8028219616552, 
        "accumulated_operating_revenue": 1630545, 
        "long_term_average": 156037, 
        "date": "2012-10-31", 
        "operating_revenue": 155935, 
        "short_term_average": 164909
    }, 
    {
        "accumulated_operating_revenue_yoy": 441.8058399535091, 
        "accumulated_operating_revenue": 1780737, 
        "long_term_average": 159024, 
        "date": "2012-11-30", 
        "operating_revenue": 150192, 
        "short_term_average": 158863
    }, 
    {
        "accumulated_operating_revenue_yoy": 322.82041896177964, 
        "accumulated_operating_revenue": 1929004, 
        "long_term_average": 160750, 
        "date": "2012-12-31", 
        "operating_revenue": 148267, 
        "short_term_average": 151464
    }, 
    {
        "accumulated_operating_revenue_yoy": 87.23526593195974, 
        "accumulated_operating_revenue": 175842, 
        "long_term_average": 167577, 
        "date": "2013-01-31", 
        "operating_revenue": 175842, 
        "short_term_average": 158100
    }, 
    {
        "accumulated_operating_revenue_yoy": 24.982147320312777, 
        "accumulated_operating_revenue": 280030, 
        "long_term_average": 165414, 
        "date": "2013-02-28", 
        "operating_revenue": 104188, 
        "short_term_average": 142765
    }, 
    {
        "accumulated_operating_revenue_yoy": 6.6000928701937145, 
        "accumulated_operating_revenue": 422405, 
        "long_term_average": 162929, 
        "date": "2013-03-31", 
        "operating_revenue": 142375, 
        "short_term_average": 140801
    }, 
    {
        "accumulated_operating_revenue_yoy": -6.557253858755279, 
        "accumulated_operating_revenue": 559566, 
        "long_term_average": 157478, 
        "date": "2013-04-30", 
        "operating_revenue": 137161, 
        "short_term_average": 127908
    }, 
    {
        "accumulated_operating_revenue_yoy": -10.047059328051825, 
        "accumulated_operating_revenue": 713173, 
        "long_term_average": 154112, 
        "date": "2013-05-31", 
        "operating_revenue": 153607, 
        "short_term_average": 144381
    }, 
    {
        "accumulated_operating_revenue_yoy": -7.909312721508844, 
        "accumulated_operating_revenue": 879036, 
        "long_term_average": 154458, 
        "date": "2013-06-30", 
        "operating_revenue": 165863, 
        "short_term_average": 152210
    }, 
    {
        "accumulated_operating_revenue_yoy": -4.554610958112934, 
        "accumulated_operating_revenue": 1084084, 
        "long_term_average": 156439, 
        "date": "2013-07-31", 
        "operating_revenue": 205048, 
        "short_term_average": 174839
    }, 
    {
        "accumulated_operating_revenue_yoy": -0.6715500629913652, 
        "accumulated_operating_revenue": 1295389, 
        "long_term_average": 160020, 
        "date": "2013-08-31", 
        "operating_revenue": 211305, 
        "short_term_average": 194072
    }, 
    {
        "accumulated_operating_revenue_yoy": 2.914601148778321, 
        "accumulated_operating_revenue": 1517589, 
        "long_term_average": 164331, 
        "date": "2013-09-30", 
        "operating_revenue": 222200, 
        "short_term_average": 212851
    }, 
    {
        "accumulated_operating_revenue_yoy": 2.6528553336461123, 
        "accumulated_operating_revenue": 1673801, 
        "long_term_average": 164355, 
        "date": "2013-10-31", 
        "operating_revenue": 156212, 
        "short_term_average": 196572
    }, 
    {
        "accumulated_operating_revenue_yoy": 5.390464734545303, 
        "accumulated_operating_revenue": 1876727, 
        "long_term_average": 168749, 
        "date": "2013-11-30", 
        "operating_revenue": 202926, 
        "short_term_average": 193779
    }, 
    {
        "accumulated_operating_revenue_yoy": 9.197026030013417, 
        "accumulated_operating_revenue": 2106415, 
        "long_term_average": 175534, 
        "date": "2013-12-31", 
        "operating_revenue": 229688, 
        "short_term_average": 196275
    }, 
    {
        "accumulated_operating_revenue_yoy": 39.70951194822625, 
        "accumulated_operating_revenue": 245668, 
        "long_term_average": 181353, 
        "date": "2014-01-31", 
        "operating_revenue": 245668, 
        "short_term_average": 226094
    }, 
    {
        "accumulated_operating_revenue_yoy": 38.400528514801984, 
        "accumulated_operating_revenue": 387563, 
        "long_term_average": 184495, 
        "date": "2014-02-28", 
        "operating_revenue": 141895, 
        "short_term_average": 205750
    }, 
    {
        "accumulated_operating_revenue_yoy": 44.46088469596714, 
        "accumulated_operating_revenue": 610210, 
        "long_term_average": 191185, 
        "date": "2014-03-31", 
        "operating_revenue": 222647, 
        "short_term_average": 203403
    }, 
    {
        "accumulated_operating_revenue_yoy": 50.782570778067296, 
        "accumulated_operating_revenue": 843728, 
        "long_term_average": 199214, 
        "date": "2014-04-30", 
        "operating_revenue": 233518, 
        "short_term_average": 199353
    }, 
    {
        "accumulated_operating_revenue_yoy": 50.87068635520414, 
        "accumulated_operating_revenue": 1075969, 
        "long_term_average": 205767, 
        "date": "2014-05-31", 
        "operating_revenue": 232241, 
        "short_term_average": 229468
    }, 
    {
        "accumulated_operating_revenue_yoy": 48.275497249259416, 
        "accumulated_operating_revenue": 1303395, 
        "long_term_average": 210897, 
        "date": "2014-06-30", 
        "operating_revenue": 227426, 
        "short_term_average": 231061
    }, 
    {
        "accumulated_operating_revenue_yoy": 44.006921972836054, 
        "accumulated_operating_revenue": 1561156, 
        "long_term_average": 215290, 
        "date": "2014-07-31", 
        "operating_revenue": 257761, 
        "short_term_average": 239142
    }, 
    {
        "accumulated_operating_revenue_yoy": 44.92912939665228, 
        "accumulated_operating_revenue": 1877396, 
        "long_term_average": 224035, 
        "date": "2014-08-31", 
        "operating_revenue": 316240, 
        "short_term_average": 267142
    }, 
    {
        "accumulated_operating_revenue_yoy": 43.77186445078345, 
        "accumulated_operating_revenue": 2181866, 
        "long_term_average": 230891, 
        "date": "2014-09-30", 
        "operating_revenue": 304470, 
        "short_term_average": 292823
    }, 
    {
        "accumulated_operating_revenue_yoy": 47.55654943449072, 
        "accumulated_operating_revenue": 2469803, 
        "long_term_average": 241868, 
        "date": "2014-10-31", 
        "operating_revenue": 287937, 
        "short_term_average": 302882
    }, 
    {
        "accumulated_operating_revenue_yoy": 46.34318150695333, 
        "accumulated_operating_revenue": 2746462, 
        "long_term_average": 248012, 
        "date": "2014-11-30", 
        "operating_revenue": 276659, 
        "short_term_average": 289688
    }, 
    {
        "accumulated_operating_revenue_yoy": 45.38820697725757, 
        "accumulated_operating_revenue": 3062479, 
        "long_term_average": 255206, 
        "date": "2014-12-31", 
        "operating_revenue": 316017, 
        "short_term_average": 293537
    }, 
    {
        "accumulated_operating_revenue_yoy": 36.98039630721136, 
        "accumulated_operating_revenue": 336517, 
        "long_term_average": 262777, 
        "date": "2015-01-31", 
        "operating_revenue": 336517, 
        "short_term_average": 309731
    }, 
    {
        "accumulated_operating_revenue_yoy": 39.76101949876536, 
        "accumulated_operating_revenue": 541662, 
        "long_term_average": 268048, 
        "date": "2015-02-28", 
        "operating_revenue": 205145, 
        "short_term_average": 285893
    }, 
    {
        "accumulated_operating_revenue_yoy": 33.57335999082283, 
        "accumulated_operating_revenue": 815078, 
        "long_term_average": 272278, 
        "date": "2015-03-31", 
        "operating_revenue": 273416, 
        "short_term_average": 271692
    }, 
    {
        "accumulated_operating_revenue_yoy": 19.585458820852217, 
        "accumulated_operating_revenue": 1008976, 
        "long_term_average": 268977, 
        "date": "2015-04-30", 
        "operating_revenue": 193898, 
        "short_term_average": 224153
    }, 
    {
        "accumulated_operating_revenue_yoy": 10.924664186421728, 
        "accumulated_operating_revenue": 1193515, 
        "long_term_average": 265002, 
        "date": "2015-05-31", 
        "operating_revenue": 184539, 
        "short_term_average": 217284
    }, 
    {
        "accumulated_operating_revenue_yoy": 4.117631262970933, 
        "accumulated_operating_revenue": 1357064, 
        "long_term_average": 259679, 
        "date": "2015-06-30", 
        "operating_revenue": 163549, 
        "short_term_average": 180662
    }, 
    {
        "accumulated_operating_revenue_yoy": 1.4486700880629482, 
        "accumulated_operating_revenue": 1583772, 
        "long_term_average": 257091, 
        "date": "2015-07-31", 
        "operating_revenue": 226708, 
        "short_term_average": 191598
    }, 
    {
        "accumulated_operating_revenue_yoy": -3.162305661671805, 
        "accumulated_operating_revenue": 1818027, 
        "long_term_average": 250259, 
        "date": "2015-08-31", 
        "operating_revenue": 234255, 
        "short_term_average": 208170
    }, 
    {
        "accumulated_operating_revenue_yoy": -4.11830974037819, 
        "accumulated_operating_revenue": 2092010, 
        "long_term_average": 247718, 
        "date": "2015-09-30", 
        "operating_revenue": 273983, 
        "short_term_average": 244982
    }
]