[
    {
        "date": "2011-09-30", 
        "operating_revenue": 5079421, 
        "accumulated_operating_revenue": 5079421, 
        "long_term_average": 5079421, 
        "short_term_average": 5079421
    }, 
    {
        "date": "2011-10-31", 
        "operating_revenue": 4414823, 
        "accumulated_operating_revenue": 9494244, 
        "long_term_average": 4747122, 
        "short_term_average": 4747122
    }, 
    {
        "date": "2011-11-30", 
        "operating_revenue": 4601351, 
        "accumulated_operating_revenue": 14095595, 
        "long_term_average": 4698531, 
        "short_term_average": 4698531
    }, 
    {
        "date": "2011-12-31", 
        "operating_revenue": 4128439, 
        "accumulated_operating_revenue": 18224034, 
        "long_term_average": 4556008, 
        "short_term_average": 4381537
    }, 
    {
        "date": "2012-01-31", 
        "operating_revenue": 3552985, 
        "accumulated_operating_revenue": 3552985, 
        "long_term_average": 4355403, 
        "short_term_average": 4094258
    }, 
    {
        "date": "2012-02-29", 
        "operating_revenue": 3331033, 
        "accumulated_operating_revenue": 6884018, 
        "long_term_average": 4184675, 
        "short_term_average": 3670819
    }, 
    {
        "date": "2012-03-31", 
        "operating_revenue": 3218442, 
        "accumulated_operating_revenue": 10102460, 
        "long_term_average": 4046642, 
        "short_term_average": 3367486
    }, 
    {
        "date": "2012-04-30", 
        "operating_revenue": 3381963, 
        "accumulated_operating_revenue": 13484423, 
        "long_term_average": 3963557, 
        "short_term_average": 3310479
    }, 
    {
        "date": "2012-05-31", 
        "operating_revenue": 3652212, 
        "accumulated_operating_revenue": 17136635, 
        "long_term_average": 3928963, 
        "short_term_average": 3417539
    }, 
    {
        "date": "2012-06-30", 
        "operating_revenue": 3599168, 
        "accumulated_operating_revenue": 20735803, 
        "long_term_average": 3895983, 
        "short_term_average": 3544447
    }, 
    {
        "date": "2012-07-31", 
        "operating_revenue": 3897986, 
        "accumulated_operating_revenue": 24633789, 
        "long_term_average": 3896165, 
        "short_term_average": 3716455
    }, 
    {
        "date": "2012-08-31", 
        "operating_revenue": 3431663, 
        "accumulated_operating_revenue": 28065452, 
        "long_term_average": 3857457, 
        "short_term_average": 3642939
    }, 
    {
        "accumulated_operating_revenue_yoy": 519.0566405107984, 
        "accumulated_operating_revenue": 31444493, 
        "long_term_average": 3715758, 
        "date": "2012-09-30", 
        "operating_revenue": 3379041, 
        "short_term_average": 3569563
    }, 
    {
        "accumulated_operating_revenue_yoy": 271.90006913662637, 
        "accumulated_operating_revenue": 35309100, 
        "long_term_average": 3669907, 
        "date": "2012-10-31", 
        "operating_revenue": 3864607, 
        "short_term_average": 3558437
    }, 
    {
        "accumulated_operating_revenue_yoy": 177.53530092202564, 
        "accumulated_operating_revenue": 39120252, 
        "long_term_average": 3604057, 
        "date": "2012-11-30", 
        "operating_revenue": 3811152, 
        "short_term_average": 3684933
    }, 
    {
        "accumulated_operating_revenue_yoy": 136.6962660407679, 
        "accumulated_operating_revenue": 43135608, 
        "long_term_average": 3594634, 
        "date": "2012-12-31", 
        "operating_revenue": 4015356, 
        "short_term_average": 3897038
    }, 
    {
        "accumulated_operating_revenue_yoy": 22.1929448055649, 
        "accumulated_operating_revenue": 4341497, 
        "long_term_average": 3660343, 
        "date": "2013-01-31", 
        "operating_revenue": 4341497, 
        "short_term_average": 4056001
    }, 
    {
        "accumulated_operating_revenue_yoy": 3.1873391382765126, 
        "accumulated_operating_revenue": 7103435, 
        "long_term_average": 3612918, 
        "date": "2013-02-28", 
        "operating_revenue": 2761938, 
        "short_term_average": 3706263
    }, 
    {
        "accumulated_operating_revenue_yoy": 4.752683999738677, 
        "accumulated_operating_revenue": 10582598, 
        "long_term_average": 3634645, 
        "date": "2013-03-31", 
        "operating_revenue": 3479163, 
        "short_term_average": 3527532
    }, 
    {
        "accumulated_operating_revenue_yoy": 4.5051538356517, 
        "accumulated_operating_revenue": 14091917, 
        "long_term_average": 3645258, 
        "date": "2013-04-30", 
        "operating_revenue": 3509319, 
        "short_term_average": 3250140
    }, 
    {
        "accumulated_operating_revenue_yoy": 2.0574926174245993, 
        "accumulated_operating_revenue": 17489220, 
        "long_term_average": 3624016, 
        "date": "2013-05-31", 
        "operating_revenue": 3397303, 
        "short_term_average": 3461928
    }, 
    {
        "accumulated_operating_revenue_yoy": 0.7782915375883924, 
        "accumulated_operating_revenue": 20897188, 
        "long_term_average": 3608082, 
        "date": "2013-06-30", 
        "operating_revenue": 3407968, 
        "short_term_average": 3438196
    }, 
    {
        "accumulated_operating_revenue_yoy": -1.202588038730055, 
        "accumulated_operating_revenue": 24337546, 
        "long_term_average": 3569947, 
        "date": "2013-07-31", 
        "operating_revenue": 3440358, 
        "short_term_average": 3415209
    }, 
    {
        "accumulated_operating_revenue_yoy": -0.8238171257672957, 
        "accumulated_operating_revenue": 27834244, 
        "long_term_average": 3575366, 
        "date": "2013-08-31", 
        "operating_revenue": 3496698, 
        "short_term_average": 3448341
    }, 
    {
        "accumulated_operating_revenue_yoy": -0.5991669193076193, 
        "accumulated_operating_revenue": 31256088, 
        "long_term_average": 3578933, 
        "date": "2013-09-30", 
        "operating_revenue": 3421844, 
        "short_term_average": 3452966
    }, 
    {
        "accumulated_operating_revenue_yoy": -1.7580963547640696, 
        "accumulated_operating_revenue": 34688332, 
        "long_term_average": 3542903, 
        "date": "2013-10-31", 
        "operating_revenue": 3432244, 
        "short_term_average": 3450262
    }, 
    {
        "accumulated_operating_revenue_yoy": -1.4650289062555117, 
        "accumulated_operating_revenue": 38547129, 
        "long_term_average": 3546873, 
        "date": "2013-11-30", 
        "operating_revenue": 3858797, 
        "short_term_average": 3570961
    }, 
    {
        "accumulated_operating_revenue_yoy": -1.8908299611773178, 
        "accumulated_operating_revenue": 42319987, 
        "long_term_average": 3526665, 
        "date": "2013-12-31", 
        "operating_revenue": 3772858, 
        "short_term_average": 3687966
    }, 
    {
        "accumulated_operating_revenue_yoy": -10.25480381536599, 
        "accumulated_operating_revenue": 3896285, 
        "long_term_average": 3489564, 
        "date": "2014-01-31", 
        "operating_revenue": 3896285, 
        "short_term_average": 3842646
    }, 
    {
        "accumulated_operating_revenue_yoy": 0.35810843627062117, 
        "accumulated_operating_revenue": 7128873, 
        "long_term_average": 3528785, 
        "date": "2014-02-28", 
        "operating_revenue": 3232588, 
        "short_term_average": 3633910
    }, 
    {
        "accumulated_operating_revenue_yoy": 9.63890908451781, 
        "accumulated_operating_revenue": 11602645, 
        "long_term_average": 3611669, 
        "date": "2014-03-31", 
        "operating_revenue": 4473772, 
        "short_term_average": 3867548
    }, 
    {
        "accumulated_operating_revenue_yoy": 15.482769306688365, 
        "accumulated_operating_revenue": 16273736, 
        "long_term_average": 3708483, 
        "date": "2014-04-30", 
        "operating_revenue": 4671091, 
        "short_term_average": 4125817
    }, 
    {
        "accumulated_operating_revenue_yoy": 18.125010720889783, 
        "accumulated_operating_revenue": 20659143, 
        "long_term_average": 3790825, 
        "date": "2014-05-31", 
        "operating_revenue": 4385407, 
        "short_term_average": 4510090
    }, 
    {
        "accumulated_operating_revenue_yoy": 20.504969376741023, 
        "accumulated_operating_revenue": 25182150, 
        "long_term_average": 3883745, 
        "date": "2014-06-30", 
        "operating_revenue": 4523007, 
        "short_term_average": 4526501
    }, 
    {
        "accumulated_operating_revenue_yoy": 23.328140807622923, 
        "accumulated_operating_revenue": 30015043, 
        "long_term_average": 3999790, 
        "date": "2014-07-31", 
        "operating_revenue": 4832893, 
        "short_term_average": 4580435
    }, 
    {
        "accumulated_operating_revenue_yoy": 22.934497520392508, 
        "accumulated_operating_revenue": 34217888, 
        "long_term_average": 4058635, 
        "date": "2014-08-31", 
        "operating_revenue": 4202845, 
        "short_term_average": 4519581
    }, 
    {
        "accumulated_operating_revenue_yoy": 24.1508854211058, 
        "accumulated_operating_revenue": 38804710, 
        "long_term_average": 4155717, 
        "date": "2014-09-30", 
        "operating_revenue": 4586822, 
        "short_term_average": 4540853
    }, 
    {
        "accumulated_operating_revenue_yoy": 24.611506255186903, 
        "accumulated_operating_revenue": 43225653, 
        "long_term_average": 4238109, 
        "date": "2014-10-31", 
        "operating_revenue": 4420943, 
        "short_term_average": 4403536
    }, 
    {
        "accumulated_operating_revenue_yoy": 23.609511878303568, 
        "accumulated_operating_revenue": 47647918, 
        "long_term_average": 4285064, 
        "date": "2014-11-30", 
        "operating_revenue": 4422265, 
        "short_term_average": 4476676
    }, 
    {
        "accumulated_operating_revenue_yoy": 23.387223630290812, 
        "accumulated_operating_revenue": 52217457, 
        "long_term_average": 4351454, 
        "date": "2014-12-31", 
        "operating_revenue": 4569539, 
        "short_term_average": 4470915
    }, 
    {
        "accumulated_operating_revenue_yoy": 21.12450706249671, 
        "accumulated_operating_revenue": 4719356, 
        "long_term_average": 4420044, 
        "date": "2015-01-31", 
        "operating_revenue": 4719356, 
        "short_term_average": 4570386
    }, 
    {
        "accumulated_operating_revenue_yoy": 15.267083590912616, 
        "accumulated_operating_revenue": 8217244, 
        "long_term_average": 4442152, 
        "date": "2015-02-28", 
        "operating_revenue": 3497888, 
        "short_term_average": 4262261
    }, 
    {
        "accumulated_operating_revenue_yoy": 11.680474581442422, 
        "accumulated_operating_revenue": 12957889, 
        "long_term_average": 4464391, 
        "date": "2015-03-31", 
        "operating_revenue": 4740645, 
        "short_term_average": 4319296
    }, 
    {
        "accumulated_operating_revenue_yoy": 9.603566138715781, 
        "accumulated_operating_revenue": 17836595, 
        "long_term_average": 4481693, 
        "date": "2015-04-30", 
        "operating_revenue": 4878706, 
        "short_term_average": 4372413
    }, 
    {
        "accumulated_operating_revenue_yoy": 8.210059826779844, 
        "accumulated_operating_revenue": 22355271, 
        "long_term_average": 4492798, 
        "date": "2015-05-31", 
        "operating_revenue": 4518676, 
        "short_term_average": 4712675
    }, 
    {
        "accumulated_operating_revenue_yoy": 9.194353937213464, 
        "accumulated_operating_revenue": 27497486, 
        "long_term_average": 4544399, 
        "date": "2015-06-30", 
        "operating_revenue": 5142215, 
        "short_term_average": 4846532
    }, 
    {
        "accumulated_operating_revenue_yoy": 10.824905364953167, 
        "accumulated_operating_revenue": 33264143, 
        "long_term_average": 4622213, 
        "date": "2015-07-31", 
        "operating_revenue": 5766657, 
        "short_term_average": 5142516
    }, 
    {
        "accumulated_operating_revenue_yoy": 13.72662742948951, 
        "accumulated_operating_revenue": 38914850, 
        "long_term_average": 4742868, 
        "date": "2015-08-31", 
        "operating_revenue": 5650707, 
        "short_term_average": 5519859
    }, 
    {
        "accumulated_operating_revenue_yoy": 16.687670130765053, 
        "accumulated_operating_revenue": 45280312, 
        "long_term_average": 4891088, 
        "date": "2015-09-30", 
        "operating_revenue": 6365462, 
        "short_term_average": 5927608
    }, 
    {
        "accumulated_operating_revenue_yoy": 21.590422243013887, 
        "accumulated_operating_revenue": 52558254, 
        "long_term_average": 5129171, 
        "date": "2015-10-31", 
        "operating_revenue": 7277942, 
        "short_term_average": 6431370
    }
]