[
    {
        "date": "2011-10-31", 
        "operating_revenue": 163818, 
        "accumulated_operating_revenue": 163818, 
        "long_term_average": 163818, 
        "short_term_average": 163818
    }, 
    {
        "date": "2011-11-30", 
        "operating_revenue": 150256, 
        "accumulated_operating_revenue": 314074, 
        "long_term_average": 157037, 
        "short_term_average": 157037
    }, 
    {
        "date": "2011-12-31", 
        "operating_revenue": 201624, 
        "accumulated_operating_revenue": 515698, 
        "long_term_average": 171899, 
        "short_term_average": 171899
    }, 
    {
        "date": "2012-01-31", 
        "operating_revenue": 121193, 
        "accumulated_operating_revenue": 121193, 
        "long_term_average": 159222, 
        "short_term_average": 157691
    }, 
    {
        "date": "2012-02-29", 
        "operating_revenue": 125985, 
        "accumulated_operating_revenue": 247178, 
        "long_term_average": 152575, 
        "short_term_average": 149600
    }, 
    {
        "date": "2012-03-31", 
        "operating_revenue": 158487, 
        "accumulated_operating_revenue": 405665, 
        "long_term_average": 153560, 
        "short_term_average": 135221
    }, 
    {
        "date": "2012-04-30", 
        "operating_revenue": 137824, 
        "accumulated_operating_revenue": 543489, 
        "long_term_average": 151312, 
        "short_term_average": 140765
    }, 
    {
        "date": "2012-05-31", 
        "operating_revenue": 146336, 
        "accumulated_operating_revenue": 689825, 
        "long_term_average": 150690, 
        "short_term_average": 147549
    }, 
    {
        "date": "2012-06-30", 
        "operating_revenue": 128023, 
        "accumulated_operating_revenue": 817848, 
        "long_term_average": 148171, 
        "short_term_average": 137394
    }, 
    {
        "date": "2012-07-31", 
        "operating_revenue": 134597, 
        "accumulated_operating_revenue": 952445, 
        "long_term_average": 146814, 
        "short_term_average": 136318
    }, 
    {
        "date": "2012-08-31", 
        "operating_revenue": 116026, 
        "accumulated_operating_revenue": 1068471, 
        "long_term_average": 144015, 
        "short_term_average": 126215
    }, 
    {
        "date": "2012-09-30", 
        "operating_revenue": 103986, 
        "accumulated_operating_revenue": 1172457, 
        "long_term_average": 140679, 
        "short_term_average": 118203
    }, 
    {
        "accumulated_operating_revenue_yoy": 671.7473049359655, 
        "accumulated_operating_revenue": 1264261, 
        "long_term_average": 134678, 
        "date": "2012-10-31", 
        "operating_revenue": 91804, 
        "short_term_average": 103938
    }, 
    {
        "accumulated_operating_revenue_yoy": 341.58223858071665, 
        "accumulated_operating_revenue": 1386895, 
        "long_term_average": 132376, 
        "date": "2012-11-30", 
        "operating_revenue": 122634, 
        "short_term_average": 106141
    }, 
    {
        "accumulated_operating_revenue_yoy": 195.15743710466202, 
        "accumulated_operating_revenue": 1522121, 
        "long_term_average": 126843, 
        "date": "2012-12-31", 
        "operating_revenue": 135226, 
        "short_term_average": 116554
    }, 
    {
        "accumulated_operating_revenue_yoy": 13.931497693761191, 
        "accumulated_operating_revenue": 138077, 
        "long_term_average": 128250, 
        "date": "2013-01-31", 
        "operating_revenue": 138077, 
        "short_term_average": 131979
    }, 
    {
        "accumulated_operating_revenue_yoy": 8.066656417642347, 
        "accumulated_operating_revenue": 267117, 
        "long_term_average": 128505, 
        "date": "2013-02-28", 
        "operating_revenue": 129040, 
        "short_term_average": 134114
    }, 
    {
        "accumulated_operating_revenue_yoy": -1.0469229536686675, 
        "accumulated_operating_revenue": 401418, 
        "long_term_average": 126489, 
        "date": "2013-03-31", 
        "operating_revenue": 134301, 
        "short_term_average": 133806
    }, 
    {
        "accumulated_operating_revenue_yoy": -2.4508315715681457, 
        "accumulated_operating_revenue": 530169, 
        "long_term_average": 125733, 
        "date": "2013-04-30", 
        "operating_revenue": 128751, 
        "short_term_average": 130697
    }, 
    {
        "accumulated_operating_revenue_yoy": -4.2436849925705795, 
        "accumulated_operating_revenue": 660551, 
        "long_term_average": 124403, 
        "date": "2013-05-31", 
        "operating_revenue": 130382, 
        "short_term_average": 131144
    }, 
    {
        "accumulated_operating_revenue_yoy": -1.0608328197904744, 
        "accumulated_operating_revenue": 809172, 
        "long_term_average": 126120, 
        "date": "2013-06-30", 
        "operating_revenue": 148621, 
        "short_term_average": 135918
    }, 
    {
        "accumulated_operating_revenue_yoy": 0.5671718576925702, 
        "accumulated_operating_revenue": 957847, 
        "long_term_average": 127293, 
        "date": "2013-07-31", 
        "operating_revenue": 148675, 
        "short_term_average": 142559
    }, 
    {
        "accumulated_operating_revenue_yoy": 4.320285716692358, 
        "accumulated_operating_revenue": 1114632, 
        "long_term_average": 130690, 
        "date": "2013-08-31", 
        "operating_revenue": 156785, 
        "short_term_average": 151360
    }, 
    {
        "accumulated_operating_revenue_yoy": 8.785993857344023, 
        "accumulated_operating_revenue": 1275469, 
        "long_term_average": 135427, 
        "date": "2013-09-30", 
        "operating_revenue": 160837, 
        "short_term_average": 155432
    }, 
    {
        "accumulated_operating_revenue_yoy": 13.368442117569076, 
        "accumulated_operating_revenue": 1433273, 
        "long_term_average": 140927, 
        "date": "2013-10-31", 
        "operating_revenue": 157804, 
        "short_term_average": 158475
    }, 
    {
        "accumulated_operating_revenue_yoy": 13.639821327497756, 
        "accumulated_operating_revenue": 1576065, 
        "long_term_average": 142607, 
        "date": "2013-11-30", 
        "operating_revenue": 142792, 
        "short_term_average": 153811
    }, 
    {
        "accumulated_operating_revenue_yoy": 13.870053694811386, 
        "accumulated_operating_revenue": 1733240, 
        "long_term_average": 144436, 
        "date": "2013-12-31", 
        "operating_revenue": 157175, 
        "short_term_average": 152590
    }, 
    {
        "accumulated_operating_revenue_yoy": 15.198765905979997, 
        "accumulated_operating_revenue": 159063, 
        "long_term_average": 146185, 
        "date": "2014-01-31", 
        "operating_revenue": 159063, 
        "short_term_average": 153010
    }, 
    {
        "accumulated_operating_revenue_yoy": 0.8655383221584548, 
        "accumulated_operating_revenue": 269429, 
        "long_term_average": 144629, 
        "date": "2014-02-28", 
        "operating_revenue": 110366, 
        "short_term_average": 142201
    }, 
    {
        "accumulated_operating_revenue_yoy": -2.039519901947596, 
        "accumulated_operating_revenue": 393231, 
        "long_term_average": 143754, 
        "date": "2014-03-31", 
        "operating_revenue": 123802, 
        "short_term_average": 131077
    }, 
    {
        "accumulated_operating_revenue_yoy": 1.238473015208358, 
        "accumulated_operating_revenue": 536735, 
        "long_term_average": 144983, 
        "date": "2014-04-30", 
        "operating_revenue": 143504, 
        "short_term_average": 125890
    }, 
    {
        "accumulated_operating_revenue_yoy": 1.1790157005288011, 
        "accumulated_operating_revenue": 668339, 
        "long_term_average": 145085, 
        "date": "2014-05-31", 
        "operating_revenue": 131604, 
        "short_term_average": 132970
    }, 
    {
        "accumulated_operating_revenue_yoy": -1.285758775637318, 
        "accumulated_operating_revenue": 798768, 
        "long_term_average": 143569, 
        "date": "2014-06-30", 
        "operating_revenue": 130429, 
        "short_term_average": 135179
    }, 
    {
        "accumulated_operating_revenue_yoy": -5.114595546052763, 
        "accumulated_operating_revenue": 908857, 
        "long_term_average": 140354, 
        "date": "2014-07-31", 
        "operating_revenue": 110089, 
        "short_term_average": 124040
    }, 
    {
        "accumulated_operating_revenue_yoy": -11.510615162672524, 
        "accumulated_operating_revenue": 986331, 
        "long_term_average": 133744, 
        "date": "2014-08-31", 
        "operating_revenue": 77474, 
        "short_term_average": 105997
    }, 
    {
        "accumulated_operating_revenue_yoy": -15.818887013326076, 
        "accumulated_operating_revenue": 1073704, 
        "long_term_average": 127622, 
        "date": "2014-09-30", 
        "operating_revenue": 87373, 
        "short_term_average": 91645
    }, 
    {
        "accumulated_operating_revenue_yoy": -18.41617054113208, 
        "accumulated_operating_revenue": 1169319, 
        "long_term_average": 122440, 
        "date": "2014-10-31", 
        "operating_revenue": 95615, 
        "short_term_average": 86820
    }, 
    {
        "accumulated_operating_revenue_yoy": -18.492384514598065, 
        "accumulated_operating_revenue": 1284613, 
        "long_term_average": 120149, 
        "date": "2014-11-30", 
        "operating_revenue": 115294, 
        "short_term_average": 99427
    }, 
    {
        "accumulated_operating_revenue_yoy": -18.853476725669843, 
        "accumulated_operating_revenue": 1406464, 
        "long_term_average": 117205, 
        "date": "2014-12-31", 
        "operating_revenue": 121851, 
        "short_term_average": 110920
    }, 
    {
        "accumulated_operating_revenue_yoy": -18.355620100211866, 
        "accumulated_operating_revenue": 129866, 
        "long_term_average": 114772, 
        "date": "2015-01-31", 
        "operating_revenue": 129866, 
        "short_term_average": 122337
    }, 
    {
        "accumulated_operating_revenue_yoy": -12.785557605157575, 
        "accumulated_operating_revenue": 234981, 
        "long_term_average": 114334, 
        "date": "2015-02-28", 
        "operating_revenue": 105115, 
        "short_term_average": 118944
    }, 
    {
        "accumulated_operating_revenue_yoy": -3.6520518473874137, 
        "accumulated_operating_revenue": 378870, 
        "long_term_average": 116008, 
        "date": "2015-03-31", 
        "operating_revenue": 143889, 
        "short_term_average": 126290
    }, 
    {
        "accumulated_operating_revenue_yoy": -9.426625802304676, 
        "accumulated_operating_revenue": 486139, 
        "long_term_average": 112989, 
        "date": "2015-04-30", 
        "operating_revenue": 107269, 
        "short_term_average": 118757
    }, 
    {
        "accumulated_operating_revenue_yoy": -13.719384922920852, 
        "accumulated_operating_revenue": 576647, 
        "long_term_average": 109564, 
        "date": "2015-05-31", 
        "operating_revenue": 90508, 
        "short_term_average": 113888
    }, 
    {
        "accumulated_operating_revenue_yoy": -11.777136790657613, 
        "accumulated_operating_revenue": 704696, 
        "long_term_average": 109366, 
        "date": "2015-06-30", 
        "operating_revenue": 128049, 
        "short_term_average": 108608
    }, 
    {
        "accumulated_operating_revenue_yoy": -10.324616523831581, 
        "accumulated_operating_revenue": 815021, 
        "long_term_average": 109385, 
        "date": "2015-07-31", 
        "operating_revenue": 110325, 
        "short_term_average": 109627
    }, 
    {
        "accumulated_operating_revenue_yoy": -6.809377379399005, 
        "accumulated_operating_revenue": 919168, 
        "long_term_average": 111608, 
        "date": "2015-08-31", 
        "operating_revenue": 104147, 
        "short_term_average": 114173
    }
]