[
    {
        "date": "2011-09-30", 
        "operating_revenue": 585882, 
        "accumulated_operating_revenue": 585882, 
        "long_term_average": 585882, 
        "short_term_average": 585882
    }, 
    {
        "date": "2011-10-31", 
        "operating_revenue": 521692, 
        "accumulated_operating_revenue": 1107574, 
        "long_term_average": 553787, 
        "short_term_average": 553787
    }, 
    {
        "date": "2011-11-30", 
        "operating_revenue": 538728, 
        "accumulated_operating_revenue": 1646302, 
        "long_term_average": 548767, 
        "short_term_average": 548767
    }, 
    {
        "date": "2011-12-31", 
        "operating_revenue": 509442, 
        "accumulated_operating_revenue": 2155744, 
        "long_term_average": 538936, 
        "short_term_average": 523287
    }, 
    {
        "date": "2012-01-31", 
        "operating_revenue": 497141, 
        "accumulated_operating_revenue": 497141, 
        "long_term_average": 530577, 
        "short_term_average": 515103
    }, 
    {
        "date": "2012-02-29", 
        "operating_revenue": 529129, 
        "accumulated_operating_revenue": 1026270, 
        "long_term_average": 530335, 
        "short_term_average": 511904
    }, 
    {
        "date": "2012-03-31", 
        "operating_revenue": 612715, 
        "accumulated_operating_revenue": 1638985, 
        "long_term_average": 542104, 
        "short_term_average": 546328
    }, 
    {
        "date": "2012-04-30", 
        "operating_revenue": 739176, 
        "accumulated_operating_revenue": 2378161, 
        "long_term_average": 566738, 
        "short_term_average": 627006
    }, 
    {
        "date": "2012-05-31", 
        "operating_revenue": 758473, 
        "accumulated_operating_revenue": 3136634, 
        "long_term_average": 588042, 
        "short_term_average": 703454
    }, 
    {
        "date": "2012-06-30", 
        "operating_revenue": 739584, 
        "accumulated_operating_revenue": 3876218, 
        "long_term_average": 603196, 
        "short_term_average": 745744
    }, 
    {
        "date": "2012-07-31", 
        "operating_revenue": 721252, 
        "accumulated_operating_revenue": 4597470, 
        "long_term_average": 613928, 
        "short_term_average": 739769
    }, 
    {
        "date": "2012-08-31", 
        "operating_revenue": 645833, 
        "accumulated_operating_revenue": 5243303, 
        "long_term_average": 616587, 
        "short_term_average": 702223
    }, 
    {
        "accumulated_operating_revenue_yoy": 891.8760091622545, 
        "accumulated_operating_revenue": 5811223, 
        "long_term_average": 615090, 
        "date": "2012-09-30", 
        "operating_revenue": 567920, 
        "short_term_average": 645001
    }, 
    {
        "accumulated_operating_revenue_yoy": 472.45502332124084, 
        "accumulated_operating_revenue": 6340363, 
        "long_term_average": 615711, 
        "date": "2012-10-31", 
        "operating_revenue": 529140, 
        "short_term_average": 580964
    }, 
    {
        "accumulated_operating_revenue_yoy": 318.67998702546674, 
        "accumulated_operating_revenue": 6892737, 
        "long_term_average": 616848, 
        "date": "2012-11-30", 
        "operating_revenue": 552374, 
        "short_term_average": 549811
    }, 
    {
        "accumulated_operating_revenue_yoy": 243.86221183962476, 
        "accumulated_operating_revenue": 7412789, 
        "long_term_average": 617732, 
        "date": "2012-12-31", 
        "operating_revenue": 520052, 
        "short_term_average": 533855
    }, 
    {
        "accumulated_operating_revenue_yoy": 8.640808140949952, 
        "accumulated_operating_revenue": 540098, 
        "long_term_average": 621312, 
        "date": "2013-01-31", 
        "operating_revenue": 540098, 
        "short_term_average": 537508
    }, 
    {
        "accumulated_operating_revenue_yoy": 3.5250957350404866, 
        "accumulated_operating_revenue": 1062447, 
        "long_term_average": 620747, 
        "date": "2013-02-28", 
        "operating_revenue": 522349, 
        "short_term_average": 527499
    }, 
    {
        "accumulated_operating_revenue_yoy": -0.020805559538372834, 
        "accumulated_operating_revenue": 1638644, 
        "long_term_average": 617704, 
        "date": "2013-03-31", 
        "operating_revenue": 576197, 
        "short_term_average": 546214
    }, 
    {
        "accumulated_operating_revenue_yoy": -4.172720013489415, 
        "accumulated_operating_revenue": 2278927, 
        "long_term_average": 609462, 
        "date": "2013-04-30", 
        "operating_revenue": 640283, 
        "short_term_average": 579609
    }, 
    {
        "accumulated_operating_revenue_yoy": -5.828126584102576, 
        "accumulated_operating_revenue": 2953827, 
        "long_term_average": 602498, 
        "date": "2013-05-31", 
        "operating_revenue": 674900, 
        "short_term_average": 630460
    }, 
    {
        "accumulated_operating_revenue_yoy": -8.694686418565725, 
        "accumulated_operating_revenue": 3539193, 
        "long_term_average": 589647, 
        "date": "2013-06-30", 
        "operating_revenue": 585366, 
        "short_term_average": 633516
    }, 
    {
        "accumulated_operating_revenue_yoy": -9.784337907588304, 
        "accumulated_operating_revenue": 4147638, 
        "long_term_average": 580246, 
        "date": "2013-07-31", 
        "operating_revenue": 608445, 
        "short_term_average": 622903
    }, 
    {
        "accumulated_operating_revenue_yoy": -9.69207768461979, 
        "accumulated_operating_revenue": 4735118, 
        "long_term_average": 575383, 
        "date": "2013-08-31", 
        "operating_revenue": 587480, 
        "short_term_average": 593763
    }, 
    {
        "accumulated_operating_revenue_yoy": -9.078605312513389, 
        "accumulated_operating_revenue": 5283645, 
        "long_term_average": 573767, 
        "date": "2013-09-30", 
        "operating_revenue": 548527, 
        "short_term_average": 581484
    }, 
    {
        "accumulated_operating_revenue_yoy": -8.443869854139265, 
        "accumulated_operating_revenue": 5804991, 
        "long_term_average": 573118, 
        "date": "2013-10-31", 
        "operating_revenue": 521346, 
        "short_term_average": 552451
    }, 
    {
        "accumulated_operating_revenue_yoy": -8.454130775626577, 
        "accumulated_operating_revenue": 6310016, 
        "long_term_average": 569172, 
        "date": "2013-11-30", 
        "operating_revenue": 505025, 
        "short_term_average": 524966
    }, 
    {
        "accumulated_operating_revenue_yoy": -8.139176765991856, 
        "accumulated_operating_revenue": 6809449, 
        "long_term_average": 567454, 
        "date": "2013-12-31", 
        "operating_revenue": 499433, 
        "short_term_average": 508601
    }, 
    {
        "accumulated_operating_revenue_yoy": 1.69969153746172, 
        "accumulated_operating_revenue": 549278, 
        "long_term_average": 568219, 
        "date": "2014-01-31", 
        "operating_revenue": 549278, 
        "short_term_average": 517912
    }, 
    {
        "accumulated_operating_revenue_yoy": 0.8137817698200476, 
        "accumulated_operating_revenue": 1071093, 
        "long_term_average": 568174, 
        "date": "2014-02-28", 
        "operating_revenue": 521815, 
        "short_term_average": 523508
    }, 
    {
        "accumulated_operating_revenue_yoy": -1.2824017907489362, 
        "accumulated_operating_revenue": 1617630, 
        "long_term_average": 565702, 
        "date": "2014-03-31", 
        "operating_revenue": 546537, 
        "short_term_average": 539210
    }, 
    {
        "accumulated_operating_revenue_yoy": -1.7819789751931503, 
        "accumulated_operating_revenue": 2238317, 
        "long_term_average": 564069, 
        "date": "2014-04-30", 
        "operating_revenue": 620687, 
        "short_term_average": 563013
    }, 
    {
        "accumulated_operating_revenue_yoy": -3.135593249029141, 
        "accumulated_operating_revenue": 2861207, 
        "long_term_average": 559735, 
        "date": "2014-05-31", 
        "operating_revenue": 622890, 
        "short_term_average": 596704
    }, 
    {
        "accumulated_operating_revenue_yoy": -0.7893042283933088, 
        "accumulated_operating_revenue": 3511258, 
        "long_term_average": 565126, 
        "date": "2014-06-30", 
        "operating_revenue": 650051, 
        "short_term_average": 631209
    }, 
    {
        "accumulated_operating_revenue_yoy": 0.7206993474358176, 
        "accumulated_operating_revenue": 4177530, 
        "long_term_average": 569945, 
        "date": "2014-07-31", 
        "operating_revenue": 666272, 
        "short_term_average": 646404
    }, 
    {
        "accumulated_operating_revenue_yoy": 0.44754956476269436, 
        "accumulated_operating_revenue": 4756310, 
        "long_term_average": 569220, 
        "date": "2014-08-31", 
        "operating_revenue": 578780, 
        "short_term_average": 631701
    }, 
    {
        "accumulated_operating_revenue_yoy": 0.3724701413512831, 
        "accumulated_operating_revenue": 5303325, 
        "long_term_average": 569094, 
        "date": "2014-09-30", 
        "operating_revenue": 547015, 
        "short_term_average": 597355
    }, 
    {
        "accumulated_operating_revenue_yoy": -0.23019846197866628, 
        "accumulated_operating_revenue": 5791628, 
        "long_term_average": 566340, 
        "date": "2014-10-31", 
        "operating_revenue": 488303, 
        "short_term_average": 538032
    }, 
    {
        "accumulated_operating_revenue_yoy": 0.2992860873886849, 
        "accumulated_operating_revenue": 6328901, 
        "long_term_average": 569027, 
        "date": "2014-11-30", 
        "operating_revenue": 537273, 
        "short_term_average": 524197
    }, 
    {
        "accumulated_operating_revenue_yoy": 0.18251109597854392, 
        "accumulated_operating_revenue": 6821877, 
        "long_term_average": 568489, 
        "date": "2014-12-31", 
        "operating_revenue": 492976, 
        "short_term_average": 506184
    }, 
    {
        "accumulated_operating_revenue_yoy": 10.62376428693667, 
        "accumulated_operating_revenue": 607632, 
        "long_term_average": 573352, 
        "date": "2015-01-31", 
        "operating_revenue": 607632, 
        "short_term_average": 545960
    }, 
    {
        "accumulated_operating_revenue_yoy": -2.2075580738553984, 
        "accumulated_operating_revenue": 1047448, 
        "long_term_average": 566519, 
        "date": "2015-02-28", 
        "operating_revenue": 439816, 
        "short_term_average": 513474
    }, 
    {
        "accumulated_operating_revenue_yoy": 0.9064495589226214, 
        "accumulated_operating_revenue": 1632293, 
        "long_term_average": 569711, 
        "date": "2015-03-31", 
        "operating_revenue": 584845, 
        "short_term_average": 544097
    }, 
    {
        "accumulated_operating_revenue_yoy": 0.9172516672124635, 
        "accumulated_operating_revenue": 2258848, 
        "long_term_average": 570200, 
        "date": "2015-04-30", 
        "operating_revenue": 626555, 
        "short_term_average": 550405
    }, 
    {
        "accumulated_operating_revenue_yoy": 1.4729448096555056, 
        "accumulated_operating_revenue": 2903351, 
        "long_term_average": 572001, 
        "date": "2015-05-31", 
        "operating_revenue": 644503, 
        "short_term_average": 618634
    }, 
    {
        "accumulated_operating_revenue_yoy": 1.2851804111233067, 
        "accumulated_operating_revenue": 3556384, 
        "long_term_average": 572250, 
        "date": "2015-06-30", 
        "operating_revenue": 653033, 
        "short_term_average": 641363
    }, 
    {
        "accumulated_operating_revenue_yoy": 2.07924299765651, 
        "accumulated_operating_revenue": 4264391, 
        "long_term_average": 575728, 
        "date": "2015-07-31", 
        "operating_revenue": 708007, 
        "short_term_average": 668514
    }, 
    {
        "accumulated_operating_revenue_yoy": 3.5316243053964103, 
        "accumulated_operating_revenue": 4924285, 
        "long_term_average": 582487, 
        "date": "2015-08-31", 
        "operating_revenue": 659894, 
        "short_term_average": 673644
    }
]