[
    {
        "date": "2011-09-30", 
        "operating_revenue": 160409, 
        "accumulated_operating_revenue": 160409, 
        "long_term_average": 160409, 
        "short_term_average": 160409
    }, 
    {
        "date": "2011-10-31", 
        "operating_revenue": 106401, 
        "accumulated_operating_revenue": 266810, 
        "long_term_average": 133405, 
        "short_term_average": 133405
    }, 
    {
        "date": "2011-11-30", 
        "operating_revenue": 102418, 
        "accumulated_operating_revenue": 369228, 
        "long_term_average": 123076, 
        "short_term_average": 123076
    }, 
    {
        "date": "2011-12-31", 
        "operating_revenue": 79386, 
        "accumulated_operating_revenue": 448614, 
        "long_term_average": 112153, 
        "short_term_average": 96068
    }, 
    {
        "date": "2012-01-31", 
        "operating_revenue": 89492, 
        "accumulated_operating_revenue": 89492, 
        "long_term_average": 107621, 
        "short_term_average": 90432
    }, 
    {
        "date": "2012-02-29", 
        "operating_revenue": 75377, 
        "accumulated_operating_revenue": 164869, 
        "long_term_average": 102247, 
        "short_term_average": 81418
    }, 
    {
        "date": "2012-03-31", 
        "operating_revenue": 91715, 
        "accumulated_operating_revenue": 256584, 
        "long_term_average": 100742, 
        "short_term_average": 85528
    }, 
    {
        "date": "2012-04-30", 
        "operating_revenue": 99257, 
        "accumulated_operating_revenue": 355841, 
        "long_term_average": 100556, 
        "short_term_average": 88783
    }, 
    {
        "date": "2012-05-31", 
        "operating_revenue": 106218, 
        "accumulated_operating_revenue": 462059, 
        "long_term_average": 101185, 
        "short_term_average": 99063
    }, 
    {
        "date": "2012-06-30", 
        "operating_revenue": 107603, 
        "accumulated_operating_revenue": 569662, 
        "long_term_average": 101827, 
        "short_term_average": 104359
    }, 
    {
        "date": "2012-07-31", 
        "operating_revenue": 104195, 
        "accumulated_operating_revenue": 673857, 
        "long_term_average": 102042, 
        "short_term_average": 106005
    }, 
    {
        "date": "2012-08-31", 
        "operating_revenue": 115454, 
        "accumulated_operating_revenue": 789311, 
        "long_term_average": 103160, 
        "short_term_average": 109084
    }, 
    {
        "accumulated_operating_revenue_yoy": 454.9420543735077, 
        "accumulated_operating_revenue": 890177, 
        "long_term_average": 98198, 
        "date": "2012-09-30", 
        "operating_revenue": 100866, 
        "short_term_average": 106838
    }, 
    {
        "accumulated_operating_revenue_yoy": 273.8832877328436, 
        "accumulated_operating_revenue": 997558, 
        "long_term_average": 98280, 
        "date": "2012-10-31", 
        "operating_revenue": 107381, 
        "short_term_average": 107900
    }, 
    {
        "accumulated_operating_revenue_yoy": 195.49194535625685, 
        "accumulated_operating_revenue": 1091039, 
        "long_term_average": 97535, 
        "date": "2012-11-30", 
        "operating_revenue": 93481, 
        "short_term_average": 100576
    }, 
    {
        "accumulated_operating_revenue_yoy": 156.60768500314302, 
        "accumulated_operating_revenue": 1151178, 
        "long_term_average": 95931, 
        "date": "2012-12-31", 
        "operating_revenue": 60139, 
        "short_term_average": 87000
    }, 
    {
        "accumulated_operating_revenue_yoy": 12.382112367585929, 
        "accumulated_operating_revenue": 100573, 
        "long_term_average": 96854, 
        "date": "2013-01-31", 
        "operating_revenue": 100573, 
        "short_term_average": 84731
    }, 
    {
        "accumulated_operating_revenue_yoy": 12.348591912366787, 
        "accumulated_operating_revenue": 185228, 
        "long_term_average": 97628, 
        "date": "2013-02-28", 
        "operating_revenue": 84655, 
        "short_term_average": 81789
    }, 
    {
        "accumulated_operating_revenue_yoy": 8.478315093692514, 
        "accumulated_operating_revenue": 278338, 
        "long_term_average": 97744, 
        "date": "2013-03-31", 
        "operating_revenue": 93110, 
        "short_term_average": 92779
    }, 
    {
        "accumulated_operating_revenue_yoy": 7.1026104355597015, 
        "accumulated_operating_revenue": 381115, 
        "long_term_average": 98037, 
        "date": "2013-04-30", 
        "operating_revenue": 102777, 
        "short_term_average": 93514
    }, 
    {
        "accumulated_operating_revenue_yoy": 3.583092202510935, 
        "accumulated_operating_revenue": 478615, 
        "long_term_average": 97311, 
        "date": "2013-05-31", 
        "operating_revenue": 97500, 
        "short_term_average": 97795
    }, 
    {
        "accumulated_operating_revenue_yoy": -3.295111838247944, 
        "accumulated_operating_revenue": 550891, 
        "long_term_average": 94367, 
        "date": "2013-06-30", 
        "operating_revenue": 72276, 
        "short_term_average": 90851
    }, 
    {
        "accumulated_operating_revenue_yoy": -2.7115545286314457, 
        "accumulated_operating_revenue": 655585, 
        "long_term_average": 94408, 
        "date": "2013-07-31", 
        "operating_revenue": 104694, 
        "short_term_average": 91490
    }, 
    {
        "accumulated_operating_revenue_yoy": -6.336285697272685, 
        "accumulated_operating_revenue": 739298, 
        "long_term_average": 91763, 
        "date": "2013-08-31", 
        "operating_revenue": 83713, 
        "short_term_average": 86894
    }, 
    {
        "accumulated_operating_revenue_yoy": -2.5922934427647535, 
        "accumulated_operating_revenue": 867101, 
        "long_term_average": 94008, 
        "date": "2013-09-30", 
        "operating_revenue": 127803, 
        "short_term_average": 105403
    }, 
    {
        "accumulated_operating_revenue_yoy": -6.3468991276697695, 
        "accumulated_operating_revenue": 934244, 
        "long_term_average": 90655, 
        "date": "2013-10-31", 
        "operating_revenue": 67143, 
        "short_term_average": 92886
    }, 
    {
        "accumulated_operating_revenue_yoy": -7.6944087241610974, 
        "accumulated_operating_revenue": 1007090, 
        "long_term_average": 88935, 
        "date": "2013-11-30", 
        "operating_revenue": 72846, 
        "short_term_average": 89264
    }, 
    {
        "accumulated_operating_revenue_yoy": -3.737823342697654, 
        "accumulated_operating_revenue": 1108149, 
        "long_term_average": 92345, 
        "date": "2013-12-31", 
        "operating_revenue": 101059, 
        "short_term_average": 80349
    }, 
    {
        "accumulated_operating_revenue_yoy": -22.10533642230022, 
        "accumulated_operating_revenue": 78341, 
        "long_term_average": 90493, 
        "date": "2014-01-31", 
        "operating_revenue": 78341, 
        "short_term_average": 84082
    }, 
    {
        "accumulated_operating_revenue_yoy": -20.407821711620272, 
        "accumulated_operating_revenue": 147427, 
        "long_term_average": 89195, 
        "date": "2014-02-28", 
        "operating_revenue": 69086, 
        "short_term_average": 82828
    }, 
    {
        "accumulated_operating_revenue_yoy": -26.916913967909522, 
        "accumulated_operating_revenue": 203418, 
        "long_term_average": 86102, 
        "date": "2014-03-31", 
        "operating_revenue": 55991, 
        "short_term_average": 67806
    }, 
    {
        "accumulated_operating_revenue_yoy": -31.838683861826482, 
        "accumulated_operating_revenue": 259773, 
        "long_term_average": 82233, 
        "date": "2014-04-30", 
        "operating_revenue": 56355, 
        "short_term_average": 60477
    }, 
    {
        "accumulated_operating_revenue_yoy": -32.86420191594497, 
        "accumulated_operating_revenue": 321322, 
        "long_term_average": 79238, 
        "date": "2014-05-31", 
        "operating_revenue": 61549, 
        "short_term_average": 57965
    }, 
    {
        "accumulated_operating_revenue_yoy": -31.664340132621515, 
        "accumulated_operating_revenue": 376455, 
        "long_term_average": 77809, 
        "date": "2014-06-30", 
        "operating_revenue": 55133, 
        "short_term_average": 57679
    }, 
    {
        "accumulated_operating_revenue_yoy": -33.57123790202643, 
        "accumulated_operating_revenue": 435497, 
        "long_term_average": 74005, 
        "date": "2014-07-31", 
        "operating_revenue": 59042, 
        "short_term_average": 58574
    }, 
    {
        "accumulated_operating_revenue_yoy": -33.17998966587222, 
        "accumulated_operating_revenue": 493999, 
        "long_term_average": 71904, 
        "date": "2014-08-31", 
        "operating_revenue": 58502, 
        "short_term_average": 57559
    }, 
    {
        "accumulated_operating_revenue_yoy": -34.683964151811615, 
        "accumulated_operating_revenue": 566356, 
        "long_term_average": 67283, 
        "date": "2014-09-30", 
        "operating_revenue": 72357, 
        "short_term_average": 63300
    }, 
    {
        "accumulated_operating_revenue_yoy": -33.222477211520754, 
        "accumulated_operating_revenue": 623865, 
        "long_term_average": 66480, 
        "date": "2014-10-31", 
        "operating_revenue": 57509, 
        "short_term_average": 62789
    }, 
    {
        "accumulated_operating_revenue_yoy": -32.737094003515075, 
        "accumulated_operating_revenue": 677398, 
        "long_term_average": 64871, 
        "date": "2014-11-30", 
        "operating_revenue": 53533, 
        "short_term_average": 61133
    }, 
    {
        "accumulated_operating_revenue_yoy": -33.997503945769026, 
        "accumulated_operating_revenue": 731406, 
        "long_term_average": 60950, 
        "date": "2014-12-31", 
        "operating_revenue": 54008, 
        "short_term_average": 55016
    }, 
    {
        "accumulated_operating_revenue_yoy": -31.240346689472947, 
        "accumulated_operating_revenue": 53867, 
        "long_term_average": 58911, 
        "date": "2015-01-31", 
        "operating_revenue": 53867, 
        "short_term_average": 53802
    }, 
    {
        "accumulated_operating_revenue_yoy": -35.50774281508814, 
        "accumulated_operating_revenue": 95079, 
        "long_term_average": 56588, 
        "date": "2015-02-28", 
        "operating_revenue": 41212, 
        "short_term_average": 49695
    }, 
    {
        "accumulated_operating_revenue_yoy": -22.696614852176307, 
        "accumulated_operating_revenue": 157249, 
        "long_term_average": 57103, 
        "date": "2015-03-31", 
        "operating_revenue": 62170, 
        "short_term_average": 52416
    }, 
    {
        "accumulated_operating_revenue_yoy": -22.91077209717715, 
        "accumulated_operating_revenue": 200257, 
        "long_term_average": 55990, 
        "date": "2015-04-30", 
        "operating_revenue": 43008, 
        "short_term_average": 48796
    }, 
    {
        "accumulated_operating_revenue_yoy": -24.44743901755871, 
        "accumulated_operating_revenue": 242767, 
        "long_term_average": 54404, 
        "date": "2015-05-31", 
        "operating_revenue": 42510, 
        "short_term_average": 49229
    }, 
    {
        "accumulated_operating_revenue_yoy": -18.981817215869096, 
        "accumulated_operating_revenue": 304997, 
        "long_term_average": 54995, 
        "date": "2015-06-30", 
        "operating_revenue": 62230, 
        "short_term_average": 49249
    }, 
    {
        "accumulated_operating_revenue_yoy": -19.934236056735177, 
        "accumulated_operating_revenue": 348684, 
        "long_term_average": 53716, 
        "date": "2015-07-31", 
        "operating_revenue": 43687, 
        "short_term_average": 49475
    }, 
    {
        "accumulated_operating_revenue_yoy": -20.63728873945089, 
        "accumulated_operating_revenue": 392051, 
        "long_term_average": 52454, 
        "date": "2015-08-31", 
        "operating_revenue": 43367, 
        "short_term_average": 49761
    }, 
    {
        "accumulated_operating_revenue_yoy": -23.344151028681605, 
        "accumulated_operating_revenue": 434145, 
        "long_term_average": 49932, 
        "date": "2015-09-30", 
        "operating_revenue": 42094, 
        "short_term_average": 43049
    }
]