[
    {
        "date": "2011-09-30", 
        "operating_revenue": 427740, 
        "accumulated_operating_revenue": 427740, 
        "long_term_average": 427740, 
        "short_term_average": 427740
    }, 
    {
        "date": "2011-10-31", 
        "operating_revenue": 459461, 
        "accumulated_operating_revenue": 887201, 
        "long_term_average": 443600, 
        "short_term_average": 443600
    }, 
    {
        "date": "2011-11-30", 
        "operating_revenue": 498378, 
        "accumulated_operating_revenue": 1385579, 
        "long_term_average": 461859, 
        "short_term_average": 461859
    }, 
    {
        "date": "2011-12-31", 
        "operating_revenue": 440965, 
        "accumulated_operating_revenue": 1826544, 
        "long_term_average": 456636, 
        "short_term_average": 466268
    }, 
    {
        "date": "2012-01-31", 
        "operating_revenue": 444262, 
        "accumulated_operating_revenue": 444262, 
        "long_term_average": 454161, 
        "short_term_average": 461201
    }, 
    {
        "date": "2012-02-29", 
        "operating_revenue": 427051, 
        "accumulated_operating_revenue": 871313, 
        "long_term_average": 449642, 
        "short_term_average": 437426
    }, 
    {
        "date": "2012-03-31", 
        "operating_revenue": 476019, 
        "accumulated_operating_revenue": 1347332, 
        "long_term_average": 453410, 
        "short_term_average": 449110
    }, 
    {
        "date": "2012-04-30", 
        "operating_revenue": 400401, 
        "accumulated_operating_revenue": 1747733, 
        "long_term_average": 446784, 
        "short_term_average": 434490
    }, 
    {
        "date": "2012-05-31", 
        "operating_revenue": 480753, 
        "accumulated_operating_revenue": 2228486, 
        "long_term_average": 450558, 
        "short_term_average": 452391
    }, 
    {
        "date": "2012-06-30", 
        "operating_revenue": 460745, 
        "accumulated_operating_revenue": 2689231, 
        "long_term_average": 451577, 
        "short_term_average": 447299
    }, 
    {
        "date": "2012-07-31", 
        "operating_revenue": 544585, 
        "accumulated_operating_revenue": 3233816, 
        "long_term_average": 460032, 
        "short_term_average": 495361
    }, 
    {
        "date": "2012-08-31", 
        "operating_revenue": 550289, 
        "accumulated_operating_revenue": 3784105, 
        "long_term_average": 467554, 
        "short_term_average": 518539
    }, 
    {
        "accumulated_operating_revenue_yoy": 907.7287604619629, 
        "accumulated_operating_revenue": 4310459, 
        "long_term_average": 475771, 
        "date": "2012-09-30", 
        "operating_revenue": 526354, 
        "short_term_average": 540409
    }, 
    {
        "accumulated_operating_revenue_yoy": 444.0391748882159, 
        "accumulated_operating_revenue": 4826721, 
        "long_term_average": 480505, 
        "date": "2012-10-31", 
        "operating_revenue": 516262, 
        "short_term_average": 530968
    }, 
    {
        "accumulated_operating_revenue_yoy": 283.78064332672477, 
        "accumulated_operating_revenue": 5317584, 
        "long_term_average": 479879, 
        "date": "2012-11-30", 
        "operating_revenue": 490863, 
        "short_term_average": 511159
    }, 
    {
        "accumulated_operating_revenue_yoy": 214.21843656654315, 
        "accumulated_operating_revenue": 5739338, 
        "long_term_average": 478278, 
        "date": "2012-12-31", 
        "operating_revenue": 421754, 
        "short_term_average": 476293
    }, 
    {
        "accumulated_operating_revenue_yoy": 15.187884626639237, 
        "accumulated_operating_revenue": 511736, 
        "long_term_average": 483901, 
        "date": "2013-01-31", 
        "operating_revenue": 511736, 
        "short_term_average": 474784
    }, 
    {
        "accumulated_operating_revenue_yoy": 12.048368381970658, 
        "accumulated_operating_revenue": 976292, 
        "long_term_average": 487026, 
        "date": "2013-02-28", 
        "operating_revenue": 464556, 
        "short_term_average": 466015
    }, 
    {
        "accumulated_operating_revenue_yoy": 10.546324142824485, 
        "accumulated_operating_revenue": 1489426, 
        "long_term_average": 490119, 
        "date": "2013-03-31", 
        "operating_revenue": 513134, 
        "short_term_average": 496475
    }, 
    {
        "accumulated_operating_revenue_yoy": 18.216855778313963, 
        "accumulated_operating_revenue": 2066115, 
        "long_term_average": 504810, 
        "date": "2013-04-30", 
        "operating_revenue": 576689, 
        "short_term_average": 518126
    }, 
    {
        "accumulated_operating_revenue_yoy": 15.70357632940032, 
        "accumulated_operating_revenue": 2578438, 
        "long_term_average": 507440, 
        "date": "2013-05-31", 
        "operating_revenue": 512323, 
        "short_term_average": 534048
    }, 
    {
        "accumulated_operating_revenue_yoy": 14.91259025349626, 
        "accumulated_operating_revenue": 3090265, 
        "long_term_average": 511697, 
        "date": "2013-06-30", 
        "operating_revenue": 511827, 
        "short_term_average": 533613
    }, 
    {
        "accumulated_operating_revenue_yoy": 13.60986524898139, 
        "accumulated_operating_revenue": 3673934, 
        "long_term_average": 514954, 
        "date": "2013-07-31", 
        "operating_revenue": 583669, 
        "short_term_average": 535939
    }, 
    {
        "accumulated_operating_revenue_yoy": 11.98782803331303, 
        "accumulated_operating_revenue": 4237737, 
        "long_term_average": 516080, 
        "date": "2013-08-31", 
        "operating_revenue": 563803, 
        "short_term_average": 553099
    }, 
    {
        "accumulated_operating_revenue_yoy": 10.331544738042979, 
        "accumulated_operating_revenue": 4755796, 
        "long_term_average": 515389, 
        "date": "2013-09-30", 
        "operating_revenue": 518059, 
        "short_term_average": 555177
    }, 
    {
        "accumulated_operating_revenue_yoy": 10.811397634128843, 
        "accumulated_operating_revenue": 5348557, 
        "long_term_average": 521764, 
        "date": "2013-10-31", 
        "operating_revenue": 592761, 
        "short_term_average": 558207
    }, 
    {
        "accumulated_operating_revenue_yoy": 10.334147989011552, 
        "accumulated_operating_revenue": 5867111, 
        "long_term_average": 524072, 
        "date": "2013-11-30", 
        "operating_revenue": 518554, 
        "short_term_average": 543124
    }, 
    {
        "accumulated_operating_revenue_yoy": 10.24593777191725, 
        "accumulated_operating_revenue": 6327387, 
        "long_term_average": 527282, 
        "date": "2013-12-31", 
        "operating_revenue": 460276, 
        "short_term_average": 523863
    }, 
    {
        "accumulated_operating_revenue_yoy": 0.22511607547641752, 
        "accumulated_operating_revenue": 512888, 
        "long_term_average": 527378, 
        "date": "2014-01-31", 
        "operating_revenue": 512888, 
        "short_term_average": 497239
    }, 
    {
        "accumulated_operating_revenue_yoy": 7.292797646605728, 
        "accumulated_operating_revenue": 1047491, 
        "long_term_average": 533215, 
        "date": "2014-02-28", 
        "operating_revenue": 534603, 
        "short_term_average": 502589
    }, 
    {
        "accumulated_operating_revenue_yoy": 10.40118810870765, 
        "accumulated_operating_revenue": 1644344, 
        "long_term_average": 540192, 
        "date": "2014-03-31", 
        "operating_revenue": 596853, 
        "short_term_average": 548114
    }, 
    {
        "accumulated_operating_revenue_yoy": 8.001587520539758, 
        "accumulated_operating_revenue": 2231437, 
        "long_term_average": 541059, 
        "date": "2014-04-30", 
        "operating_revenue": 587093, 
        "short_term_average": 572849
    }, 
    {
        "accumulated_operating_revenue_yoy": 10.086416660008888, 
        "accumulated_operating_revenue": 2838510, 
        "long_term_average": 548954, 
        "date": "2014-05-31", 
        "operating_revenue": 607073, 
        "short_term_average": 597006
    }, 
    {
        "accumulated_operating_revenue_yoy": 12.589535201673643, 
        "accumulated_operating_revenue": 3479315, 
        "long_term_average": 559703, 
        "date": "2014-06-30", 
        "operating_revenue": 640805, 
        "short_term_average": 611657
    }, 
    {
        "accumulated_operating_revenue_yoy": 14.659871407597414, 
        "accumulated_operating_revenue": 4212528, 
        "long_term_average": 572165, 
        "date": "2014-07-31", 
        "operating_revenue": 733213, 
        "short_term_average": 660363
    }, 
    {
        "accumulated_operating_revenue_yoy": 15.53763246751745, 
        "accumulated_operating_revenue": 4896181, 
        "long_term_average": 582152, 
        "date": "2014-08-31", 
        "operating_revenue": 683653, 
        "short_term_average": 685890
    }, 
    {
        "accumulated_operating_revenue_yoy": 15.871202213046987, 
        "accumulated_operating_revenue": 5510598, 
        "long_term_average": 590182, 
        "date": "2014-09-30", 
        "operating_revenue": 614417, 
        "short_term_average": 677094
    }, 
    {
        "accumulated_operating_revenue_yoy": 15.363994438126023, 
        "accumulated_operating_revenue": 6170309, 
        "long_term_average": 595761, 
        "date": "2014-10-31", 
        "operating_revenue": 659711, 
        "short_term_average": 652593
    }, 
    {
        "accumulated_operating_revenue_yoy": 16.608463688517226, 
        "accumulated_operating_revenue": 6841548, 
        "long_term_average": 608485, 
        "date": "2014-11-30", 
        "operating_revenue": 671239, 
        "short_term_average": 648455
    }, 
    {
        "accumulated_operating_revenue_yoy": 16.427507911243612, 
        "accumulated_operating_revenue": 7366819, 
        "long_term_average": 613901, 
        "date": "2014-12-31", 
        "operating_revenue": 525271, 
        "short_term_average": 618740
    }, 
    {
        "accumulated_operating_revenue_yoy": 19.504453213957042, 
        "accumulated_operating_revenue": 612924, 
        "long_term_average": 622237, 
        "date": "2015-01-31", 
        "operating_revenue": 612924, 
        "short_term_average": 603144
    }, 
    {
        "accumulated_operating_revenue_yoy": 16.80692244611171, 
        "accumulated_operating_revenue": 1223542, 
        "long_term_average": 628572, 
        "date": "2015-02-28", 
        "operating_revenue": 610618, 
        "short_term_average": 582937
    }, 
    {
        "accumulated_operating_revenue_yoy": 5.3918766389514605, 
        "accumulated_operating_revenue": 1733005, 
        "long_term_average": 621290, 
        "date": "2015-03-31", 
        "operating_revenue": 509463, 
        "short_term_average": 577668
    }, 
    {
        "accumulated_operating_revenue_yoy": 6.041129550150867, 
        "accumulated_operating_revenue": 2366241, 
        "long_term_average": 625135, 
        "date": "2015-04-30", 
        "operating_revenue": 633236, 
        "short_term_average": 584439
    }, 
    {
        "accumulated_operating_revenue_yoy": 7.580632092189211, 
        "accumulated_operating_revenue": 3053687, 
        "long_term_average": 631833, 
        "date": "2015-05-31", 
        "operating_revenue": 687446, 
        "short_term_average": 610048
    }, 
    {
        "accumulated_operating_revenue_yoy": 9.736514227656881, 
        "accumulated_operating_revenue": 3818079, 
        "long_term_average": 642131, 
        "date": "2015-06-30", 
        "operating_revenue": 764392, 
        "short_term_average": 695024
    }, 
    {
        "accumulated_operating_revenue_yoy": 11.005315572976606, 
        "accumulated_operating_revenue": 4676130, 
        "long_term_average": 652535, 
        "date": "2015-07-31", 
        "operating_revenue": 858051, 
        "short_term_average": 769963
    }, 
    {
        "accumulated_operating_revenue_yoy": 13.4678027630106, 
        "accumulated_operating_revenue": 5555589, 
        "long_term_average": 668852, 
        "date": "2015-08-31", 
        "operating_revenue": 879459, 
        "short_term_average": 833967
    }
]