[
    {
        "date": "2011-09-30", 
        "operating_revenue": 1619213, 
        "accumulated_operating_revenue": 1619213, 
        "long_term_average": 1619213, 
        "short_term_average": 1619213
    }, 
    {
        "date": "2011-10-31", 
        "operating_revenue": 1641972, 
        "accumulated_operating_revenue": 3261185, 
        "long_term_average": 1630592, 
        "short_term_average": 1630592
    }, 
    {
        "date": "2011-11-30", 
        "operating_revenue": 1626867, 
        "accumulated_operating_revenue": 4888052, 
        "long_term_average": 1629350, 
        "short_term_average": 1629350
    }, 
    {
        "date": "2011-12-31", 
        "operating_revenue": 1589083, 
        "accumulated_operating_revenue": 6477135, 
        "long_term_average": 1619283, 
        "short_term_average": 1619307
    }, 
    {
        "date": "2012-01-31", 
        "operating_revenue": 1168587, 
        "accumulated_operating_revenue": 1168587, 
        "long_term_average": 1529144, 
        "short_term_average": 1461512
    }, 
    {
        "date": "2012-02-29", 
        "operating_revenue": 1009126, 
        "accumulated_operating_revenue": 2177713, 
        "long_term_average": 1442474, 
        "short_term_average": 1255598
    }, 
    {
        "date": "2012-03-31", 
        "operating_revenue": 950337, 
        "accumulated_operating_revenue": 3128050, 
        "long_term_average": 1372169, 
        "short_term_average": 1042683
    }, 
    {
        "date": "2012-04-30", 
        "operating_revenue": 1252739, 
        "accumulated_operating_revenue": 4380789, 
        "long_term_average": 1357240, 
        "short_term_average": 1070734
    }, 
    {
        "date": "2012-05-31", 
        "operating_revenue": 1268145, 
        "accumulated_operating_revenue": 5648934, 
        "long_term_average": 1347341, 
        "short_term_average": 1157073
    }, 
    {
        "date": "2012-06-30", 
        "operating_revenue": 1069660, 
        "accumulated_operating_revenue": 6718594, 
        "long_term_average": 1319572, 
        "short_term_average": 1196848
    }, 
    {
        "date": "2012-07-31", 
        "operating_revenue": 1579275, 
        "accumulated_operating_revenue": 8297869, 
        "long_term_average": 1343182, 
        "short_term_average": 1305693
    }, 
    {
        "date": "2012-08-31", 
        "operating_revenue": 1346066, 
        "accumulated_operating_revenue": 9643935, 
        "long_term_average": 1343422, 
        "short_term_average": 1331667
    }, 
    {
        "accumulated_operating_revenue_yoy": 568.5559589751317, 
        "accumulated_operating_revenue": 10825345, 
        "long_term_average": 1306938, 
        "date": "2012-09-30", 
        "operating_revenue": 1181410, 
        "short_term_average": 1368917
    }, 
    {
        "accumulated_operating_revenue_yoy": 271.2073372102472, 
        "accumulated_operating_revenue": 12105758, 
        "long_term_average": 1276809, 
        "date": "2012-10-31", 
        "operating_revenue": 1280413, 
        "short_term_average": 1269296
    }, 
    {
        "accumulated_operating_revenue_yoy": 172.53247305879725, 
        "accumulated_operating_revenue": 13321529, 
        "long_term_average": 1242551, 
        "date": "2012-11-30", 
        "operating_revenue": 1215771, 
        "short_term_average": 1225864
    }, 
    {
        "accumulated_operating_revenue_yoy": 127.59402112199298, 
        "accumulated_operating_revenue": 14741572, 
        "long_term_average": 1228464, 
        "date": "2012-12-31", 
        "operating_revenue": 1420043, 
        "short_term_average": 1305409
    }, 
    {
        "accumulated_operating_revenue_yoy": -3.154151124392108, 
        "accumulated_operating_revenue": 1131728, 
        "long_term_average": 1225392, 
        "date": "2013-01-31", 
        "operating_revenue": 1131728, 
        "short_term_average": 1255847
    }, 
    {
        "accumulated_operating_revenue_yoy": -9.22587136137774, 
        "accumulated_operating_revenue": 1976800, 
        "long_term_average": 1211721, 
        "date": "2013-02-28", 
        "operating_revenue": 845072, 
        "short_term_average": 1132281
    }, 
    {
        "accumulated_operating_revenue_yoy": -4.901168459583446, 
        "accumulated_operating_revenue": 2974739, 
        "long_term_average": 1215688, 
        "date": "2013-03-31", 
        "operating_revenue": 997939, 
        "short_term_average": 991579
    }, 
    {
        "accumulated_operating_revenue_yoy": -6.190779788754948, 
        "accumulated_operating_revenue": 4109584, 
        "long_term_average": 1205863, 
        "date": "2013-04-30", 
        "operating_revenue": 1134845, 
        "short_term_average": 992618
    }, 
    {
        "accumulated_operating_revenue_yoy": -10.31130829285667, 
        "accumulated_operating_revenue": 5066455, 
        "long_term_average": 1179924, 
        "date": "2013-05-31", 
        "operating_revenue": 956871, 
        "short_term_average": 1029885
    }, 
    {
        "accumulated_operating_revenue_yoy": -8.82333416783333, 
        "accumulated_operating_revenue": 6125790, 
        "long_term_average": 1179064, 
        "date": "2013-06-30", 
        "operating_revenue": 1059335, 
        "short_term_average": 1050350
    }, 
    {
        "accumulated_operating_revenue_yoy": -8.982908744401726, 
        "accumulated_operating_revenue": 7552479, 
        "long_term_average": 1166348, 
        "date": "2013-07-31", 
        "operating_revenue": 1426689, 
        "short_term_average": 1147631
    }, 
    {
        "accumulated_operating_revenue_yoy": -7.176375618458648, 
        "accumulated_operating_revenue": 8951850, 
        "long_term_average": 1170790, 
        "date": "2013-08-31", 
        "operating_revenue": 1399371, 
        "short_term_average": 1295131
    }, 
    {
        "accumulated_operating_revenue_yoy": -5.763723927505312, 
        "accumulated_operating_revenue": 10201402, 
        "long_term_average": 1176469, 
        "date": "2013-09-30", 
        "operating_revenue": 1249552, 
        "short_term_average": 1358537
    }, 
    {
        "accumulated_operating_revenue_yoy": -5.1404546497625345, 
        "accumulated_operating_revenue": 11483467, 
        "long_term_average": 1176606, 
        "date": "2013-10-31", 
        "operating_revenue": 1282065, 
        "short_term_average": 1310329
    }, 
    {
        "accumulated_operating_revenue_yoy": -4.339269163472151, 
        "accumulated_operating_revenue": 12743472, 
        "long_term_average": 1180292, 
        "date": "2013-11-30", 
        "operating_revenue": 1260005, 
        "short_term_average": 1263874
    }, 
    {
        "accumulated_operating_revenue_yoy": -5.478479500015331, 
        "accumulated_operating_revenue": 13933958, 
        "long_term_average": 1161163, 
        "date": "2013-12-31", 
        "operating_revenue": 1190486, 
        "short_term_average": 1244185
    }, 
    {
        "accumulated_operating_revenue_yoy": 3.954130321066546, 
        "accumulated_operating_revenue": 1176478, 
        "long_term_average": 1164892, 
        "date": "2014-01-31", 
        "operating_revenue": 1176478, 
        "short_term_average": 1208989
    }, 
    {
        "accumulated_operating_revenue_yoy": -2.2396297045730473, 
        "accumulated_operating_revenue": 1932527, 
        "long_term_average": 1157473, 
        "date": "2014-02-28", 
        "operating_revenue": 756049, 
        "short_term_average": 1041004
    }, 
    {
        "accumulated_operating_revenue_yoy": 2.0463644037342434, 
        "accumulated_operating_revenue": 3035613, 
        "long_term_average": 1166236, 
        "date": "2014-03-31", 
        "operating_revenue": 1103086, 
        "short_term_average": 1011871
    }, 
    {
        "accumulated_operating_revenue_yoy": 1.0279142609081602, 
        "accumulated_operating_revenue": 4151827, 
        "long_term_average": 1164683, 
        "date": "2014-04-30", 
        "operating_revenue": 1116214, 
        "short_term_average": 991783
    }, 
    {
        "accumulated_operating_revenue_yoy": 2.113904100598939, 
        "accumulated_operating_revenue": 5173555, 
        "long_term_average": 1170088, 
        "date": "2014-05-31", 
        "operating_revenue": 1021728, 
        "short_term_average": 1080342
    }, 
    {
        "accumulated_operating_revenue_yoy": 1.5784413112431215, 
        "accumulated_operating_revenue": 6222482, 
        "long_term_average": 1169220, 
        "date": "2014-06-30", 
        "operating_revenue": 1048927, 
        "short_term_average": 1062289
    }, 
    {
        "accumulated_operating_revenue_yoy": -0.9876094988148924, 
        "accumulated_operating_revenue": 7477890, 
        "long_term_average": 1154947, 
        "date": "2014-07-31", 
        "operating_revenue": 1255408, 
        "short_term_average": 1108687
    }, 
    {
        "accumulated_operating_revenue_yoy": -1.9013053167780962, 
        "accumulated_operating_revenue": 8781648, 
        "long_term_average": 1146979, 
        "date": "2014-08-31", 
        "operating_revenue": 1303758, 
        "short_term_average": 1202697
    }, 
    {
        "accumulated_operating_revenue_yoy": -1.3364143477533774, 
        "accumulated_operating_revenue": 10065069, 
        "long_term_average": 1149802, 
        "date": "2014-09-30", 
        "operating_revenue": 1283421, 
        "short_term_average": 1280862
    }, 
    {
        "accumulated_operating_revenue_yoy": -0.7716920334250971, 
        "accumulated_operating_revenue": 11394850, 
        "long_term_average": 1153778, 
        "date": "2014-10-31", 
        "operating_revenue": 1329781, 
        "short_term_average": 1305653
    }, 
    {
        "accumulated_operating_revenue_yoy": -1.3519078631004173, 
        "accumulated_operating_revenue": 12571192, 
        "long_term_average": 1146806, 
        "date": "2014-11-30", 
        "operating_revenue": 1176342, 
        "short_term_average": 1263181
    }, 
    {
        "accumulated_operating_revenue_yoy": -1.763712794311566, 
        "accumulated_operating_revenue": 13688203, 
        "long_term_average": 1140683, 
        "date": "2014-12-31", 
        "operating_revenue": 1117011, 
        "short_term_average": 1207711
    }, 
    {
        "accumulated_operating_revenue_yoy": 1.0168485938538587, 
        "accumulated_operating_revenue": 1188441, 
        "long_term_average": 1141680, 
        "date": "2015-01-31", 
        "operating_revenue": 1188441, 
        "short_term_average": 1160598
    }, 
    {
        "accumulated_operating_revenue_yoy": 10.975681064223165, 
        "accumulated_operating_revenue": 2144635, 
        "long_term_average": 1158359, 
        "date": "2015-02-28", 
        "operating_revenue": 956194, 
        "short_term_average": 1087215
    }, 
    {
        "accumulated_operating_revenue_yoy": 8.86219686106233, 
        "accumulated_operating_revenue": 3304635, 
        "long_term_average": 1163102, 
        "date": "2015-03-31", 
        "operating_revenue": 1160000, 
        "short_term_average": 1101545
    }, 
    {
        "accumulated_operating_revenue_yoy": 6.2355921862832915, 
        "accumulated_operating_revenue": 4410718, 
        "long_term_average": 1162257, 
        "date": "2015-04-30", 
        "operating_revenue": 1106083, 
        "short_term_average": 1074092
    }, 
    {
        "accumulated_operating_revenue_yoy": 4.838529792376808, 
        "accumulated_operating_revenue": 5423879, 
        "long_term_average": 1161543, 
        "date": "2015-05-31", 
        "operating_revenue": 1013161, 
        "short_term_average": 1093081
    }, 
    {
        "accumulated_operating_revenue_yoy": 3.220901241658875, 
        "accumulated_operating_revenue": 6422902, 
        "long_term_average": 1157385, 
        "date": "2015-06-30", 
        "operating_revenue": 999023, 
        "short_term_average": 1039422
    }, 
    {
        "accumulated_operating_revenue_yoy": 2.747539747174671, 
        "accumulated_operating_revenue": 7683348, 
        "long_term_average": 1157805, 
        "date": "2015-07-31", 
        "operating_revenue": 1260446, 
        "short_term_average": 1090876
    }, 
    {
        "accumulated_operating_revenue_yoy": 2.252538475693856, 
        "accumulated_operating_revenue": 8979458, 
        "long_term_average": 1157167, 
        "date": "2015-08-31", 
        "operating_revenue": 1296110, 
        "short_term_average": 1185193
    }, 
    {
        "accumulated_operating_revenue_yoy": 3.8126216521714857, 
        "accumulated_operating_revenue": 10448812, 
        "long_term_average": 1172662, 
        "date": "2015-09-30", 
        "operating_revenue": 1469354, 
        "short_term_average": 1341970
    }
]