[
    {
        "date": "2012-01-31", 
        "operating_revenue": 238696, 
        "accumulated_operating_revenue": 238696, 
        "long_term_average": 238696, 
        "short_term_average": 238696
    }, 
    {
        "date": "2012-02-29", 
        "operating_revenue": 242397, 
        "accumulated_operating_revenue": 481093, 
        "long_term_average": 240546, 
        "short_term_average": 240546
    }, 
    {
        "date": "2012-03-31", 
        "operating_revenue": 271616, 
        "accumulated_operating_revenue": 752709, 
        "long_term_average": 250903, 
        "short_term_average": 250903
    }, 
    {
        "date": "2012-04-30", 
        "operating_revenue": 279162, 
        "accumulated_operating_revenue": 1031871, 
        "long_term_average": 257967, 
        "short_term_average": 264391
    }, 
    {
        "date": "2012-05-31", 
        "operating_revenue": 307827, 
        "accumulated_operating_revenue": 1339698, 
        "long_term_average": 267939, 
        "short_term_average": 286201
    }, 
    {
        "date": "2012-06-30", 
        "operating_revenue": 324706, 
        "accumulated_operating_revenue": 1664404, 
        "long_term_average": 277400, 
        "short_term_average": 303898
    }, 
    {
        "date": "2012-07-31", 
        "operating_revenue": 338420, 
        "accumulated_operating_revenue": 2002824, 
        "long_term_average": 286117, 
        "short_term_average": 323651
    }, 
    {
        "date": "2012-08-31", 
        "operating_revenue": 380439, 
        "accumulated_operating_revenue": 2383263, 
        "long_term_average": 297907, 
        "short_term_average": 347855
    }, 
    {
        "date": "2012-09-30", 
        "operating_revenue": 412515, 
        "accumulated_operating_revenue": 2795778, 
        "long_term_average": 310642, 
        "short_term_average": 377124
    }, 
    {
        "date": "2012-10-31", 
        "operating_revenue": 431457, 
        "accumulated_operating_revenue": 3227235, 
        "long_term_average": 322723, 
        "short_term_average": 408137
    }, 
    {
        "date": "2012-11-30", 
        "operating_revenue": 431185, 
        "accumulated_operating_revenue": 3658420, 
        "long_term_average": 332583, 
        "short_term_average": 425052
    }, 
    {
        "date": "2012-12-31", 
        "operating_revenue": 407406, 
        "accumulated_operating_revenue": 4065826, 
        "long_term_average": 338818, 
        "short_term_average": 423349
    }, 
    {
        "accumulated_operating_revenue_yoy": 43.358497838254515, 
        "accumulated_operating_revenue": 342191, 
        "long_term_average": 347443, 
        "date": "2013-01-31", 
        "operating_revenue": 342191, 
        "short_term_average": 393594
    }, 
    {
        "accumulated_operating_revenue_yoy": 24.081830332181095, 
        "accumulated_operating_revenue": 596949, 
        "long_term_average": 348473, 
        "date": "2013-02-28", 
        "operating_revenue": 254758, 
        "short_term_average": 334785
    }, 
    {
        "accumulated_operating_revenue_yoy": 15.79893424949084, 
        "accumulated_operating_revenue": 871629, 
        "long_term_average": 348728, 
        "date": "2013-03-31", 
        "operating_revenue": 274680, 
        "short_term_average": 290543
    }, 
    {
        "accumulated_operating_revenue_yoy": 14.692921886553648, 
        "accumulated_operating_revenue": 1183483, 
        "long_term_average": 351453, 
        "date": "2013-04-30", 
        "operating_revenue": 311854, 
        "short_term_average": 280430
    }, 
    {
        "accumulated_operating_revenue_yoy": 13.870812675692582, 
        "accumulated_operating_revenue": 1525525, 
        "long_term_average": 354304, 
        "date": "2013-05-31", 
        "operating_revenue": 342042, 
        "short_term_average": 309525
    }, 
    {
        "accumulated_operating_revenue_yoy": 13.44919863206289, 
        "accumulated_operating_revenue": 1888253, 
        "long_term_average": 357472, 
        "date": "2013-06-30", 
        "operating_revenue": 362728, 
        "short_term_average": 338874
    }, 
    {
        "accumulated_operating_revenue_yoy": 10.85222665596178, 
        "accumulated_operating_revenue": 2220175, 
        "long_term_average": 356931, 
        "date": "2013-07-31", 
        "operating_revenue": 331922, 
        "short_term_average": 345564
    }, 
    {
        "accumulated_operating_revenue_yoy": 6.206323011769998, 
        "accumulated_operating_revenue": 2531176, 
        "long_term_average": 351144, 
        "date": "2013-08-31", 
        "operating_revenue": 311001, 
        "short_term_average": 335217
    }, 
    {
        "accumulated_operating_revenue_yoy": 1.9765517863006292, 
        "accumulated_operating_revenue": 2851038, 
        "long_term_average": 343423, 
        "date": "2013-09-30", 
        "operating_revenue": 319862, 
        "short_term_average": 320928
    }, 
    {
        "accumulated_operating_revenue_yoy": -1.7614149573861215, 
        "accumulated_operating_revenue": 3170390, 
        "long_term_average": 334081, 
        "date": "2013-10-31", 
        "operating_revenue": 319352, 
        "short_term_average": 316738
    }, 
    {
        "accumulated_operating_revenue_yoy": -5.116061031811547, 
        "accumulated_operating_revenue": 3471253, 
        "long_term_average": 323221, 
        "date": "2013-11-30", 
        "operating_revenue": 300863, 
        "short_term_average": 313359
    }, 
    {
        "accumulated_operating_revenue_yoy": -7.23324116673955, 
        "accumulated_operating_revenue": 3771735, 
        "long_term_average": 314311, 
        "date": "2013-12-31", 
        "operating_revenue": 300482, 
        "short_term_average": 306899
    }, 
    {
        "accumulated_operating_revenue_yoy": -10.38805813127756, 
        "accumulated_operating_revenue": 306644, 
        "long_term_average": 311349, 
        "date": "2014-01-31", 
        "operating_revenue": 306644, 
        "short_term_average": 302663
    }, 
    {
        "accumulated_operating_revenue_yoy": -6.946824603106798, 
        "accumulated_operating_revenue": 555480, 
        "long_term_average": 310855, 
        "date": "2014-02-28", 
        "operating_revenue": 248836, 
        "short_term_average": 285320
    }, 
    {
        "accumulated_operating_revenue_yoy": -0.9030218131796899, 
        "accumulated_operating_revenue": 863758, 
        "long_term_average": 313655, 
        "date": "2014-03-31", 
        "operating_revenue": 308278, 
        "short_term_average": 287919
    }, 
    {
        "accumulated_operating_revenue_yoy": -0.5910520049717655, 
        "accumulated_operating_revenue": 1176488, 
        "long_term_average": 313728, 
        "date": "2014-04-30", 
        "operating_revenue": 312730, 
        "short_term_average": 289948
    }, 
    {
        "accumulated_operating_revenue_yoy": -1.795381917700464, 
        "accumulated_operating_revenue": 1498136, 
        "long_term_average": 312028, 
        "date": "2014-05-31", 
        "operating_revenue": 321648, 
        "short_term_average": 314218
    }, 
    {
        "accumulated_operating_revenue_yoy": -4.708902885365467, 
        "accumulated_operating_revenue": 1799337, 
        "long_term_average": 306901, 
        "date": "2014-06-30", 
        "operating_revenue": 301201, 
        "short_term_average": 311859
    }, 
    {
        "accumulated_operating_revenue_yoy": -4.923485761257559, 
        "accumulated_operating_revenue": 2110865, 
        "long_term_average": 305202, 
        "date": "2014-07-31", 
        "operating_revenue": 311528, 
        "short_term_average": 311459
    }, 
    {
        "accumulated_operating_revenue_yoy": -4.0626965489559, 
        "accumulated_operating_revenue": 2428342, 
        "long_term_average": 305741, 
        "date": "2014-08-31", 
        "operating_revenue": 317477, 
        "short_term_average": 310068
    }, 
    {
        "accumulated_operating_revenue_yoy": -2.254056241972222, 
        "accumulated_operating_revenue": 2786774, 
        "long_term_average": 308955, 
        "date": "2014-09-30", 
        "operating_revenue": 358432, 
        "short_term_average": 329145
    }, 
    {
        "accumulated_operating_revenue_yoy": -1.3139077526739613, 
        "accumulated_operating_revenue": 3128734, 
        "long_term_average": 310839, 
        "date": "2014-10-31", 
        "operating_revenue": 341960, 
        "short_term_average": 339289
    }, 
    {
        "accumulated_operating_revenue_yoy": -1.1704995285564033, 
        "accumulated_operating_revenue": 3430622, 
        "long_term_average": 310925, 
        "date": "2014-11-30", 
        "operating_revenue": 301888, 
        "short_term_average": 334093
    }, 
    {
        "accumulated_operating_revenue_yoy": -0.9486880706094145, 
        "accumulated_operating_revenue": 3735953, 
        "long_term_average": 311329, 
        "date": "2014-12-31", 
        "operating_revenue": 305331, 
        "short_term_average": 316393
    }, 
    {
        "accumulated_operating_revenue_yoy": 15.474948148341399, 
        "accumulated_operating_revenue": 354097, 
        "long_term_average": 315283, 
        "date": "2015-01-31", 
        "operating_revenue": 354097, 
        "short_term_average": 320438
    }, 
    {
        "accumulated_operating_revenue_yoy": 14.049110679052351, 
        "accumulated_operating_revenue": 633520, 
        "long_term_average": 317832, 
        "date": "2015-02-28", 
        "operating_revenue": 279423, 
        "short_term_average": 312950
    }, 
    {
        "accumulated_operating_revenue_yoy": 14.189275236814014, 
        "accumulated_operating_revenue": 986319, 
        "long_term_average": 321542, 
        "date": "2015-03-31", 
        "operating_revenue": 352799, 
        "short_term_average": 328773
    }, 
    {
        "accumulated_operating_revenue_yoy": 13.418156411285112, 
        "accumulated_operating_revenue": 1334351, 
        "long_term_average": 324484, 
        "date": "2015-04-30", 
        "operating_revenue": 348032, 
        "short_term_average": 326751
    }, 
    {
        "accumulated_operating_revenue_yoy": 12.602927905076708, 
        "accumulated_operating_revenue": 1686945, 
        "long_term_average": 327063, 
        "date": "2015-05-31", 
        "operating_revenue": 352594, 
        "short_term_average": 351141
    }, 
    {
        "accumulated_operating_revenue_yoy": 12.016370474235789, 
        "accumulated_operating_revenue": 2015552, 
        "long_term_average": 329347, 
        "date": "2015-06-30", 
        "operating_revenue": 328607, 
        "short_term_average": 343077
    }, 
    {
        "accumulated_operating_revenue_yoy": 10.354286039135616, 
        "accumulated_operating_revenue": 2329430, 
        "long_term_average": 329543, 
        "date": "2015-07-31", 
        "operating_revenue": 313878, 
        "short_term_average": 331693
    }, 
    {
        "accumulated_operating_revenue_yoy": 9.598194982420104, 
        "accumulated_operating_revenue": 2661419, 
        "long_term_average": 330752, 
        "date": "2015-08-31", 
        "operating_revenue": 331989, 
        "short_term_average": 324824
    }, 
    {
        "accumulated_operating_revenue_yoy": 8.437462097751737, 
        "accumulated_operating_revenue": 3021907, 
        "long_term_average": 330923, 
        "date": "2015-09-30", 
        "operating_revenue": 360488, 
        "short_term_average": 335451
    }
]