[
    {
        "date": "2012-01-31", 
        "operating_revenue": 271471, 
        "accumulated_operating_revenue": 271471, 
        "long_term_average": 271471, 
        "short_term_average": 271471
    }, 
    {
        "date": "2012-02-29", 
        "operating_revenue": 353692, 
        "accumulated_operating_revenue": 625163, 
        "long_term_average": 312581, 
        "short_term_average": 312581
    }, 
    {
        "date": "2012-03-31", 
        "operating_revenue": 330916, 
        "accumulated_operating_revenue": 956079, 
        "long_term_average": 318693, 
        "short_term_average": 318693
    }, 
    {
        "date": "2012-04-30", 
        "operating_revenue": 363962, 
        "accumulated_operating_revenue": 1320041, 
        "long_term_average": 330010, 
        "short_term_average": 349523
    }, 
    {
        "date": "2012-05-31", 
        "operating_revenue": 451348, 
        "accumulated_operating_revenue": 1771389, 
        "long_term_average": 354277, 
        "short_term_average": 382075
    }, 
    {
        "date": "2012-06-30", 
        "operating_revenue": 356352, 
        "accumulated_operating_revenue": 2127741, 
        "long_term_average": 354623, 
        "short_term_average": 390554
    }, 
    {
        "date": "2012-07-31", 
        "operating_revenue": 370528, 
        "accumulated_operating_revenue": 2498269, 
        "long_term_average": 356895, 
        "short_term_average": 392742
    }, 
    {
        "date": "2012-08-31", 
        "operating_revenue": 393592, 
        "accumulated_operating_revenue": 2891861, 
        "long_term_average": 361482, 
        "short_term_average": 373490
    }, 
    {
        "date": "2012-09-30", 
        "operating_revenue": 241398, 
        "accumulated_operating_revenue": 3133259, 
        "long_term_average": 348139, 
        "short_term_average": 335172
    }, 
    {
        "date": "2012-10-31", 
        "operating_revenue": 231546, 
        "accumulated_operating_revenue": 3364805, 
        "long_term_average": 336480, 
        "short_term_average": 288845
    }, 
    {
        "date": "2012-11-30", 
        "operating_revenue": 247338, 
        "accumulated_operating_revenue": 3612143, 
        "long_term_average": 328376, 
        "short_term_average": 240094
    }, 
    {
        "date": "2012-12-31", 
        "operating_revenue": 128737, 
        "accumulated_operating_revenue": 3740880, 
        "long_term_average": 311740, 
        "short_term_average": 202540
    }, 
    {
        "accumulated_operating_revenue_yoy": -15.086325979570562, 
        "accumulated_operating_revenue": 230516, 
        "long_term_average": 308327, 
        "date": "2013-01-31", 
        "operating_revenue": 230516, 
        "short_term_average": 202197
    }, 
    {
        "accumulated_operating_revenue_yoy": -14.174863195678567, 
        "accumulated_operating_revenue": 536547, 
        "long_term_average": 304355, 
        "date": "2013-02-28", 
        "operating_revenue": 306031, 
        "short_term_average": 221761
    }, 
    {
        "accumulated_operating_revenue_yoy": 2.136748113911089, 
        "accumulated_operating_revenue": 976508, 
        "long_term_average": 313442, 
        "date": "2013-03-31", 
        "operating_revenue": 439961, 
        "short_term_average": 325502
    }, 
    {
        "accumulated_operating_revenue_yoy": 6.3836653558487955, 
        "accumulated_operating_revenue": 1404308, 
        "long_term_average": 318762, 
        "date": "2013-04-30", 
        "operating_revenue": 427800, 
        "short_term_average": 391264
    }, 
    {
        "accumulated_operating_revenue_yoy": 9.61211794811868, 
        "accumulated_operating_revenue": 1941657, 
        "long_term_average": 325929, 
        "date": "2013-05-31", 
        "operating_revenue": 537349, 
        "short_term_average": 468370
    }, 
    {
        "accumulated_operating_revenue_yoy": 14.52239722785809, 
        "accumulated_operating_revenue": 2436740, 
        "long_term_average": 337489, 
        "date": "2013-06-30", 
        "operating_revenue": 495083, 
        "short_term_average": 486744
    }, 
    {
        "accumulated_operating_revenue_yoy": 14.586019359804729, 
        "accumulated_operating_revenue": 2862667, 
        "long_term_average": 342106, 
        "date": "2013-07-31", 
        "operating_revenue": 425927, 
        "short_term_average": 486119
    }, 
    {
        "accumulated_operating_revenue_yoy": 11.824461825793147, 
        "accumulated_operating_revenue": 3233808, 
        "long_term_average": 340235, 
        "date": "2013-08-31", 
        "operating_revenue": 371141, 
        "short_term_average": 430717
    }, 
    {
        "accumulated_operating_revenue_yoy": 17.08738409432479, 
        "accumulated_operating_revenue": 3668651, 
        "long_term_average": 356356, 
        "date": "2013-09-30", 
        "operating_revenue": 434843, 
        "short_term_average": 410637
    }, 
    {
        "accumulated_operating_revenue_yoy": 23.582911936947312, 
        "accumulated_operating_revenue": 4158324, 
        "long_term_average": 377866, 
        "date": "2013-10-31", 
        "operating_revenue": 489673, 
        "short_term_average": 431885
    }, 
    {
        "accumulated_operating_revenue_yoy": 28.69808864156264, 
        "accumulated_operating_revenue": 4648759, 
        "long_term_average": 398124, 
        "date": "2013-11-30", 
        "operating_revenue": 490435, 
        "short_term_average": 471650
    }, 
    {
        "accumulated_operating_revenue_yoy": 37.61098992750369, 
        "accumulated_operating_revenue": 5147862, 
        "long_term_average": 428988, 
        "date": "2013-12-31", 
        "operating_revenue": 499103, 
        "short_term_average": 493070
    }, 
    {
        "accumulated_operating_revenue_yoy": 116.31079838275869, 
        "accumulated_operating_revenue": 498631, 
        "long_term_average": 451331, 
        "date": "2014-01-31", 
        "operating_revenue": 498631, 
        "short_term_average": 496056
    }, 
    {
        "accumulated_operating_revenue_yoy": 90.8352856320136, 
        "accumulated_operating_revenue": 1023921, 
        "long_term_average": 469603, 
        "date": "2014-02-28", 
        "operating_revenue": 525290, 
        "short_term_average": 507674
    }, 
    {
        "accumulated_operating_revenue_yoy": 55.85996223277229, 
        "accumulated_operating_revenue": 1521985, 
        "long_term_average": 474444, 
        "date": "2014-03-31", 
        "operating_revenue": 498064, 
        "short_term_average": 507328
    }, 
    {
        "accumulated_operating_revenue_yoy": 56.610017175719285, 
        "accumulated_operating_revenue": 2199287, 
        "long_term_average": 495236, 
        "date": "2014-04-30", 
        "operating_revenue": 677302, 
        "short_term_average": 566885
    }, 
    {
        "accumulated_operating_revenue_yoy": 46.02131066403592, 
        "accumulated_operating_revenue": 2835233, 
        "long_term_average": 503453, 
        "date": "2014-05-31", 
        "operating_revenue": 635946, 
        "short_term_average": 603770
    }, 
    {
        "accumulated_operating_revenue_yoy": 37.743501563564436, 
        "accumulated_operating_revenue": 3356451, 
        "long_term_average": 505631, 
        "date": "2014-06-30", 
        "operating_revenue": 521218, 
        "short_term_average": 611488
    }, 
    {
        "accumulated_operating_revenue_yoy": 29.850730105876792, 
        "accumulated_operating_revenue": 3717194, 
        "long_term_average": 500199, 
        "date": "2014-07-31", 
        "operating_revenue": 360743, 
        "short_term_average": 505969
    }, 
    {
        "accumulated_operating_revenue_yoy": 26.950239469999453, 
        "accumulated_operating_revenue": 4105327, 
        "long_term_average": 501615, 
        "date": "2014-08-31", 
        "operating_revenue": 388133, 
        "short_term_average": 423364
    }, 
    {
        "accumulated_operating_revenue_yoy": 26.643172108766954, 
        "accumulated_operating_revenue": 4646096, 
        "long_term_average": 510442, 
        "date": "2014-09-30", 
        "operating_revenue": 540769, 
        "short_term_average": 429881
    }, 
    {
        "accumulated_operating_revenue_yoy": 23.804350021787624, 
        "accumulated_operating_revenue": 5148186, 
        "long_term_average": 511477, 
        "date": "2014-10-31", 
        "operating_revenue": 502090, 
        "short_term_average": 476997
    }, 
    {
        "accumulated_operating_revenue_yoy": 24.020797808619463, 
        "accumulated_operating_revenue": 5765428, 
        "long_term_average": 522044, 
        "date": "2014-11-30", 
        "operating_revenue": 617242, 
        "short_term_average": 553367
    }, 
    {
        "accumulated_operating_revenue_yoy": 27.255819988958525, 
        "accumulated_operating_revenue": 6550954, 
        "long_term_average": 545912, 
        "date": "2014-12-31", 
        "operating_revenue": 785526, 
        "short_term_average": 634952
    }, 
    {
        "accumulated_operating_revenue_yoy": 20.21534962727949, 
        "accumulated_operating_revenue": 599431, 
        "long_term_average": 554312, 
        "date": "2015-01-31", 
        "operating_revenue": 599431, 
        "short_term_average": 667399
    }, 
    {
        "accumulated_operating_revenue_yoy": 4.991889022688274, 
        "accumulated_operating_revenue": 1075034, 
        "long_term_average": 550172, 
        "date": "2015-02-28", 
        "operating_revenue": 475603, 
        "short_term_average": 620186
    }, 
    {
        "accumulated_operating_revenue_yoy": -0.38975416971914967, 
        "accumulated_operating_revenue": 1516053, 
        "long_term_average": 545418, 
        "date": "2015-03-31", 
        "operating_revenue": 441019, 
        "short_term_average": 505351
    }, 
    {
        "accumulated_operating_revenue_yoy": -4.580211677693725, 
        "accumulated_operating_revenue": 2098555, 
        "long_term_average": 537518, 
        "date": "2015-04-30", 
        "operating_revenue": 582502, 
        "short_term_average": 499708
    }, 
    {
        "accumulated_operating_revenue_yoy": -9.03177975143489, 
        "accumulated_operating_revenue": 2579161, 
        "long_term_average": 524573, 
        "date": "2015-05-31", 
        "operating_revenue": 480606, 
        "short_term_average": 501375
    }, 
    {
        "accumulated_operating_revenue_yoy": -7.287727423996358, 
        "accumulated_operating_revenue": 3111842, 
        "long_term_average": 525528, 
        "date": "2015-06-30", 
        "operating_revenue": 532681, 
        "short_term_average": 531929
    }, 
    {
        "accumulated_operating_revenue_yoy": -1.1528319479693554, 
        "accumulated_operating_revenue": 3674341, 
        "long_term_average": 542341, 
        "date": "2015-07-31", 
        "operating_revenue": 562499, 
        "short_term_average": 525262
    }, 
    {
        "accumulated_operating_revenue_yoy": 6.315794088997053, 
        "accumulated_operating_revenue": 4364611, 
        "long_term_average": 567519, 
        "date": "2015-08-31", 
        "operating_revenue": 690270, 
        "short_term_average": 595150
    }
]