[
    {
        "date": "2011-09-30", 
        "operating_revenue": 404801, 
        "accumulated_operating_revenue": 404801, 
        "long_term_average": 404801, 
        "short_term_average": 404801
    }, 
    {
        "date": "2011-10-31", 
        "operating_revenue": 371085, 
        "accumulated_operating_revenue": 775886, 
        "long_term_average": 387943, 
        "short_term_average": 387943
    }, 
    {
        "date": "2011-11-30", 
        "operating_revenue": 349782, 
        "accumulated_operating_revenue": 1125668, 
        "long_term_average": 375222, 
        "short_term_average": 375222
    }, 
    {
        "date": "2011-12-31", 
        "operating_revenue": 318593, 
        "accumulated_operating_revenue": 1444261, 
        "long_term_average": 361065, 
        "short_term_average": 346486
    }, 
    {
        "date": "2012-01-31", 
        "operating_revenue": 248737, 
        "accumulated_operating_revenue": 248737, 
        "long_term_average": 338599, 
        "short_term_average": 305704
    }, 
    {
        "date": "2012-02-29", 
        "operating_revenue": 228940, 
        "accumulated_operating_revenue": 477677, 
        "long_term_average": 320323, 
        "short_term_average": 265423
    }, 
    {
        "date": "2012-03-31", 
        "operating_revenue": 377492, 
        "accumulated_operating_revenue": 855169, 
        "long_term_average": 328490, 
        "short_term_average": 285056
    }, 
    {
        "date": "2012-04-30", 
        "operating_revenue": 362279, 
        "accumulated_operating_revenue": 1217448, 
        "long_term_average": 332713, 
        "short_term_average": 322903
    }, 
    {
        "date": "2012-05-31", 
        "operating_revenue": 365580, 
        "accumulated_operating_revenue": 1583028, 
        "long_term_average": 336365, 
        "short_term_average": 368450
    }, 
    {
        "date": "2012-06-30", 
        "operating_revenue": 414838, 
        "accumulated_operating_revenue": 1997866, 
        "long_term_average": 344212, 
        "short_term_average": 380899
    }, 
    {
        "date": "2012-07-31", 
        "operating_revenue": 537745, 
        "accumulated_operating_revenue": 2535611, 
        "long_term_average": 361806, 
        "short_term_average": 439387
    }, 
    {
        "date": "2012-08-31", 
        "operating_revenue": 549988, 
        "accumulated_operating_revenue": 3085599, 
        "long_term_average": 377488, 
        "short_term_average": 500857
    }, 
    {
        "accumulated_operating_revenue_yoy": 805.897465668316, 
        "accumulated_operating_revenue": 3667082, 
        "long_term_average": 392211, 
        "date": "2012-09-30", 
        "operating_revenue": 581483, 
        "short_term_average": 556405
    }, 
    {
        "accumulated_operating_revenue_yoy": 442.1501354580441, 
        "accumulated_operating_revenue": 4206467, 
        "long_term_average": 406236, 
        "date": "2012-10-31", 
        "operating_revenue": 539385, 
        "short_term_average": 556952
    }, 
    {
        "accumulated_operating_revenue_yoy": 318.3716690889321, 
        "accumulated_operating_revenue": 4709476, 
        "long_term_average": 419005, 
        "date": "2012-11-30", 
        "operating_revenue": 503009, 
        "short_term_average": 541292
    }, 
    {
        "accumulated_operating_revenue_yoy": 253.2565789701446, 
        "accumulated_operating_revenue": 5101947, 
        "long_term_average": 425162, 
        "date": "2012-12-31", 
        "operating_revenue": 392471, 
        "short_term_average": 478288
    }, 
    {
        "accumulated_operating_revenue_yoy": 57.502100612293304, 
        "accumulated_operating_revenue": 391766, 
        "long_term_average": 437081, 
        "date": "2013-01-31", 
        "operating_revenue": 391766, 
        "short_term_average": 429082
    }, 
    {
        "accumulated_operating_revenue_yoy": 34.601833456498845, 
        "accumulated_operating_revenue": 642962, 
        "long_term_average": 438936, 
        "date": "2013-02-28", 
        "operating_revenue": 251196, 
        "short_term_average": 345144
    }, 
    {
        "accumulated_operating_revenue_yoy": 11.540876715596566, 
        "accumulated_operating_revenue": 953863, 
        "long_term_average": 433386, 
        "date": "2013-03-31", 
        "operating_revenue": 310901, 
        "short_term_average": 317954
    }, 
    {
        "accumulated_operating_revenue_yoy": 6.931959311609202, 
        "accumulated_operating_revenue": 1301841, 
        "long_term_average": 432195, 
        "date": "2013-04-30", 
        "operating_revenue": 347978, 
        "short_term_average": 303358
    }, 
    {
        "accumulated_operating_revenue_yoy": 4.223109130097509, 
        "accumulated_operating_revenue": 1649881, 
        "long_term_average": 430733, 
        "date": "2013-05-31", 
        "operating_revenue": 348040, 
        "short_term_average": 335639
    }, 
    {
        "accumulated_operating_revenue_yoy": -0.5808697880638641, 
        "accumulated_operating_revenue": 1986261, 
        "long_term_average": 424195, 
        "date": "2013-06-30", 
        "operating_revenue": 336380, 
        "short_term_average": 344132
    }, 
    {
        "accumulated_operating_revenue_yoy": -4.6842358705653195, 
        "accumulated_operating_revenue": 2416837, 
        "long_term_average": 415264, 
        "date": "2013-07-31", 
        "operating_revenue": 430576, 
        "short_term_average": 371665
    }, 
    {
        "accumulated_operating_revenue_yoy": -7.5670558617629835, 
        "accumulated_operating_revenue": 2852110, 
        "long_term_average": 405704, 
        "date": "2013-08-31", 
        "operating_revenue": 435273, 
        "short_term_average": 400743
    }, 
    {
        "accumulated_operating_revenue_yoy": -11.802190406432144, 
        "accumulated_operating_revenue": 3234286, 
        "long_term_average": 389095, 
        "date": "2013-09-30", 
        "operating_revenue": 382176, 
        "short_term_average": 416008
    }, 
    {
        "accumulated_operating_revenue_yoy": -13.830157231710128, 
        "accumulated_operating_revenue": 3624706, 
        "long_term_average": 376682, 
        "date": "2013-10-31", 
        "operating_revenue": 390420, 
        "short_term_average": 402623
    }, 
    {
        "accumulated_operating_revenue_yoy": -14.417676191576303, 
        "accumulated_operating_revenue": 4030479, 
        "long_term_average": 368579, 
        "date": "2013-11-30", 
        "operating_revenue": 405773, 
        "short_term_average": 392789
    }, 
    {
        "accumulated_operating_revenue_yoy": -12.842058139765076, 
        "accumulated_operating_revenue": 4446752, 
        "long_term_average": 370562, 
        "date": "2013-12-31", 
        "operating_revenue": 416273, 
        "short_term_average": 404155
    }, 
    {
        "accumulated_operating_revenue_yoy": 4.616020787919319, 
        "accumulated_operating_revenue": 409850, 
        "long_term_average": 372069, 
        "date": "2014-01-31", 
        "operating_revenue": 409850, 
        "short_term_average": 410632
    }, 
    {
        "accumulated_operating_revenue_yoy": 23.602327975836833, 
        "accumulated_operating_revenue": 794716, 
        "long_term_average": 383208, 
        "date": "2014-02-28", 
        "operating_revenue": 384866, 
        "short_term_average": 403663
    }, 
    {
        "accumulated_operating_revenue_yoy": 36.963379437088975, 
        "accumulated_operating_revenue": 1306443, 
        "long_term_average": 399944, 
        "date": "2014-03-31", 
        "operating_revenue": 511727, 
        "short_term_average": 435481
    }, 
    {
        "accumulated_operating_revenue_yoy": 42.767204289924805, 
        "accumulated_operating_revenue": 1858602, 
        "long_term_average": 416959, 
        "date": "2014-04-30", 
        "operating_revenue": 552159, 
        "short_term_average": 482917
    }, 
    {
        "accumulated_operating_revenue_yoy": 40.66135678876234, 
        "accumulated_operating_revenue": 2320745, 
        "long_term_average": 426468, 
        "date": "2014-05-31", 
        "operating_revenue": 462143, 
        "short_term_average": 508676
    }, 
    {
        "accumulated_operating_revenue_yoy": 39.458459890215835, 
        "accumulated_operating_revenue": 2770009, 
        "long_term_average": 435875, 
        "date": "2014-06-30", 
        "operating_revenue": 449264, 
        "short_term_average": 487855
    }, 
    {
        "accumulated_operating_revenue_yoy": 39.46120487231865, 
        "accumulated_operating_revenue": 3370550, 
        "long_term_average": 450038, 
        "date": "2014-07-31", 
        "operating_revenue": 600541, 
        "short_term_average": 503982
    }, 
    {
        "accumulated_operating_revenue_yoy": 36.280718485612404, 
        "accumulated_operating_revenue": 3886876, 
        "long_term_average": 456793, 
        "date": "2014-08-31", 
        "operating_revenue": 516326, 
        "short_term_average": 522043
    }, 
    {
        "accumulated_operating_revenue_yoy": 37.503176899012644, 
        "accumulated_operating_revenue": 4447246, 
        "long_term_average": 471642, 
        "date": "2014-09-30", 
        "operating_revenue": 560370, 
        "short_term_average": 559079
    }, 
    {
        "accumulated_operating_revenue_yoy": 38.92188773379138, 
        "accumulated_operating_revenue": 5035510, 
        "long_term_average": 488129, 
        "date": "2014-10-31", 
        "operating_revenue": 588264, 
        "short_term_average": 554986
    }, 
    {
        "accumulated_operating_revenue_yoy": 38.83523521645939, 
        "accumulated_operating_revenue": 5595725, 
        "long_term_average": 500999, 
        "date": "2014-11-30", 
        "operating_revenue": 560215, 
        "short_term_average": 569616
    }, 
    {
        "accumulated_operating_revenue_yoy": 40.362516281546625, 
        "accumulated_operating_revenue": 6241573, 
        "long_term_average": 520131, 
        "date": "2014-12-31", 
        "operating_revenue": 645848, 
        "short_term_average": 598109
    }, 
    {
        "accumulated_operating_revenue_yoy": 40.96693912406978, 
        "accumulated_operating_revenue": 577753, 
        "long_term_average": 534123, 
        "date": "2015-01-31", 
        "operating_revenue": 577753, 
        "short_term_average": 594605
    }, 
    {
        "accumulated_operating_revenue_yoy": 24.071492206020768, 
        "accumulated_operating_revenue": 986016, 
        "long_term_average": 536072, 
        "date": "2015-02-28", 
        "operating_revenue": 408263, 
        "short_term_average": 543954
    }, 
    {
        "accumulated_operating_revenue_yoy": 18.90813453017085, 
        "accumulated_operating_revenue": 1553467, 
        "long_term_average": 540716, 
        "date": "2015-03-31", 
        "operating_revenue": 567451, 
        "short_term_average": 517822
    }, 
    {
        "accumulated_operating_revenue_yoy": 19.332702751853276, 
        "accumulated_operating_revenue": 2217920, 
        "long_term_average": 550074, 
        "date": "2015-04-30", 
        "operating_revenue": 664453, 
        "short_term_average": 546722
    }, 
    {
        "accumulated_operating_revenue_yoy": 19.794678002107084, 
        "accumulated_operating_revenue": 2780129, 
        "long_term_average": 558413, 
        "date": "2015-05-31", 
        "operating_revenue": 562209, 
        "short_term_average": 598037
    }, 
    {
        "accumulated_operating_revenue_yoy": 19.02325949121465, 
        "accumulated_operating_revenue": 3296955, 
        "long_term_average": 564043, 
        "date": "2015-06-30", 
        "operating_revenue": 516826, 
        "short_term_average": 581162
    }, 
    {
        "accumulated_operating_revenue_yoy": 17.724911364614083, 
        "accumulated_operating_revenue": 3967977, 
        "long_term_average": 569916, 
        "date": "2015-07-31", 
        "operating_revenue": 671022, 
        "short_term_average": 583352
    }, 
    {
        "accumulated_operating_revenue_yoy": 18.200529165324543, 
        "accumulated_operating_revenue": 4594308, 
        "long_term_average": 579083, 
        "date": "2015-08-31", 
        "operating_revenue": 626331, 
        "short_term_average": 604726
    }, 
    {
        "accumulated_operating_revenue_yoy": 18.520158318204118, 
        "accumulated_operating_revenue": 5270883, 
        "long_term_average": 588767, 
        "date": "2015-09-30", 
        "operating_revenue": 676575, 
        "short_term_average": 657976
    }
]