[
    {
        "date": "2012-01-31", 
        "operating_revenue": 54834802, 
        "accumulated_operating_revenue": 54834802, 
        "long_term_average": 54834802, 
        "short_term_average": 54834802
    }, 
    {
        "date": "2012-02-29", 
        "operating_revenue": 59285140, 
        "accumulated_operating_revenue": 114119942, 
        "long_term_average": 57059971, 
        "short_term_average": 57059971
    }, 
    {
        "date": "2012-03-31", 
        "operating_revenue": 57553073, 
        "accumulated_operating_revenue": 171673015, 
        "long_term_average": 57224338, 
        "short_term_average": 57224338
    }, 
    {
        "date": "2012-04-30", 
        "operating_revenue": 67268394, 
        "accumulated_operating_revenue": 238941409, 
        "long_term_average": 59735352, 
        "short_term_average": 61368869
    }, 
    {
        "date": "2012-05-31", 
        "operating_revenue": 72055908, 
        "accumulated_operating_revenue": 310997317, 
        "long_term_average": 62199463, 
        "short_term_average": 65625791
    }, 
    {
        "date": "2012-06-30", 
        "operating_revenue": 75996725, 
        "accumulated_operating_revenue": 386994042, 
        "long_term_average": 64499007, 
        "short_term_average": 71773675
    }, 
    {
        "date": "2012-07-31", 
        "operating_revenue": 77342831, 
        "accumulated_operating_revenue": 464336873, 
        "long_term_average": 66333839, 
        "short_term_average": 75131821
    }, 
    {
        "date": "2012-08-31", 
        "operating_revenue": 69517278, 
        "accumulated_operating_revenue": 533854151, 
        "long_term_average": 66731768, 
        "short_term_average": 74285611
    }, 
    {
        "date": "2012-09-30", 
        "operating_revenue": 80289569, 
        "accumulated_operating_revenue": 614143720, 
        "long_term_average": 68238191, 
        "short_term_average": 75716559
    }, 
    {
        "date": "2012-10-31", 
        "operating_revenue": 85700449, 
        "accumulated_operating_revenue": 699844169, 
        "long_term_average": 69984416, 
        "short_term_average": 78502432
    }, 
    {
        "date": "2012-11-30", 
        "operating_revenue": 94026346, 
        "accumulated_operating_revenue": 793870515, 
        "long_term_average": 72170046, 
        "short_term_average": 86672121
    }, 
    {
        "date": "2012-12-31", 
        "operating_revenue": 87326901, 
        "accumulated_operating_revenue": 881197416, 
        "long_term_average": 73433118, 
        "short_term_average": 89017898
    }, 
    {
        "accumulated_operating_revenue_yoy": 60.60602899596501, 
        "accumulated_operating_revenue": 88067998, 
        "long_term_average": 76202551, 
        "date": "2013-01-31", 
        "operating_revenue": 88067998, 
        "short_term_average": 89807081
    }, 
    {
        "accumulated_operating_revenue_yoy": 37.18353099057832, 
        "accumulated_operating_revenue": 156553766, 
        "long_term_average": 76969270, 
        "date": "2013-02-28", 
        "operating_revenue": 68485768, 
        "short_term_average": 81293555
    }, 
    {
        "accumulated_operating_revenue_yoy": 26.74583830196027, 
        "accumulated_operating_revenue": 217588402, 
        "long_term_average": 77259400, 
        "date": "2013-03-31", 
        "operating_revenue": 61034636, 
        "short_term_average": 72529467
    }, 
    {
        "accumulated_operating_revenue_yoy": 19.9964192895506, 
        "accumulated_operating_revenue": 286721135, 
        "long_term_average": 77414761, 
        "date": "2013-04-30", 
        "operating_revenue": 69132733, 
        "short_term_average": 66217712
    }, 
    {
        "accumulated_operating_revenue_yoy": 15.36170422975064, 
        "accumulated_operating_revenue": 358771805, 
        "long_term_average": 77414325, 
        "date": "2013-05-31", 
        "operating_revenue": 72050670, 
        "short_term_average": 67406013
    }, 
    {
        "accumulated_operating_revenue_yoy": 11.065106010081674, 
        "accumulated_operating_revenue": 429815343, 
        "long_term_average": 77001559, 
        "date": "2013-06-30", 
        "operating_revenue": 71043538, 
        "short_term_average": 70742313
    }, 
    {
        "accumulated_operating_revenue_yoy": 7.305364913374001, 
        "accumulated_operating_revenue": 498258376, 
        "long_term_average": 76259909, 
        "date": "2013-07-31", 
        "operating_revenue": 68443033, 
        "short_term_average": 70512413
    }, 
    {
        "accumulated_operating_revenue_yoy": 5.808780158759129, 
        "accumulated_operating_revenue": 564864565, 
        "long_term_average": 76017319, 
        "date": "2013-08-31", 
        "operating_revenue": 66606189, 
        "short_term_average": 68697586
    }, 
    {
        "accumulated_operating_revenue_yoy": 11.340853245230612, 
        "accumulated_operating_revenue": 683792858, 
        "long_term_average": 79237212, 
        "date": "2013-09-30", 
        "operating_revenue": 118928293, 
        "short_term_average": 84659171
    }, 
    {
        "accumulated_operating_revenue_yoy": 10.270271180897701, 
        "accumulated_operating_revenue": 771720063, 
        "long_term_average": 79422775, 
        "date": "2013-10-31", 
        "operating_revenue": 87927205, 
        "short_term_average": 91153895
    }, 
    {
        "accumulated_operating_revenue_yoy": 8.601174210381147, 
        "accumulated_operating_revenue": 862152701, 
        "long_term_average": 79123300, 
        "date": "2013-11-30", 
        "operating_revenue": 90432638, 
        "short_term_average": 99096045
    }, 
    {
        "accumulated_operating_revenue_yoy": 7.779710965471101, 
        "accumulated_operating_revenue": 949752028, 
        "long_term_average": 79146002, 
        "date": "2013-12-31", 
        "operating_revenue": 87599327, 
        "short_term_average": 88653056
    }, 
    {
        "accumulated_operating_revenue_yoy": 3.925002360108152, 
        "accumulated_operating_revenue": 91524669, 
        "long_term_average": 79434058, 
        "date": "2014-01-31", 
        "operating_revenue": 91524669, 
        "short_term_average": 89852211
    }, 
    {
        "accumulated_operating_revenue_yoy": -4.1943928707534255, 
        "accumulated_operating_revenue": 149987286, 
        "long_term_average": 78598795, 
        "date": "2014-02-28", 
        "operating_revenue": 58462617, 
        "short_term_average": 79195537
    }, 
    {
        "accumulated_operating_revenue_yoy": 0.5278084628793772, 
        "accumulated_operating_revenue": 218736852, 
        "long_term_average": 79241706, 
        "date": "2014-03-31", 
        "operating_revenue": 68749566, 
        "short_term_average": 72912284
    }, 
    {
        "accumulated_operating_revenue_yoy": 1.270339907101721, 
        "accumulated_operating_revenue": 290363468, 
        "long_term_average": 79449530, 
        "date": "2014-04-30", 
        "operating_revenue": 71626616, 
        "short_term_average": 66279599
    }, 
    {
        "accumulated_operating_revenue_yoy": -0.7020805327776524, 
        "accumulated_operating_revenue": 356252938, 
        "long_term_average": 78936096, 
        "date": "2014-05-31", 
        "operating_revenue": 65889470, 
        "short_term_average": 68755217
    }, 
    {
        "accumulated_operating_revenue_yoy": 0.2963754134761076, 
        "accumulated_operating_revenue": 431089210, 
        "long_term_average": 79252157, 
        "date": "2014-06-30", 
        "operating_revenue": 74836272, 
        "short_term_average": 70784119
    }, 
    {
        "accumulated_operating_revenue_yoy": -0.5183039813062771, 
        "accumulated_operating_revenue": 495675883, 
        "long_term_average": 78930794, 
        "date": "2014-07-31", 
        "operating_revenue": 64586673, 
        "short_term_average": 68437471
    }, 
    {
        "accumulated_operating_revenue_yoy": -0.7233404701178238, 
        "accumulated_operating_revenue": 560778671, 
        "long_term_average": 78805511, 
        "date": "2014-08-31", 
        "operating_revenue": 65102788, 
        "short_term_average": 68175244
    }, 
    {
        "accumulated_operating_revenue_yoy": -2.3399428368992994, 
        "accumulated_operating_revenue": 667792496, 
        "long_term_average": 77812638, 
        "date": "2014-09-30", 
        "operating_revenue": 107013825, 
        "short_term_average": 78901095
    }, 
    {
        "accumulated_operating_revenue_yoy": 1.9534313960164595, 
        "accumulated_operating_revenue": 786795085, 
        "long_term_average": 80402254, 
        "date": "2014-10-31", 
        "operating_revenue": 119002589, 
        "short_term_average": 97039734
    }, 
    {
        "accumulated_operating_revenue_yoy": 4.962697901470705, 
        "accumulated_operating_revenue": 904938735, 
        "long_term_average": 82711505, 
        "date": "2014-11-30", 
        "operating_revenue": 118143650, 
        "short_term_average": 114720021
    }, 
    {
        "accumulated_operating_revenue_yoy": 7.316699722803856, 
        "accumulated_operating_revenue": 1019242532, 
        "long_term_average": 84936877, 
        "date": "2014-12-31", 
        "operating_revenue": 114303797, 
        "short_term_average": 117150012
    }, 
    {
        "accumulated_operating_revenue_yoy": 28.980681700143595, 
        "accumulated_operating_revenue": 118049142, 
        "long_term_average": 87147250, 
        "date": "2015-01-31", 
        "operating_revenue": 118049142, 
        "short_term_average": 116832196
    }, 
    {
        "accumulated_operating_revenue_yoy": 24.899343801713965, 
        "accumulated_operating_revenue": 187333136, 
        "long_term_average": 88049031, 
        "date": "2015-02-28", 
        "operating_revenue": 69283994, 
        "short_term_average": 100545644
    }, 
    {
        "accumulated_operating_revenue_yoy": 25.241175638753365, 
        "accumulated_operating_revenue": 273948605, 
        "long_term_average": 89537857, 
        "date": "2015-03-31", 
        "operating_revenue": 86615469, 
        "short_term_average": 91316201
    }, 
    {
        "accumulated_operating_revenue_yoy": 21.237539772048734, 
        "accumulated_operating_revenue": 352029525, 
        "long_term_average": 90075715, 
        "date": "2015-04-30", 
        "operating_revenue": 78080920, 
        "short_term_average": 77993461
    }, 
    {
        "accumulated_operating_revenue_yoy": 18.624295247215617, 
        "accumulated_operating_revenue": 422602537, 
        "long_term_average": 90466010, 
        "date": "2015-05-31", 
        "operating_revenue": 70573012, 
        "short_term_average": 78423133
    }, 
    {
        "accumulated_operating_revenue_yoy": 14.271773352898348, 
        "accumulated_operating_revenue": 492613285, 
        "long_term_average": 90063883, 
        "date": "2015-06-30", 
        "operating_revenue": 70010748, 
        "short_term_average": 72888226
    }, 
    {
        "accumulated_operating_revenue_yoy": 12.861706245248167, 
        "accumulated_operating_revenue": 559428259, 
        "long_term_average": 90249575, 
        "date": "2015-07-31", 
        "operating_revenue": 66814974, 
        "short_term_average": 69132911
    }, 
    {
        "accumulated_operating_revenue_yoy": 13.271945929626842, 
        "accumulated_operating_revenue": 635204913, 
        "long_term_average": 91139064, 
        "date": "2015-08-31", 
        "operating_revenue": 75776654, 
        "short_term_average": 70867458
    }, 
    {
        "accumulated_operating_revenue_yoy": 19.99060708223352, 
        "accumulated_operating_revenue": 801288270, 
        "long_term_average": 96061525, 
        "date": "2015-09-30", 
        "operating_revenue": 166083357, 
        "short_term_average": 102891661
    }, 
    {
        "accumulated_operating_revenue_yoy": 24.122226055847822, 
        "accumulated_operating_revenue": 976587574, 
        "long_term_average": 100752918, 
        "date": "2015-10-31", 
        "operating_revenue": 175299304, 
        "short_term_average": 139053105
    }
]