[
    {
        "date": "2011-09-30", 
        "operating_revenue": 188706, 
        "accumulated_operating_revenue": 188706, 
        "long_term_average": 188706, 
        "short_term_average": 188706
    }, 
    {
        "date": "2011-10-31", 
        "operating_revenue": 148787, 
        "accumulated_operating_revenue": 337493, 
        "long_term_average": 168746, 
        "short_term_average": 168746
    }, 
    {
        "date": "2011-11-30", 
        "operating_revenue": 153026, 
        "accumulated_operating_revenue": 490519, 
        "long_term_average": 163506, 
        "short_term_average": 163506
    }, 
    {
        "date": "2011-12-31", 
        "operating_revenue": 167167, 
        "accumulated_operating_revenue": 657686, 
        "long_term_average": 164421, 
        "short_term_average": 156326
    }, 
    {
        "date": "2012-01-31", 
        "operating_revenue": 90995, 
        "accumulated_operating_revenue": 90995, 
        "long_term_average": 149736, 
        "short_term_average": 137062
    }, 
    {
        "date": "2012-02-29", 
        "operating_revenue": 148472, 
        "accumulated_operating_revenue": 239467, 
        "long_term_average": 149525, 
        "short_term_average": 135544
    }, 
    {
        "date": "2012-03-31", 
        "operating_revenue": 147282, 
        "accumulated_operating_revenue": 386749, 
        "long_term_average": 149205, 
        "short_term_average": 128916
    }, 
    {
        "date": "2012-04-30", 
        "operating_revenue": 140961, 
        "accumulated_operating_revenue": 527710, 
        "long_term_average": 148174, 
        "short_term_average": 145571
    }, 
    {
        "date": "2012-05-31", 
        "operating_revenue": 138493, 
        "accumulated_operating_revenue": 666203, 
        "long_term_average": 147098, 
        "short_term_average": 142245
    }, 
    {
        "date": "2012-06-30", 
        "operating_revenue": 131210, 
        "accumulated_operating_revenue": 797413, 
        "long_term_average": 145509, 
        "short_term_average": 136888
    }, 
    {
        "date": "2012-07-31", 
        "operating_revenue": 155003, 
        "accumulated_operating_revenue": 952416, 
        "long_term_average": 146372, 
        "short_term_average": 141568
    }, 
    {
        "date": "2012-08-31", 
        "operating_revenue": 157015, 
        "accumulated_operating_revenue": 1109431, 
        "long_term_average": 147259, 
        "short_term_average": 147742
    }, 
    {
        "accumulated_operating_revenue_yoy": 586.699416022808, 
        "accumulated_operating_revenue": 1295843, 
        "long_term_average": 147068, 
        "date": "2012-09-30", 
        "operating_revenue": 186412, 
        "short_term_average": 166143
    }, 
    {
        "accumulated_operating_revenue_yoy": 326.43640016237373, 
        "accumulated_operating_revenue": 1439193, 
        "long_term_average": 146615, 
        "date": "2012-10-31", 
        "operating_revenue": 143350, 
        "short_term_average": 162259
    }, 
    {
        "accumulated_operating_revenue_yoy": 225.58290300681523, 
        "accumulated_operating_revenue": 1597046, 
        "long_term_average": 147017, 
        "date": "2012-11-30", 
        "operating_revenue": 157853, 
        "short_term_average": 162538
    }, 
    {
        "accumulated_operating_revenue_yoy": 164.06355008317038, 
        "accumulated_operating_revenue": 1736709, 
        "long_term_average": 144725, 
        "date": "2012-12-31", 
        "operating_revenue": 139663, 
        "short_term_average": 146955
    }, 
    {
        "accumulated_operating_revenue_yoy": 65.52118248255398, 
        "accumulated_operating_revenue": 150616, 
        "long_term_average": 149694, 
        "date": "2013-01-31", 
        "operating_revenue": 150616, 
        "short_term_average": 149377
    }, 
    {
        "accumulated_operating_revenue_yoy": -2.1681484296374864, 
        "accumulated_operating_revenue": 234275, 
        "long_term_average": 144293, 
        "date": "2013-02-28", 
        "operating_revenue": 83659, 
        "short_term_average": 124646
    }, 
    {
        "accumulated_operating_revenue_yoy": 0.5680686957173774, 
        "accumulated_operating_revenue": 388946, 
        "long_term_average": 144908, 
        "date": "2013-03-31", 
        "operating_revenue": 154671, 
        "short_term_average": 129648
    }, 
    {
        "accumulated_operating_revenue_yoy": 2.771977032840007, 
        "accumulated_operating_revenue": 542338, 
        "long_term_average": 145944, 
        "date": "2013-04-30", 
        "operating_revenue": 153392, 
        "short_term_average": 130574
    }, 
    {
        "accumulated_operating_revenue_yoy": 5.77646753316932, 
        "accumulated_operating_revenue": 704686, 
        "long_term_average": 147932, 
        "date": "2013-05-31", 
        "operating_revenue": 162348, 
        "short_term_average": 156803
    }, 
    {
        "accumulated_operating_revenue_yoy": 6.35116307358922, 
        "accumulated_operating_revenue": 848058, 
        "long_term_average": 148946, 
        "date": "2013-06-30", 
        "operating_revenue": 143372, 
        "short_term_average": 153037
    }, 
    {
        "accumulated_operating_revenue_yoy": 7.1436221147061785, 
        "accumulated_operating_revenue": 1020453, 
        "long_term_average": 150395, 
        "date": "2013-07-31", 
        "operating_revenue": 172395, 
        "short_term_average": 159371
    }, 
    {
        "accumulated_operating_revenue_yoy": 6.800422919496571, 
        "accumulated_operating_revenue": 1184877, 
        "long_term_average": 151012, 
        "date": "2013-08-31", 
        "operating_revenue": 164424, 
        "short_term_average": 160063
    }, 
    {
        "accumulated_operating_revenue_yoy": 2.733278645638399, 
        "accumulated_operating_revenue": 1331262, 
        "long_term_average": 147677, 
        "date": "2013-09-30", 
        "operating_revenue": 146385, 
        "short_term_average": 161068
    }, 
    {
        "accumulated_operating_revenue_yoy": 2.446579437226279, 
        "accumulated_operating_revenue": 1474404, 
        "long_term_average": 147660, 
        "date": "2013-10-31", 
        "operating_revenue": 143142, 
        "short_term_average": 151317
    }, 
    {
        "accumulated_operating_revenue_yoy": 1.5637620957693141, 
        "accumulated_operating_revenue": 1622020, 
        "long_term_average": 146806, 
        "date": "2013-11-30", 
        "operating_revenue": 147616, 
        "short_term_average": 145714
    }, 
    {
        "accumulated_operating_revenue_yoy": 3.1036863400834567, 
        "accumulated_operating_revenue": 1790611, 
        "long_term_average": 149217, 
        "date": "2013-12-31", 
        "operating_revenue": 168591, 
        "short_term_average": 153116
    }, 
    {
        "accumulated_operating_revenue_yoy": -17.132973920433418, 
        "accumulated_operating_revenue": 124811, 
        "long_term_average": 147067, 
        "date": "2014-01-31", 
        "operating_revenue": 124811, 
        "short_term_average": 147006
    }, 
    {
        "accumulated_operating_revenue_yoy": 3.033614342119304, 
        "accumulated_operating_revenue": 241382, 
        "long_term_average": 149809, 
        "date": "2014-02-28", 
        "operating_revenue": 116571, 
        "short_term_average": 136657
    }, 
    {
        "accumulated_operating_revenue_yoy": 3.477603574789302, 
        "accumulated_operating_revenue": 402472, 
        "long_term_average": 150344, 
        "date": "2014-03-31", 
        "operating_revenue": 161090, 
        "short_term_average": 134157
    }, 
    {
        "accumulated_operating_revenue_yoy": 8.87011420922008, 
        "accumulated_operating_revenue": 590444, 
        "long_term_average": 153226, 
        "date": "2014-04-30", 
        "operating_revenue": 187972, 
        "short_term_average": 155211
    }, 
    {
        "accumulated_operating_revenue_yoy": 5.345217586272468, 
        "accumulated_operating_revenue": 742353, 
        "long_term_average": 152356, 
        "date": "2014-05-31", 
        "operating_revenue": 151909, 
        "short_term_average": 166990
    }, 
    {
        "accumulated_operating_revenue_yoy": 6.613109009053626, 
        "accumulated_operating_revenue": 904141, 
        "long_term_average": 153891, 
        "date": "2014-06-30", 
        "operating_revenue": 161788, 
        "short_term_average": 167223
    }, 
    {
        "accumulated_operating_revenue_yoy": 4.361298364549861, 
        "accumulated_operating_revenue": 1064958, 
        "long_term_average": 152926, 
        "date": "2014-07-31", 
        "operating_revenue": 160817, 
        "short_term_average": 158171
    }, 
    {
        "accumulated_operating_revenue_yoy": 4.817715256520297, 
        "accumulated_operating_revenue": 1241961, 
        "long_term_average": 153974, 
        "date": "2014-08-31", 
        "operating_revenue": 177003, 
        "short_term_average": 166536
    }, 
    {
        "accumulated_operating_revenue_yoy": 9.322883098894131, 
        "accumulated_operating_revenue": 1455374, 
        "long_term_average": 159560, 
        "date": "2014-09-30", 
        "operating_revenue": 213413, 
        "short_term_average": 183744
    }, 
    {
        "accumulated_operating_revenue_yoy": 10.395115585687504, 
        "accumulated_operating_revenue": 1627670, 
        "long_term_average": 161989, 
        "date": "2014-10-31", 
        "operating_revenue": 172296, 
        "short_term_average": 187570
    }, 
    {
        "accumulated_operating_revenue_yoy": 9.721458428379428, 
        "accumulated_operating_revenue": 1779704, 
        "long_term_average": 162357, 
        "date": "2014-11-30", 
        "operating_revenue": 152034, 
        "short_term_average": 179247
    }, 
    {
        "accumulated_operating_revenue_yoy": 8.433210786709118, 
        "accumulated_operating_revenue": 1941617, 
        "long_term_average": 161801, 
        "date": "2014-12-31", 
        "operating_revenue": 161913, 
        "short_term_average": 162081
    }, 
    {
        "accumulated_operating_revenue_yoy": 9.008821337862848, 
        "accumulated_operating_revenue": 136055, 
        "long_term_average": 162738, 
        "date": "2015-01-31", 
        "operating_revenue": 136055, 
        "short_term_average": 150000
    }, 
    {
        "accumulated_operating_revenue_yoy": -7.775641928561368, 
        "accumulated_operating_revenue": 222613, 
        "long_term_average": 160237, 
        "date": "2015-02-28", 
        "operating_revenue": 86558, 
        "short_term_average": 128175
    }, 
    {
        "accumulated_operating_revenue_yoy": -11.532727742551034, 
        "accumulated_operating_revenue": 356056, 
        "long_term_average": 157933, 
        "date": "2015-03-31", 
        "operating_revenue": 133443, 
        "short_term_average": 118685
    }, 
    {
        "accumulated_operating_revenue_yoy": -15.142841658142009, 
        "accumulated_operating_revenue": 501034, 
        "long_term_average": 154350, 
        "date": "2015-04-30", 
        "operating_revenue": 144978, 
        "short_term_average": 121659
    }, 
    {
        "accumulated_operating_revenue_yoy": -17.05266901325919, 
        "accumulated_operating_revenue": 615762, 
        "long_term_average": 151252, 
        "date": "2015-05-31", 
        "operating_revenue": 114728, 
        "short_term_average": 131049
    }, 
    {
        "accumulated_operating_revenue_yoy": -18.679719203088897, 
        "accumulated_operating_revenue": 735250, 
        "long_term_average": 147727, 
        "date": "2015-06-30", 
        "operating_revenue": 119488, 
        "short_term_average": 126398
    }, 
    {
        "accumulated_operating_revenue_yoy": -18.53594226251176, 
        "accumulated_operating_revenue": 867558, 
        "long_term_average": 145351, 
        "date": "2015-07-31", 
        "operating_revenue": 132308, 
        "short_term_average": 122174
    }, 
    {
        "accumulated_operating_revenue_yoy": -18.572885944083588, 
        "accumulated_operating_revenue": 1011293, 
        "long_term_average": 142579, 
        "date": "2015-08-31", 
        "operating_revenue": 143735, 
        "short_term_average": 131843
    }
]