[
    {
        "date": "2011-09-30", 
        "operating_revenue": 790774, 
        "accumulated_operating_revenue": 790774, 
        "long_term_average": 790774, 
        "short_term_average": 790774
    }, 
    {
        "date": "2011-10-31", 
        "operating_revenue": 694820, 
        "accumulated_operating_revenue": 1485594, 
        "long_term_average": 742797, 
        "short_term_average": 742797
    }, 
    {
        "date": "2011-11-30", 
        "operating_revenue": 644131, 
        "accumulated_operating_revenue": 2129725, 
        "long_term_average": 709908, 
        "short_term_average": 709908
    }, 
    {
        "date": "2011-12-31", 
        "operating_revenue": 802632, 
        "accumulated_operating_revenue": 2932357, 
        "long_term_average": 733089, 
        "short_term_average": 713861
    }, 
    {
        "date": "2012-01-31", 
        "operating_revenue": 506370, 
        "accumulated_operating_revenue": 506370, 
        "long_term_average": 687745, 
        "short_term_average": 651044
    }, 
    {
        "date": "2012-02-29", 
        "operating_revenue": 616301, 
        "accumulated_operating_revenue": 1122671, 
        "long_term_average": 675838, 
        "short_term_average": 641767
    }, 
    {
        "date": "2012-03-31", 
        "operating_revenue": 666100, 
        "accumulated_operating_revenue": 1788771, 
        "long_term_average": 674446, 
        "short_term_average": 596257
    }, 
    {
        "date": "2012-04-30", 
        "operating_revenue": 644357, 
        "accumulated_operating_revenue": 2433128, 
        "long_term_average": 670685, 
        "short_term_average": 642252
    }, 
    {
        "date": "2012-05-31", 
        "operating_revenue": 683967, 
        "accumulated_operating_revenue": 3117095, 
        "long_term_average": 672161, 
        "short_term_average": 664808
    }, 
    {
        "date": "2012-06-30", 
        "operating_revenue": 732123, 
        "accumulated_operating_revenue": 3849218, 
        "long_term_average": 678157, 
        "short_term_average": 686815
    }, 
    {
        "date": "2012-07-31", 
        "operating_revenue": 554694, 
        "accumulated_operating_revenue": 4403912, 
        "long_term_average": 666933, 
        "short_term_average": 656928
    }, 
    {
        "date": "2012-08-31", 
        "operating_revenue": 641125, 
        "accumulated_operating_revenue": 5045037, 
        "long_term_average": 664782, 
        "short_term_average": 642647
    }, 
    {
        "accumulated_operating_revenue_yoy": 633.6613242215855, 
        "accumulated_operating_revenue": 5801603, 
        "long_term_average": 661932, 
        "date": "2012-09-30", 
        "operating_revenue": 756566, 
        "short_term_average": 650795
    }, 
    {
        "accumulated_operating_revenue_yoy": 340.43884129849744, 
        "accumulated_operating_revenue": 6543133, 
        "long_term_average": 665824, 
        "date": "2012-10-31", 
        "operating_revenue": 741530, 
        "short_term_average": 713073
    }, 
    {
        "accumulated_operating_revenue_yoy": 243.3066710490791, 
        "accumulated_operating_revenue": 7311488, 
        "long_term_average": 676176, 
        "date": "2012-11-30", 
        "operating_revenue": 768355, 
        "short_term_average": 755483
    }, 
    {
        "accumulated_operating_revenue_yoy": 181.10690478683188, 
        "accumulated_operating_revenue": 8243058, 
        "long_term_average": 686921, 
        "date": "2012-12-31", 
        "operating_revenue": 931570, 
        "short_term_average": 813818
    }, 
    {
        "accumulated_operating_revenue_yoy": 60.249619843197664, 
        "accumulated_operating_revenue": 811456, 
        "long_term_average": 712345, 
        "date": "2013-01-31", 
        "operating_revenue": 811456, 
        "short_term_average": 837127
    }, 
    {
        "accumulated_operating_revenue_yoy": 21.161141598919006, 
        "accumulated_operating_revenue": 1360241, 
        "long_term_average": 706719, 
        "date": "2013-02-28", 
        "operating_revenue": 548785, 
        "short_term_average": 763937
    }, 
    {
        "accumulated_operating_revenue_yoy": 15.035798321864565, 
        "accumulated_operating_revenue": 2057727, 
        "long_term_average": 709334, 
        "date": "2013-03-31", 
        "operating_revenue": 697486, 
        "short_term_average": 685909
    }, 
    {
        "accumulated_operating_revenue_yoy": 11.190944331740871, 
        "accumulated_operating_revenue": 2705418, 
        "long_term_average": 709612, 
        "date": "2013-04-30", 
        "operating_revenue": 647691, 
        "short_term_average": 631320
    }, 
    {
        "accumulated_operating_revenue_yoy": 9.436895571036494, 
        "accumulated_operating_revenue": 3411252, 
        "long_term_average": 711434, 
        "date": "2013-05-31", 
        "operating_revenue": 705834, 
        "short_term_average": 683670
    }, 
    {
        "accumulated_operating_revenue_yoy": 8.445040005528396, 
        "accumulated_operating_revenue": 4174286, 
        "long_term_average": 714010, 
        "date": "2013-06-30", 
        "operating_revenue": 763034, 
        "short_term_average": 705519
    }, 
    {
        "accumulated_operating_revenue_yoy": 14.474040353213233, 
        "accumulated_operating_revenue": 5041336, 
        "long_term_average": 740040, 
        "date": "2013-07-31", 
        "operating_revenue": 867050, 
        "short_term_average": 778639
    }, 
    {
        "accumulated_operating_revenue_yoy": 16.950698280309936, 
        "accumulated_operating_revenue": 5900206, 
        "long_term_average": 758185, 
        "date": "2013-08-31", 
        "operating_revenue": 858870, 
        "short_term_average": 829651
    }, 
    {
        "accumulated_operating_revenue_yoy": 16.469086216344, 
        "accumulated_operating_revenue": 6757074, 
        "long_term_average": 766544, 
        "date": "2013-09-30", 
        "operating_revenue": 856868, 
        "short_term_average": 860929
    }, 
    {
        "accumulated_operating_revenue_yoy": 16.7818841524389, 
        "accumulated_operating_revenue": 7641194, 
        "long_term_average": 778426, 
        "date": "2013-10-31", 
        "operating_revenue": 884120, 
        "short_term_average": 866619
    }, 
    {
        "accumulated_operating_revenue_yoy": 17.495139156352305, 
        "accumulated_operating_revenue": 8590643, 
        "long_term_average": 793517, 
        "date": "2013-11-30", 
        "operating_revenue": 949449, 
        "short_term_average": 896812
    }, 
    {
        "accumulated_operating_revenue_yoy": 15.193245031152275, 
        "accumulated_operating_revenue": 9495446, 
        "long_term_average": 791287, 
        "date": "2013-12-31", 
        "operating_revenue": 904803, 
        "short_term_average": 912790
    }, 
    {
        "accumulated_operating_revenue_yoy": -14.049560296553357, 
        "accumulated_operating_revenue": 697450, 
        "long_term_average": 781786, 
        "date": "2014-01-31", 
        "operating_revenue": 697450, 
        "short_term_average": 850567
    }, 
    {
        "accumulated_operating_revenue_yoy": 0.5025580025892471, 
        "accumulated_operating_revenue": 1367077, 
        "long_term_average": 791856, 
        "date": "2014-02-28", 
        "operating_revenue": 669627, 
        "short_term_average": 757293
    }, 
    {
        "accumulated_operating_revenue_yoy": 11.606155724253023, 
        "accumulated_operating_revenue": 2296550, 
        "long_term_average": 811189, 
        "date": "2014-03-31", 
        "operating_revenue": 929473, 
        "short_term_average": 765516
    }, 
    {
        "accumulated_operating_revenue_yoy": 13.851168285270521, 
        "accumulated_operating_revenue": 3080150, 
        "long_term_average": 822514, 
        "date": "2014-04-30", 
        "operating_revenue": 783600, 
        "short_term_average": 794233
    }, 
    {
        "accumulated_operating_revenue_yoy": 13.089299764426668, 
        "accumulated_operating_revenue": 3857761, 
        "long_term_average": 828496, 
        "date": "2014-05-31", 
        "operating_revenue": 777611, 
        "short_term_average": 830228
    }, 
    {
        "accumulated_operating_revenue_yoy": 10.513726179758647, 
        "accumulated_operating_revenue": 4613159, 
        "long_term_average": 827859, 
        "date": "2014-06-30", 
        "operating_revenue": 755398, 
        "short_term_average": 772203
    }, 
    {
        "accumulated_operating_revenue_yoy": 8.49955249957551, 
        "accumulated_operating_revenue": 5469827, 
        "long_term_average": 826994, 
        "date": "2014-07-31", 
        "operating_revenue": 856668, 
        "short_term_average": 796559
    }, 
    {
        "accumulated_operating_revenue_yoy": 6.471180836736886, 
        "accumulated_operating_revenue": 6282019, 
        "long_term_average": 823104, 
        "date": "2014-08-31", 
        "operating_revenue": 812192, 
        "short_term_average": 808086
    }, 
    {
        "accumulated_operating_revenue_yoy": 5.104798319509302, 
        "accumulated_operating_revenue": 7102009, 
        "long_term_average": 820031, 
        "date": "2014-09-30", 
        "operating_revenue": 819990, 
        "short_term_average": 829616
    }, 
    {
        "accumulated_operating_revenue_yoy": 3.6507645271144797, 
        "accumulated_operating_revenue": 7920156, 
        "long_term_average": 814534, 
        "date": "2014-10-31", 
        "operating_revenue": 818147, 
        "short_term_average": 816776
    }, 
    {
        "accumulated_operating_revenue_yoy": 0.698422690827683, 
        "accumulated_operating_revenue": 8650642, 
        "long_term_average": 796287, 
        "date": "2014-11-30", 
        "operating_revenue": 730486, 
        "short_term_average": 789541
    }, 
    {
        "accumulated_operating_revenue_yoy": -1.5019094416418144, 
        "accumulated_operating_revenue": 9352833, 
        "long_term_average": 779402, 
        "date": "2014-12-31", 
        "operating_revenue": 702191, 
        "short_term_average": 750274
    }, 
    {
        "accumulated_operating_revenue_yoy": 0.535665639113915, 
        "accumulated_operating_revenue": 701186, 
        "long_term_average": 779714, 
        "date": "2015-01-31", 
        "operating_revenue": 701186, 
        "short_term_average": 711287
    }, 
    {
        "accumulated_operating_revenue_yoy": -12.226377885078895, 
        "accumulated_operating_revenue": 1199933, 
        "long_term_average": 765474, 
        "date": "2015-02-28", 
        "operating_revenue": 498747, 
        "short_term_average": 634041
    }, 
    {
        "accumulated_operating_revenue_yoy": -18.384751039602882, 
        "accumulated_operating_revenue": 1874335, 
        "long_term_average": 744218, 
        "date": "2015-03-31", 
        "operating_revenue": 674402, 
        "short_term_average": 624778
    }, 
    {
        "accumulated_operating_revenue_yoy": -19.317338441309676, 
        "accumulated_operating_revenue": 2485147, 
        "long_term_average": 729819, 
        "date": "2015-04-30", 
        "operating_revenue": 610812, 
        "short_term_average": 594653
    }, 
    {
        "accumulated_operating_revenue_yoy": -19.671799263873528, 
        "accumulated_operating_revenue": 3098870, 
        "long_term_average": 716161, 
        "date": "2015-05-31", 
        "operating_revenue": 613723, 
        "short_term_average": 632979
    }, 
    {
        "accumulated_operating_revenue_yoy": -21.171284146069972, 
        "accumulated_operating_revenue": 3636494, 
        "long_term_average": 698014, 
        "date": "2015-06-30", 
        "operating_revenue": 537624, 
        "short_term_average": 587386
    }, 
    {
        "accumulated_operating_revenue_yoy": -24.31707620734623, 
        "accumulated_operating_revenue": 4139725, 
        "long_term_average": 668560, 
        "date": "2015-07-31", 
        "operating_revenue": 503231, 
        "short_term_average": 551526
    }, 
    {
        "accumulated_operating_revenue_yoy": -25.2260141206195, 
        "accumulated_operating_revenue": 4697316, 
        "long_term_average": 647344, 
        "date": "2015-08-31", 
        "operating_revenue": 557591, 
        "short_term_average": 532815
    }, 
    {
        "accumulated_operating_revenue_yoy": -25.089407799961954, 
        "accumulated_operating_revenue": 5320157, 
        "long_term_average": 630915, 
        "date": "2015-09-30", 
        "operating_revenue": 622841, 
        "short_term_average": 561221
    }
]