[
    {
        "date": "2012-01-31", 
        "operating_revenue": 88323, 
        "accumulated_operating_revenue": 88323, 
        "long_term_average": 88323, 
        "short_term_average": 88323
    }, 
    {
        "date": "2012-02-29", 
        "operating_revenue": 124196, 
        "accumulated_operating_revenue": 212519, 
        "long_term_average": 106259, 
        "short_term_average": 106259
    }, 
    {
        "date": "2012-03-31", 
        "operating_revenue": 178197, 
        "accumulated_operating_revenue": 390716, 
        "long_term_average": 130238, 
        "short_term_average": 130238
    }, 
    {
        "date": "2012-04-30", 
        "operating_revenue": 167592, 
        "accumulated_operating_revenue": 558308, 
        "long_term_average": 139577, 
        "short_term_average": 156661
    }, 
    {
        "date": "2012-05-31", 
        "operating_revenue": 174340, 
        "accumulated_operating_revenue": 732648, 
        "long_term_average": 146529, 
        "short_term_average": 173376
    }, 
    {
        "date": "2012-06-30", 
        "operating_revenue": 156407, 
        "accumulated_operating_revenue": 889055, 
        "long_term_average": 148175, 
        "short_term_average": 166113
    }, 
    {
        "date": "2012-07-31", 
        "operating_revenue": 136431, 
        "accumulated_operating_revenue": 1025486, 
        "long_term_average": 146498, 
        "short_term_average": 155726
    }, 
    {
        "date": "2012-08-31", 
        "operating_revenue": 94870, 
        "accumulated_operating_revenue": 1120356, 
        "long_term_average": 140044, 
        "short_term_average": 129236
    }, 
    {
        "date": "2012-09-30", 
        "operating_revenue": 102231, 
        "accumulated_operating_revenue": 1222587, 
        "long_term_average": 135843, 
        "short_term_average": 111177
    }, 
    {
        "date": "2012-10-31", 
        "operating_revenue": 81662, 
        "accumulated_operating_revenue": 1304249, 
        "long_term_average": 130424, 
        "short_term_average": 92921
    }, 
    {
        "date": "2012-11-30", 
        "operating_revenue": 84715, 
        "accumulated_operating_revenue": 1388964, 
        "long_term_average": 126269, 
        "short_term_average": 89536
    }, 
    {
        "date": "2012-12-31", 
        "operating_revenue": 42662, 
        "accumulated_operating_revenue": 1431626, 
        "long_term_average": 119302, 
        "short_term_average": 69679
    }, 
    {
        "accumulated_operating_revenue_yoy": 34.167770569387365, 
        "accumulated_operating_revenue": 118501, 
        "long_term_average": 121817, 
        "date": "2013-01-31", 
        "operating_revenue": 118501, 
        "short_term_average": 81959
    }, 
    {
        "accumulated_operating_revenue_yoy": 21.648887864143912, 
        "accumulated_operating_revenue": 258527, 
        "long_term_average": 123136, 
        "date": "2013-02-28", 
        "operating_revenue": 140026, 
        "short_term_average": 100396
    }, 
    {
        "accumulated_operating_revenue_yoy": 6.816460037469671, 
        "accumulated_operating_revenue": 417349, 
        "long_term_average": 121521, 
        "date": "2013-03-31", 
        "operating_revenue": 158822, 
        "short_term_average": 139116
    }, 
    {
        "accumulated_operating_revenue_yoy": 6.274493648667044, 
        "accumulated_operating_revenue": 593339, 
        "long_term_average": 122221, 
        "date": "2013-04-30", 
        "operating_revenue": 175990, 
        "short_term_average": 158279
    }, 
    {
        "accumulated_operating_revenue_yoy": 8.649310446489993, 
        "accumulated_operating_revenue": 796017, 
        "long_term_average": 124582, 
        "date": "2013-05-31", 
        "operating_revenue": 202678, 
        "short_term_average": 179163
    }, 
    {
        "accumulated_operating_revenue_yoy": 12.607543965221499, 
        "accumulated_operating_revenue": 1001143, 
        "long_term_average": 128642, 
        "date": "2013-06-30", 
        "operating_revenue": 205126, 
        "short_term_average": 194598
    }, 
    {
        "accumulated_operating_revenue_yoy": 13.68950916931094, 
        "accumulated_operating_revenue": 1165870, 
        "long_term_average": 131000, 
        "date": "2013-07-31", 
        "operating_revenue": 164727, 
        "short_term_average": 190843
    }, 
    {
        "accumulated_operating_revenue_yoy": 19.193899082077483, 
        "accumulated_operating_revenue": 1335396, 
        "long_term_average": 137222, 
        "date": "2013-08-31", 
        "operating_revenue": 169526, 
        "short_term_average": 179793
    }, 
    {
        "accumulated_operating_revenue_yoy": 23.516690427756878, 
        "accumulated_operating_revenue": 1510099, 
        "long_term_average": 143261, 
        "date": "2013-09-30", 
        "operating_revenue": 174703, 
        "short_term_average": 169652
    }, 
    {
        "accumulated_operating_revenue_yoy": 27.949494306685303, 
        "accumulated_operating_revenue": 1668780, 
        "long_term_average": 149679, 
        "date": "2013-10-31", 
        "operating_revenue": 158681, 
        "short_term_average": 167636
    }, 
    {
        "accumulated_operating_revenue_yoy": 30.44888132449797, 
        "accumulated_operating_revenue": 1811888, 
        "long_term_average": 154545, 
        "date": "2013-11-30", 
        "operating_revenue": 143108, 
        "short_term_average": 158830
    }, 
    {
        "accumulated_operating_revenue_yoy": 37.797092257335365, 
        "accumulated_operating_revenue": 1972739, 
        "long_term_average": 164394, 
        "date": "2013-12-31", 
        "operating_revenue": 160851, 
        "short_term_average": 154213
    }, 
    {
        "accumulated_operating_revenue_yoy": 54.18013350098312, 
        "accumulated_operating_revenue": 182705, 
        "long_term_average": 169745, 
        "date": "2014-01-31", 
        "operating_revenue": 182705, 
        "short_term_average": 162221
    }, 
    {
        "accumulated_operating_revenue_yoy": 49.37317959052633, 
        "accumulated_operating_revenue": 386170, 
        "long_term_average": 175031, 
        "date": "2014-02-28", 
        "operating_revenue": 203465, 
        "short_term_average": 182340
    }, 
    {
        "accumulated_operating_revenue_yoy": 46.59984808876983, 
        "accumulated_operating_revenue": 611833, 
        "long_term_average": 180601, 
        "date": "2014-03-31", 
        "operating_revenue": 225663, 
        "short_term_average": 203944
    }, 
    {
        "accumulated_operating_revenue_yoy": 42.31004535349943, 
        "accumulated_operating_revenue": 844381, 
        "long_term_average": 185315, 
        "date": "2014-04-30", 
        "operating_revenue": 232548, 
        "short_term_average": 220558
    }, 
    {
        "accumulated_operating_revenue_yoy": 34.2975087215474, 
        "accumulated_operating_revenue": 1069031, 
        "long_term_average": 187146, 
        "date": "2014-05-31", 
        "operating_revenue": 224650, 
        "short_term_average": 227620
    }, 
    {
        "accumulated_operating_revenue_yoy": 30.751451091402526, 
        "accumulated_operating_revenue": 1309009, 
        "long_term_average": 190050, 
        "date": "2014-06-30", 
        "operating_revenue": 239978, 
        "short_term_average": 232392
    }, 
    {
        "accumulated_operating_revenue_yoy": 32.93000077195571, 
        "accumulated_operating_revenue": 1549791, 
        "long_term_average": 196388, 
        "date": "2014-07-31", 
        "operating_revenue": 240782, 
        "short_term_average": 235136
    }, 
    {
        "accumulated_operating_revenue_yoy": 34.591686660735846, 
        "accumulated_operating_revenue": 1797332, 
        "long_term_average": 202889, 
        "date": "2014-08-31", 
        "operating_revenue": 247541, 
        "short_term_average": 242767
    }, 
    {
        "accumulated_operating_revenue_yoy": 35.73189572339297, 
        "accumulated_operating_revenue": 2049686, 
        "long_term_average": 209360, 
        "date": "2014-09-30", 
        "operating_revenue": 252354, 
        "short_term_average": 246892
    }, 
    {
        "accumulated_operating_revenue_yoy": 33.05294886084445, 
        "accumulated_operating_revenue": 2220361, 
        "long_term_average": 210360, 
        "date": "2014-10-31", 
        "operating_revenue": 170675, 
        "short_term_average": 223523
    }, 
    {
        "accumulated_operating_revenue_yoy": 30.56960474378107, 
        "accumulated_operating_revenue": 2365775, 
        "long_term_average": 210552, 
        "date": "2014-11-30", 
        "operating_revenue": 145414, 
        "short_term_average": 189481
    }, 
    {
        "accumulated_operating_revenue_yoy": 27.889295035988038, 
        "accumulated_operating_revenue": 2522922, 
        "long_term_average": 210243, 
        "date": "2014-12-31", 
        "operating_revenue": 157147, 
        "short_term_average": 157745
    }, 
    {
        "accumulated_operating_revenue_yoy": 4.263156454393695, 
        "accumulated_operating_revenue": 190494, 
        "long_term_average": 210892, 
        "date": "2015-01-31", 
        "operating_revenue": 190494, 
        "short_term_average": 164351
    }, 
    {
        "accumulated_operating_revenue_yoy": -0.9239454126421007, 
        "accumulated_operating_revenue": 382602, 
        "long_term_average": 209946, 
        "date": "2015-02-28", 
        "operating_revenue": 192108, 
        "short_term_average": 179916
    }, 
    {
        "accumulated_operating_revenue_yoy": -3.435414565739344, 
        "accumulated_operating_revenue": 590814, 
        "long_term_average": 208491, 
        "date": "2015-03-31", 
        "operating_revenue": 208212, 
        "short_term_average": 196938
    }, 
    {
        "accumulated_operating_revenue_yoy": -6.280340272933664, 
        "accumulated_operating_revenue": 791351, 
        "long_term_average": 205824, 
        "date": "2015-04-30", 
        "operating_revenue": 200537, 
        "short_term_average": 200285
    }, 
    {
        "accumulated_operating_revenue_yoy": -7.148155666206126, 
        "accumulated_operating_revenue": 992615, 
        "long_term_average": 203875, 
        "date": "2015-05-31", 
        "operating_revenue": 201264, 
        "short_term_average": 203337
    }, 
    {
        "accumulated_operating_revenue_yoy": -6.472759163611556, 
        "accumulated_operating_revenue": 1224280, 
        "long_term_average": 203182, 
        "date": "2015-06-30", 
        "operating_revenue": 231665, 
        "short_term_average": 211155
    }, 
    {
        "accumulated_operating_revenue_yoy": -6.398862814405297, 
        "accumulated_operating_revenue": 1450622, 
        "long_term_average": 201979, 
        "date": "2015-07-31", 
        "operating_revenue": 226342, 
        "short_term_average": 219757
    }, 
    {
        "accumulated_operating_revenue_yoy": -9.913638659969333, 
        "accumulated_operating_revenue": 1619151, 
        "long_term_average": 195395, 
        "date": "2015-08-31", 
        "operating_revenue": 168529, 
        "short_term_average": 208845
    }
]