[
    {
        "date": "2011-09-30", 
        "operating_revenue": 47525, 
        "accumulated_operating_revenue": 47525, 
        "long_term_average": 47525, 
        "short_term_average": 47525
    }, 
    {
        "date": "2011-10-31", 
        "operating_revenue": 50440, 
        "accumulated_operating_revenue": 97965, 
        "long_term_average": 48982, 
        "short_term_average": 48982
    }, 
    {
        "date": "2011-11-30", 
        "operating_revenue": 55045, 
        "accumulated_operating_revenue": 153010, 
        "long_term_average": 51003, 
        "short_term_average": 51003
    }, 
    {
        "date": "2011-12-31", 
        "operating_revenue": 68370, 
        "accumulated_operating_revenue": 221380, 
        "long_term_average": 55345, 
        "short_term_average": 57951
    }, 
    {
        "date": "2012-01-31", 
        "operating_revenue": 107326, 
        "accumulated_operating_revenue": 107326, 
        "long_term_average": 65741, 
        "short_term_average": 76913
    }, 
    {
        "date": "2012-02-29", 
        "operating_revenue": 81620, 
        "accumulated_operating_revenue": 188946, 
        "long_term_average": 68387, 
        "short_term_average": 85772
    }, 
    {
        "date": "2012-03-31", 
        "operating_revenue": 69809, 
        "accumulated_operating_revenue": 258755, 
        "long_term_average": 68590, 
        "short_term_average": 86251
    }, 
    {
        "date": "2012-04-30", 
        "operating_revenue": 68414, 
        "accumulated_operating_revenue": 327169, 
        "long_term_average": 68568, 
        "short_term_average": 73281
    }, 
    {
        "date": "2012-05-31", 
        "operating_revenue": 66778, 
        "accumulated_operating_revenue": 393947, 
        "long_term_average": 68369, 
        "short_term_average": 68333
    }, 
    {
        "date": "2012-06-30", 
        "operating_revenue": 57252, 
        "accumulated_operating_revenue": 451199, 
        "long_term_average": 67257, 
        "short_term_average": 64148
    }, 
    {
        "date": "2012-07-31", 
        "operating_revenue": 53907, 
        "accumulated_operating_revenue": 505106, 
        "long_term_average": 66044, 
        "short_term_average": 59312
    }, 
    {
        "date": "2012-08-31", 
        "operating_revenue": 54043, 
        "accumulated_operating_revenue": 559149, 
        "long_term_average": 65044, 
        "short_term_average": 55067
    }, 
    {
        "accumulated_operating_revenue_yoy": 1176.9047869542346, 
        "accumulated_operating_revenue": 606849, 
        "long_term_average": 65058, 
        "date": "2012-09-30", 
        "operating_revenue": 47700, 
        "short_term_average": 51883
    }, 
    {
        "accumulated_operating_revenue_yoy": 575.2942377379677, 
        "accumulated_operating_revenue": 661552, 
        "long_term_average": 65413, 
        "date": "2012-10-31", 
        "operating_revenue": 54703, 
        "short_term_average": 52148
    }, 
    {
        "accumulated_operating_revenue_yoy": 364.8075289196785, 
        "accumulated_operating_revenue": 711202, 
        "long_term_average": 64964, 
        "date": "2012-11-30", 
        "operating_revenue": 49650, 
        "short_term_average": 50684
    }, 
    {
        "accumulated_operating_revenue_yoy": 245.7728792122143, 
        "accumulated_operating_revenue": 765472, 
        "long_term_average": 63789, 
        "date": "2012-12-31", 
        "operating_revenue": 54270, 
        "short_term_average": 52874
    }, 
    {
        "accumulated_operating_revenue_yoy": -41.653467007062595, 
        "accumulated_operating_revenue": 62621, 
        "long_term_average": 60063, 
        "date": "2013-01-31", 
        "operating_revenue": 62621, 
        "short_term_average": 55513
    }, 
    {
        "accumulated_operating_revenue_yoy": -22.13595418796905, 
        "accumulated_operating_revenue": 147121, 
        "long_term_average": 60303, 
        "date": "2013-02-28", 
        "operating_revenue": 84500, 
        "short_term_average": 67130
    }, 
    {
        "accumulated_operating_revenue_yoy": -13.374427547293772, 
        "accumulated_operating_revenue": 224148, 
        "long_term_average": 60905, 
        "date": "2013-03-31", 
        "operating_revenue": 77027, 
        "short_term_average": 74716
    }, 
    {
        "accumulated_operating_revenue_yoy": -11.879181707313345, 
        "accumulated_operating_revenue": 288304, 
        "long_term_average": 60550, 
        "date": "2013-04-30", 
        "operating_revenue": 64156, 
        "short_term_average": 75227
    }, 
    {
        "accumulated_operating_revenue_yoy": -11.320558349219564, 
        "accumulated_operating_revenue": 349350, 
        "long_term_average": 60072, 
        "date": "2013-05-31", 
        "operating_revenue": 61046, 
        "short_term_average": 67409
    }, 
    {
        "accumulated_operating_revenue_yoy": -5.816945516279956, 
        "accumulated_operating_revenue": 424953, 
        "long_term_average": 61602, 
        "date": "2013-06-30", 
        "operating_revenue": 75603, 
        "short_term_average": 66935
    }, 
    {
        "accumulated_operating_revenue_yoy": -0.8049795488471727, 
        "accumulated_operating_revenue": 501040, 
        "long_term_average": 63450, 
        "date": "2013-07-31", 
        "operating_revenue": 76087, 
        "short_term_average": 70912
    }, 
    {
        "accumulated_operating_revenue_yoy": 7.8124077839717145, 
        "accumulated_operating_revenue": 602832, 
        "long_term_average": 67429, 
        "date": "2013-08-31", 
        "operating_revenue": 101792, 
        "short_term_average": 84494
    }, 
    {
        "accumulated_operating_revenue_yoy": 13.419812836471676, 
        "accumulated_operating_revenue": 688287, 
        "long_term_average": 70575, 
        "date": "2013-09-30", 
        "operating_revenue": 85455, 
        "short_term_average": 87778
    }, 
    {
        "accumulated_operating_revenue_yoy": 16.14385566062834, 
        "accumulated_operating_revenue": 768352, 
        "long_term_average": 72689, 
        "date": "2013-10-31", 
        "operating_revenue": 80065, 
        "short_term_average": 89104
    }, 
    {
        "accumulated_operating_revenue_yoy": 18.656302991273925, 
        "accumulated_operating_revenue": 843886, 
        "long_term_average": 74846, 
        "date": "2013-11-30", 
        "operating_revenue": 75534, 
        "short_term_average": 80351
    }, 
    {
        "accumulated_operating_revenue_yoy": 20.347576397307805, 
        "accumulated_operating_revenue": 921227, 
        "long_term_average": 76768, 
        "date": "2013-12-31", 
        "operating_revenue": 77341, 
        "short_term_average": 77646
    }, 
    {
        "accumulated_operating_revenue_yoy": 53.95634052474409, 
        "accumulated_operating_revenue": 96409, 
        "long_term_average": 79584, 
        "date": "2014-01-31", 
        "operating_revenue": 96409, 
        "short_term_average": 83094
    }, 
    {
        "accumulated_operating_revenue_yoy": 28.46364557065273, 
        "accumulated_operating_revenue": 188997, 
        "long_term_average": 80258, 
        "date": "2014-02-28", 
        "operating_revenue": 92588, 
        "short_term_average": 88779
    }, 
    {
        "accumulated_operating_revenue_yoy": 16.045648410871387, 
        "accumulated_operating_revenue": 260114, 
        "long_term_average": 79766, 
        "date": "2014-03-31", 
        "operating_revenue": 71117, 
        "short_term_average": 86704
    }, 
    {
        "accumulated_operating_revenue_yoy": 12.585673455796659, 
        "accumulated_operating_revenue": 324589, 
        "long_term_average": 79792, 
        "date": "2014-04-30", 
        "operating_revenue": 64475, 
        "short_term_average": 76060
    }, 
    {
        "accumulated_operating_revenue_yoy": 14.279948475740662, 
        "accumulated_operating_revenue": 399237, 
        "long_term_average": 80926, 
        "date": "2014-05-31", 
        "operating_revenue": 74648, 
        "short_term_average": 70080
    }, 
    {
        "accumulated_operating_revenue_yoy": 8.447522431892468, 
        "accumulated_operating_revenue": 460851, 
        "long_term_average": 79760, 
        "date": "2014-06-30", 
        "operating_revenue": 61614, 
        "short_term_average": 66912
    }, 
    {
        "accumulated_operating_revenue_yoy": 5.7402602586619835, 
        "accumulated_operating_revenue": 529801, 
        "long_term_average": 79165, 
        "date": "2014-07-31", 
        "operating_revenue": 68950, 
        "short_term_average": 68404
    }, 
    {
        "accumulated_operating_revenue_yoy": 1.6163707301536747, 
        "accumulated_operating_revenue": 612576, 
        "long_term_average": 77580, 
        "date": "2014-08-31", 
        "operating_revenue": 82775, 
        "short_term_average": 71113
    }, 
    {
        "accumulated_operating_revenue_yoy": -1.8711671148808566, 
        "accumulated_operating_revenue": 675408, 
        "long_term_average": 75695, 
        "date": "2014-09-30", 
        "operating_revenue": 62832, 
        "short_term_average": 71519
    }, 
    {
        "accumulated_operating_revenue_yoy": -4.7078682687101745, 
        "accumulated_operating_revenue": 732179, 
        "long_term_average": 73754, 
        "date": "2014-10-31", 
        "operating_revenue": 56771, 
        "short_term_average": 67459
    }, 
    {
        "accumulated_operating_revenue_yoy": -7.082828723310969, 
        "accumulated_operating_revenue": 784115, 
        "long_term_average": 71788, 
        "date": "2014-11-30", 
        "operating_revenue": 51936, 
        "short_term_average": 57179
    }, 
    {
        "accumulated_operating_revenue_yoy": -9.245712511682788, 
        "accumulated_operating_revenue": 836053, 
        "long_term_average": 69671, 
        "date": "2014-12-31", 
        "operating_revenue": 51938, 
        "short_term_average": 53548
    }, 
    {
        "accumulated_operating_revenue_yoy": -49.86671368855605, 
        "accumulated_operating_revenue": 48333, 
        "long_term_average": 65664, 
        "date": "2015-01-31", 
        "operating_revenue": 48333, 
        "short_term_average": 50735
    }, 
    {
        "accumulated_operating_revenue_yoy": -34.71589496129568, 
        "accumulated_operating_revenue": 123385, 
        "long_term_average": 64203, 
        "date": "2015-02-28", 
        "operating_revenue": 75052, 
        "short_term_average": 58441
    }, 
    {
        "accumulated_operating_revenue_yoy": -35.793152233251575, 
        "accumulated_operating_revenue": 167011, 
        "long_term_average": 61912, 
        "date": "2015-03-31", 
        "operating_revenue": 43626, 
        "short_term_average": 55670
    }, 
    {
        "accumulated_operating_revenue_yoy": -35.324364041911466, 
        "accumulated_operating_revenue": 209930, 
        "long_term_average": 60116, 
        "date": "2015-04-30", 
        "operating_revenue": 42919, 
        "short_term_average": 53865
    }, 
    {
        "accumulated_operating_revenue_yoy": -38.36793683952139, 
        "accumulated_operating_revenue": 246058, 
        "long_term_average": 56906, 
        "date": "2015-05-31", 
        "operating_revenue": 36128, 
        "short_term_average": 40891
    }, 
    {
        "accumulated_operating_revenue_yoy": -39.91246628519847, 
        "accumulated_operating_revenue": 276914, 
        "long_term_average": 54343, 
        "date": "2015-06-30", 
        "operating_revenue": 30856, 
        "short_term_average": 36634
    }, 
    {
        "accumulated_operating_revenue_yoy": -41.941974439459344, 
        "accumulated_operating_revenue": 307592, 
        "long_term_average": 51153, 
        "date": "2015-07-31", 
        "operating_revenue": 30678, 
        "short_term_average": 32554
    }, 
    {
        "accumulated_operating_revenue_yoy": -44.739754740636265, 
        "accumulated_operating_revenue": 338511, 
        "long_term_average": 46832, 
        "date": "2015-08-31", 
        "operating_revenue": 30919, 
        "short_term_average": 30817
    }, 
    {
        "accumulated_operating_revenue_yoy": -45.15152322744178, 
        "accumulated_operating_revenue": 370451, 
        "long_term_average": 44258, 
        "date": "2015-09-30", 
        "operating_revenue": 31940, 
        "short_term_average": 31179
    }
]