[
    {
        "date": "2011-09-30", 
        "operating_revenue": 144015, 
        "accumulated_operating_revenue": 144015, 
        "long_term_average": 144015, 
        "short_term_average": 144015
    }, 
    {
        "date": "2011-10-31", 
        "operating_revenue": 143394, 
        "accumulated_operating_revenue": 287409, 
        "long_term_average": 143704, 
        "short_term_average": 143704
    }, 
    {
        "date": "2011-11-30", 
        "operating_revenue": 130078, 
        "accumulated_operating_revenue": 417487, 
        "long_term_average": 139162, 
        "short_term_average": 139162
    }, 
    {
        "date": "2011-12-31", 
        "operating_revenue": 122704, 
        "accumulated_operating_revenue": 540191, 
        "long_term_average": 135047, 
        "short_term_average": 132058
    }, 
    {
        "date": "2012-01-31", 
        "operating_revenue": 79330, 
        "accumulated_operating_revenue": 79330, 
        "long_term_average": 123904, 
        "short_term_average": 110704
    }, 
    {
        "date": "2012-02-29", 
        "operating_revenue": 127579, 
        "accumulated_operating_revenue": 206909, 
        "long_term_average": 124516, 
        "short_term_average": 109871
    }, 
    {
        "date": "2012-03-31", 
        "operating_revenue": 155688, 
        "accumulated_operating_revenue": 362597, 
        "long_term_average": 128969, 
        "short_term_average": 120865
    }, 
    {
        "date": "2012-04-30", 
        "operating_revenue": 181279, 
        "accumulated_operating_revenue": 543876, 
        "long_term_average": 135508, 
        "short_term_average": 154848
    }, 
    {
        "date": "2012-05-31", 
        "operating_revenue": 192205, 
        "accumulated_operating_revenue": 736081, 
        "long_term_average": 141808, 
        "short_term_average": 176390
    }, 
    {
        "date": "2012-06-30", 
        "operating_revenue": 185236, 
        "accumulated_operating_revenue": 921317, 
        "long_term_average": 146150, 
        "short_term_average": 186240
    }, 
    {
        "date": "2012-07-31", 
        "operating_revenue": 177672, 
        "accumulated_operating_revenue": 1098989, 
        "long_term_average": 149016, 
        "short_term_average": 185037
    }, 
    {
        "date": "2012-08-31", 
        "operating_revenue": 183517, 
        "accumulated_operating_revenue": 1282506, 
        "long_term_average": 151891, 
        "short_term_average": 182141
    }, 
    {
        "accumulated_operating_revenue_yoy": 918.4383571155782, 
        "accumulated_operating_revenue": 1466704, 
        "long_term_average": 155240, 
        "date": "2012-09-30", 
        "operating_revenue": 184198, 
        "short_term_average": 181795
    }, 
    {
        "accumulated_operating_revenue_yoy": 468.64746754624946, 
        "accumulated_operating_revenue": 1634344, 
        "long_term_average": 157260, 
        "date": "2012-10-31", 
        "operating_revenue": 167640, 
        "short_term_average": 178451
    }, 
    {
        "accumulated_operating_revenue_yoy": 333.13875641636747, 
        "accumulated_operating_revenue": 1808298, 
        "long_term_average": 160916, 
        "date": "2012-11-30", 
        "operating_revenue": 173954, 
        "short_term_average": 175264
    }, 
    {
        "accumulated_operating_revenue_yoy": 268.4404219988856, 
        "accumulated_operating_revenue": 1990282, 
        "long_term_average": 165856, 
        "date": "2012-12-31", 
        "operating_revenue": 181984, 
        "short_term_average": 174526
    }, 
    {
        "accumulated_operating_revenue_yoy": 115.77965460733644, 
        "accumulated_operating_revenue": 171178, 
        "long_term_average": 173510, 
        "date": "2013-01-31", 
        "operating_revenue": 171178, 
        "short_term_average": 175705
    }, 
    {
        "accumulated_operating_revenue_yoy": 46.56104857691062, 
        "accumulated_operating_revenue": 303248, 
        "long_term_average": 173885, 
        "date": "2013-02-28", 
        "operating_revenue": 132070, 
        "short_term_average": 161744
    }, 
    {
        "accumulated_operating_revenue_yoy": 36.98458619348754, 
        "accumulated_operating_revenue": 496702, 
        "long_term_average": 177032, 
        "date": "2013-03-31", 
        "operating_revenue": 193454, 
        "short_term_average": 165567
    }, 
    {
        "accumulated_operating_revenue_yoy": 31.20913590597857, 
        "accumulated_operating_revenue": 713615, 
        "long_term_average": 180001, 
        "date": "2013-04-30", 
        "operating_revenue": 216913, 
        "short_term_average": 180812
    }, 
    {
        "accumulated_operating_revenue_yoy": 29.14624885033033, 
        "accumulated_operating_revenue": 950621, 
        "long_term_average": 183735, 
        "date": "2013-05-31", 
        "operating_revenue": 237006, 
        "short_term_average": 215791
    }, 
    {
        "accumulated_operating_revenue_yoy": 30.662844601803723, 
        "accumulated_operating_revenue": 1203819, 
        "long_term_average": 189398, 
        "date": "2013-06-30", 
        "operating_revenue": 253198, 
        "short_term_average": 235705
    }, 
    {
        "accumulated_operating_revenue_yoy": 33.623175482193176, 
        "accumulated_operating_revenue": 1468504, 
        "long_term_average": 196649, 
        "date": "2013-07-31", 
        "operating_revenue": 264685, 
        "short_term_average": 251629
    }, 
    {
        "accumulated_operating_revenue_yoy": 35.8346081811703, 
        "accumulated_operating_revenue": 1742087, 
        "long_term_average": 204155, 
        "date": "2013-08-31", 
        "operating_revenue": 273583, 
        "short_term_average": 263822
    }, 
    {
        "accumulated_operating_revenue_yoy": 37.57199816731938, 
        "accumulated_operating_revenue": 2017774, 
        "long_term_average": 211779, 
        "date": "2013-09-30", 
        "operating_revenue": 275687, 
        "short_term_average": 271318
    }, 
    {
        "accumulated_operating_revenue_yoy": 38.373439129093995, 
        "accumulated_operating_revenue": 2261498, 
        "long_term_average": 218119, 
        "date": "2013-10-31", 
        "operating_revenue": 243724, 
        "short_term_average": 264331
    }, 
    {
        "accumulated_operating_revenue_yoy": 38.549066580840105, 
        "accumulated_operating_revenue": 2505380, 
        "long_term_average": 223947, 
        "date": "2013-11-30", 
        "operating_revenue": 243882, 
        "short_term_average": 254431
    }, 
    {
        "accumulated_operating_revenue_yoy": 36.97963404180915, 
        "accumulated_operating_revenue": 2726281, 
        "long_term_average": 227190, 
        "date": "2013-12-31", 
        "operating_revenue": 220901, 
        "short_term_average": 236169
    }, 
    {
        "accumulated_operating_revenue_yoy": 40.21427987241351, 
        "accumulated_operating_revenue": 240016, 
        "long_term_average": 232926, 
        "date": "2014-01-31", 
        "operating_revenue": 240016, 
        "short_term_average": 234933
    }, 
    {
        "accumulated_operating_revenue_yoy": 48.73337993985121, 
        "accumulated_operating_revenue": 451031, 
        "long_term_average": 239505, 
        "date": "2014-02-28", 
        "operating_revenue": 211015, 
        "short_term_average": 223977
    }, 
    {
        "accumulated_operating_revenue_yoy": 47.635000463054304, 
        "accumulated_operating_revenue": 733306, 
        "long_term_average": 246907, 
        "date": "2014-03-31", 
        "operating_revenue": 282275, 
        "short_term_average": 244435
    }, 
    {
        "accumulated_operating_revenue_yoy": 42.99040799310553, 
        "accumulated_operating_revenue": 1020401, 
        "long_term_average": 252755, 
        "date": "2014-04-30", 
        "operating_revenue": 287095, 
        "short_term_average": 260128
    }, 
    {
        "accumulated_operating_revenue_yoy": 36.991503448798206, 
        "accumulated_operating_revenue": 1302270, 
        "long_term_average": 256494, 
        "date": "2014-05-31", 
        "operating_revenue": 281869, 
        "short_term_average": 283746
    }, 
    {
        "accumulated_operating_revenue_yoy": 28.938320461796994, 
        "accumulated_operating_revenue": 1552184, 
        "long_term_average": 256220, 
        "date": "2014-06-30", 
        "operating_revenue": 249914, 
        "short_term_average": 272959
    }, 
    {
        "accumulated_operating_revenue_yoy": 20.355273121489624, 
        "accumulated_operating_revenue": 1767422, 
        "long_term_average": 252099, 
        "date": "2014-07-31", 
        "operating_revenue": 215238, 
        "short_term_average": 249007
    }, 
    {
        "accumulated_operating_revenue_yoy": 15.872800841749005, 
        "accumulated_operating_revenue": 2018605, 
        "long_term_average": 250233, 
        "date": "2014-08-31", 
        "operating_revenue": 251183, 
        "short_term_average": 238778
    }, 
    {
        "accumulated_operating_revenue_yoy": 12.71876830606401, 
        "accumulated_operating_revenue": 2274410, 
        "long_term_average": 248576, 
        "date": "2014-09-30", 
        "operating_revenue": 255805, 
        "short_term_average": 240742
    }, 
    {
        "accumulated_operating_revenue_yoy": 10.99081228460074, 
        "accumulated_operating_revenue": 2510055, 
        "long_term_average": 247903, 
        "date": "2014-10-31", 
        "operating_revenue": 235645, 
        "short_term_average": 247544
    }, 
    {
        "accumulated_operating_revenue_yoy": 9.602934484988305, 
        "accumulated_operating_revenue": 2745970, 
        "long_term_average": 247239, 
        "date": "2014-11-30", 
        "operating_revenue": 235915, 
        "short_term_average": 242455
    }, 
    {
        "accumulated_operating_revenue_yoy": 9.422579697397298, 
        "accumulated_operating_revenue": 2983167, 
        "long_term_average": 248597, 
        "date": "2014-12-31", 
        "operating_revenue": 237197, 
        "short_term_average": 236252
    }, 
    {
        "accumulated_operating_revenue_yoy": -3.6822545163655755, 
        "accumulated_operating_revenue": 231178, 
        "long_term_average": 247860, 
        "date": "2015-01-31", 
        "operating_revenue": 231178, 
        "short_term_average": 234763
    }, 
    {
        "accumulated_operating_revenue_yoy": -11.32560733075997, 
        "accumulated_operating_revenue": 399949, 
        "long_term_average": 244340, 
        "date": "2015-02-28", 
        "operating_revenue": 168771, 
        "short_term_average": 212382
    }, 
    {
        "accumulated_operating_revenue_yoy": -14.356080544820307, 
        "accumulated_operating_revenue": 628032, 
        "long_term_average": 239824, 
        "date": "2015-03-31", 
        "operating_revenue": 228083, 
        "short_term_average": 209344
    }, 
    {
        "accumulated_operating_revenue_yoy": -13.093577916916976, 
        "accumulated_operating_revenue": 886794, 
        "long_term_average": 237463, 
        "date": "2015-04-30", 
        "operating_revenue": 258762, 
        "short_term_average": 218538
    }, 
    {
        "accumulated_operating_revenue_yoy": -13.269675259354818, 
        "accumulated_operating_revenue": 1129463, 
        "long_term_average": 234196, 
        "date": "2015-05-31", 
        "operating_revenue": 242669, 
        "short_term_average": 243171
    }, 
    {
        "accumulated_operating_revenue_yoy": -10.802907387268519, 
        "accumulated_operating_revenue": 1384503, 
        "long_term_average": 234623, 
        "date": "2015-06-30", 
        "operating_revenue": 255040, 
        "short_term_average": 252157
    }, 
    {
        "accumulated_operating_revenue_yoy": -8.057724753907102, 
        "accumulated_operating_revenue": 1625008, 
        "long_term_average": 236729, 
        "date": "2015-07-31", 
        "operating_revenue": 240505, 
        "short_term_average": 246071
    }, 
    {
        "accumulated_operating_revenue_yoy": -5.7091407184664655, 
        "accumulated_operating_revenue": 1903360, 
        "long_term_average": 238993, 
        "date": "2015-08-31", 
        "operating_revenue": 278352, 
        "short_term_average": 257965
    }
]