[
    {
        "date": "2011-09-30", 
        "operating_revenue": 243716, 
        "accumulated_operating_revenue": 243716, 
        "long_term_average": 243716, 
        "short_term_average": 243716
    }, 
    {
        "date": "2011-10-31", 
        "operating_revenue": 289994, 
        "accumulated_operating_revenue": 533710, 
        "long_term_average": 266855, 
        "short_term_average": 266855
    }, 
    {
        "date": "2011-11-30", 
        "operating_revenue": 277929, 
        "accumulated_operating_revenue": 811639, 
        "long_term_average": 270546, 
        "short_term_average": 270546
    }, 
    {
        "date": "2011-12-31", 
        "operating_revenue": 264834, 
        "accumulated_operating_revenue": 1076473, 
        "long_term_average": 269118, 
        "short_term_average": 277585
    }, 
    {
        "date": "2012-01-31", 
        "operating_revenue": 181039, 
        "accumulated_operating_revenue": 181039, 
        "long_term_average": 251502, 
        "short_term_average": 241267
    }, 
    {
        "date": "2012-02-29", 
        "operating_revenue": 265915, 
        "accumulated_operating_revenue": 446954, 
        "long_term_average": 253904, 
        "short_term_average": 237262
    }, 
    {
        "date": "2012-03-31", 
        "operating_revenue": 258886, 
        "accumulated_operating_revenue": 705840, 
        "long_term_average": 254616, 
        "short_term_average": 235280
    }, 
    {
        "date": "2012-04-30", 
        "operating_revenue": 178411, 
        "accumulated_operating_revenue": 884251, 
        "long_term_average": 245090, 
        "short_term_average": 234404
    }, 
    {
        "date": "2012-05-31", 
        "operating_revenue": 212523, 
        "accumulated_operating_revenue": 1096774, 
        "long_term_average": 241471, 
        "short_term_average": 216606
    }, 
    {
        "date": "2012-06-30", 
        "operating_revenue": 322926, 
        "accumulated_operating_revenue": 1419700, 
        "long_term_average": 249617, 
        "short_term_average": 237953
    }, 
    {
        "date": "2012-07-31", 
        "operating_revenue": 327524, 
        "accumulated_operating_revenue": 1747224, 
        "long_term_average": 256699, 
        "short_term_average": 287657
    }, 
    {
        "date": "2012-08-31", 
        "operating_revenue": 371667, 
        "accumulated_operating_revenue": 2118891, 
        "long_term_average": 266280, 
        "short_term_average": 340705
    }, 
    {
        "accumulated_operating_revenue_yoy": 898.4646063450901, 
        "accumulated_operating_revenue": 2433418, 
        "long_term_average": 272181, 
        "date": "2012-09-30", 
        "operating_revenue": 314527, 
        "short_term_average": 337906
    }, 
    {
        "accumulated_operating_revenue_yoy": 410.16375934496267, 
        "accumulated_operating_revenue": 2722795, 
        "long_term_average": 272129, 
        "date": "2012-10-31", 
        "operating_revenue": 289377, 
        "short_term_average": 325190
    }, 
    {
        "accumulated_operating_revenue_yoy": 284.12681007196545, 
        "accumulated_operating_revenue": 3117723, 
        "long_term_average": 281879, 
        "date": "2012-11-30", 
        "operating_revenue": 394928, 
        "short_term_average": 332944
    }, 
    {
        "accumulated_operating_revenue_yoy": 240.50059778554592, 
        "accumulated_operating_revenue": 3665397, 
        "long_term_average": 305449, 
        "date": "2012-12-31", 
        "operating_revenue": 547674, 
        "short_term_average": 410659
    }, 
    {
        "accumulated_operating_revenue_yoy": 100.58937576986173, 
        "accumulated_operating_revenue": 363145, 
        "long_term_average": 320625, 
        "date": "2013-01-31", 
        "operating_revenue": 363145, 
        "short_term_average": 435249
    }, 
    {
        "accumulated_operating_revenue_yoy": 37.233585559140316, 
        "accumulated_operating_revenue": 613371, 
        "long_term_average": 319317, 
        "date": "2013-02-28", 
        "operating_revenue": 250226, 
        "short_term_average": 387015
    }, 
    {
        "accumulated_operating_revenue_yoy": 46.94817522384677, 
        "accumulated_operating_revenue": 1037219, 
        "long_term_average": 333064, 
        "date": "2013-03-31", 
        "operating_revenue": 423848, 
        "short_term_average": 345739
    }, 
    {
        "accumulated_operating_revenue_yoy": 58.38794640888164, 
        "accumulated_operating_revenue": 1400547, 
        "long_term_average": 348474, 
        "date": "2013-04-30", 
        "operating_revenue": 363328, 
        "short_term_average": 345800
    }, 
    {
        "accumulated_operating_revenue_yoy": 64.21952015638591, 
        "accumulated_operating_revenue": 1801117, 
        "long_term_average": 364145, 
        "date": "2013-05-31", 
        "operating_revenue": 400570, 
        "short_term_average": 395915
    }, 
    {
        "accumulated_operating_revenue_yoy": 51.60660702965415, 
        "accumulated_operating_revenue": 2152359, 
        "long_term_average": 366504, 
        "date": "2013-06-30", 
        "operating_revenue": 351242, 
        "short_term_average": 371713
    }, 
    {
        "accumulated_operating_revenue_yoy": 39.94387668667555, 
        "accumulated_operating_revenue": 2445133, 
        "long_term_average": 363608, 
        "date": "2013-07-31", 
        "operating_revenue": 292774, 
        "short_term_average": 348195
    }, 
    {
        "accumulated_operating_revenue_yoy": 39.2832854545137, 
        "accumulated_operating_revenue": 2951261, 
        "long_term_average": 374813, 
        "date": "2013-08-31", 
        "operating_revenue": 506128, 
        "short_term_average": 383381
    }, 
    {
        "accumulated_operating_revenue_yoy": 35.988227258941954, 
        "accumulated_operating_revenue": 3309162, 
        "long_term_average": 378428, 
        "date": "2013-09-30", 
        "operating_revenue": 357901, 
        "short_term_average": 385601
    }, 
    {
        "accumulated_operating_revenue_yoy": 33.728025797021076, 
        "accumulated_operating_revenue": 3641140, 
        "long_term_average": 381978, 
        "date": "2013-10-31", 
        "operating_revenue": 331978, 
        "short_term_average": 398669
    }, 
    {
        "accumulated_operating_revenue_yoy": 27.235966761639823, 
        "accumulated_operating_revenue": 3966865, 
        "long_term_average": 376211, 
        "date": "2013-11-30", 
        "operating_revenue": 325725, 
        "short_term_average": 338534
    }, 
    {
        "accumulated_operating_revenue_yoy": 14.167714984215898, 
        "accumulated_operating_revenue": 4184700, 
        "long_term_average": 348725, 
        "date": "2013-12-31", 
        "operating_revenue": 217835, 
        "short_term_average": 291846
    }, 
    {
        "accumulated_operating_revenue_yoy": -64.21181621666277, 
        "accumulated_operating_revenue": 129963, 
        "long_term_average": 329293, 
        "date": "2014-01-31", 
        "operating_revenue": 129963, 
        "short_term_average": 224507
    }, 
    {
        "accumulated_operating_revenue_yoy": -70.64729176958154, 
        "accumulated_operating_revenue": 180041, 
        "long_term_average": 312614, 
        "date": "2014-02-28", 
        "operating_revenue": 50078, 
        "short_term_average": 132625
    }, 
    {
        "accumulated_operating_revenue_yoy": -72.41122655871133, 
        "accumulated_operating_revenue": 286156, 
        "long_term_average": 286136, 
        "date": "2014-03-31", 
        "operating_revenue": 106115, 
        "short_term_average": 95385
    }, 
    {
        "accumulated_operating_revenue_yoy": -86.81864874772285, 
        "accumulated_operating_revenue": 283710, 
        "long_term_average": 255655, 
        "date": "2014-06-30", 
        "operating_revenue": -2446, 
        "short_term_average": 51249
    }, 
    {
        "accumulated_operating_revenue_yoy": -90.44008724867504, 
        "accumulated_operating_revenue": 316353, 
        "long_term_average": 224994, 
        "date": "2014-09-30", 
        "operating_revenue": 32643, 
        "short_term_average": 45437
    }, 
    {
        "accumulated_operating_revenue_yoy": -89.83323904052027, 
        "accumulated_operating_revenue": 370186, 
        "long_term_average": 200210, 
        "date": "2014-10-31", 
        "operating_revenue": 53833, 
        "short_term_average": 28010
    }, 
    {
        "accumulated_operating_revenue_yoy": -90.43839404668422, 
        "accumulated_operating_revenue": 379296, 
        "long_term_average": 176571, 
        "date": "2014-11-30", 
        "operating_revenue": 9110, 
        "short_term_average": 31862
    }, 
    {
        "accumulated_operating_revenue_yoy": -90.58955241713862, 
        "accumulated_operating_revenue": 393799, 
        "long_term_average": 135603, 
        "date": "2014-12-31", 
        "operating_revenue": 14503, 
        "short_term_average": 25815
    }, 
    {
        "accumulated_operating_revenue_yoy": -89.46392434769896, 
        "accumulated_operating_revenue": 13693, 
        "long_term_average": 106919, 
        "date": "2015-01-31", 
        "operating_revenue": 13693, 
        "short_term_average": 12435
    }, 
    {
        "accumulated_operating_revenue_yoy": -69.16480135080343, 
        "accumulated_operating_revenue": 55516, 
        "long_term_average": 82739, 
        "date": "2015-02-28", 
        "operating_revenue": 41823, 
        "short_term_average": 23339
    }, 
    {
        "accumulated_operating_revenue_yoy": -76.763373824068, 
        "accumulated_operating_revenue": 66493, 
        "long_term_average": 56510, 
        "date": "2015-03-31", 
        "operating_revenue": 10977, 
        "short_term_average": 22164
    }, 
    {
        "date": "2015-04-30", 
        "operating_revenue": 26632, 
        "accumulated_operating_revenue": 93125, 
        "long_term_average": 40577, 
        "short_term_average": 26477
    }, 
    {
        "date": "2015-05-31", 
        "operating_revenue": 21540, 
        "accumulated_operating_revenue": 114665, 
        "long_term_average": 31541, 
        "short_term_average": 19716
    }, 
    {
        "accumulated_operating_revenue_yoy": -49.641535370624936, 
        "accumulated_operating_revenue": 142872, 
        "long_term_average": 29719, 
        "date": "2015-06-30", 
        "operating_revenue": 28207, 
        "short_term_average": 25459
    }, 
    {
        "date": "2015-07-31", 
        "operating_revenue": 24379, 
        "accumulated_operating_revenue": 167251, 
        "long_term_average": 22907, 
        "short_term_average": 24708
    }, 
    {
        "date": "2015-08-31", 
        "operating_revenue": 38725, 
        "accumulated_operating_revenue": 205976, 
        "long_term_average": 26338, 
        "short_term_average": 30437
    }, 
    {
        "accumulated_operating_revenue_yoy": -20.666786785647677, 
        "accumulated_operating_revenue": 250973, 
        "long_term_average": 27368, 
        "date": "2015-09-30", 
        "operating_revenue": 44997, 
        "short_term_average": 36033
    }, 
    {
        "accumulated_operating_revenue_yoy": -22.50382240279211, 
        "accumulated_operating_revenue": 286880, 
        "long_term_average": 25874, 
        "date": "2015-10-31", 
        "operating_revenue": 35907, 
        "short_term_average": 39876
    }
]