[
    {
        "date": "2012-01-31", 
        "operating_revenue": 125714, 
        "accumulated_operating_revenue": 125714, 
        "long_term_average": 125714, 
        "short_term_average": 125714
    }, 
    {
        "date": "2012-02-29", 
        "operating_revenue": 133237, 
        "accumulated_operating_revenue": 258951, 
        "long_term_average": 129475, 
        "short_term_average": 129475
    }, 
    {
        "date": "2012-03-31", 
        "operating_revenue": 221477, 
        "accumulated_operating_revenue": 480428, 
        "long_term_average": 160142, 
        "short_term_average": 160142
    }, 
    {
        "date": "2012-04-30", 
        "operating_revenue": 252161, 
        "accumulated_operating_revenue": 732589, 
        "long_term_average": 183147, 
        "short_term_average": 202291
    }, 
    {
        "date": "2012-05-31", 
        "operating_revenue": 309170, 
        "accumulated_operating_revenue": 1041759, 
        "long_term_average": 208351, 
        "short_term_average": 260936
    }, 
    {
        "date": "2012-06-30", 
        "operating_revenue": 330662, 
        "accumulated_operating_revenue": 1372421, 
        "long_term_average": 228736, 
        "short_term_average": 297331
    }, 
    {
        "date": "2012-07-31", 
        "operating_revenue": 353644, 
        "accumulated_operating_revenue": 1726065, 
        "long_term_average": 246580, 
        "short_term_average": 331158
    }, 
    {
        "date": "2012-08-31", 
        "operating_revenue": 361344, 
        "accumulated_operating_revenue": 2087409, 
        "long_term_average": 260926, 
        "short_term_average": 348550
    }, 
    {
        "date": "2012-09-30", 
        "operating_revenue": 260311, 
        "accumulated_operating_revenue": 2347720, 
        "long_term_average": 260857, 
        "short_term_average": 325099
    }, 
    {
        "date": "2012-10-31", 
        "operating_revenue": 222901, 
        "accumulated_operating_revenue": 2570621, 
        "long_term_average": 257062, 
        "short_term_average": 281518
    }, 
    {
        "date": "2012-11-30", 
        "operating_revenue": 187490, 
        "accumulated_operating_revenue": 2758111, 
        "long_term_average": 250737, 
        "short_term_average": 223567
    }, 
    {
        "date": "2012-12-31", 
        "operating_revenue": 172395, 
        "accumulated_operating_revenue": 2930506, 
        "long_term_average": 244208, 
        "short_term_average": 194262
    }, 
    {
        "accumulated_operating_revenue_yoy": 43.281575639944634, 
        "accumulated_operating_revenue": 180125, 
        "long_term_average": 248743, 
        "date": "2013-01-31", 
        "operating_revenue": 180125, 
        "short_term_average": 180003
    }, 
    {
        "accumulated_operating_revenue_yoy": 19.766287830516198, 
        "accumulated_operating_revenue": 310136, 
        "long_term_average": 248474, 
        "date": "2013-02-28", 
        "operating_revenue": 130011, 
        "short_term_average": 160843
    }, 
    {
        "accumulated_operating_revenue_yoy": 22.153163429275562, 
        "accumulated_operating_revenue": 586858, 
        "long_term_average": 253078, 
        "date": "2013-03-31", 
        "operating_revenue": 276722, 
        "short_term_average": 195619
    }, 
    {
        "accumulated_operating_revenue_yoy": 22.90083525687664, 
        "accumulated_operating_revenue": 900358, 
        "long_term_average": 258189, 
        "date": "2013-04-30", 
        "operating_revenue": 313500, 
        "short_term_average": 240077
    }, 
    {
        "accumulated_operating_revenue_yoy": 19.489728430471924, 
        "accumulated_operating_revenue": 1244795, 
        "long_term_average": 261128, 
        "date": "2013-05-31", 
        "operating_revenue": 344437, 
        "short_term_average": 311553
    }, 
    {
        "accumulated_operating_revenue_yoy": 20.63994940328077, 
        "accumulated_operating_revenue": 1655688, 
        "long_term_average": 267814, 
        "date": "2013-06-30", 
        "operating_revenue": 410893, 
        "short_term_average": 356276
    }, 
    {
        "accumulated_operating_revenue_yoy": 19.12425082485306, 
        "accumulated_operating_revenue": 2056162, 
        "long_term_average": 271716, 
        "date": "2013-07-31", 
        "operating_revenue": 400474, 
        "short_term_average": 385268
    }, 
    {
        "accumulated_operating_revenue_yoy": 14.534861160414659, 
        "accumulated_operating_revenue": 2390811, 
        "long_term_average": 269492, 
        "date": "2013-08-31", 
        "operating_revenue": 334649, 
        "short_term_average": 382005
    }, 
    {
        "accumulated_operating_revenue_yoy": 11.445317158775323, 
        "accumulated_operating_revenue": 2616424, 
        "long_term_average": 266600, 
        "date": "2013-09-30", 
        "operating_revenue": 225613, 
        "short_term_average": 320245
    }, 
    {
        "accumulated_operating_revenue_yoy": 10.16423657941019, 
        "accumulated_operating_revenue": 2831905, 
        "long_term_average": 265982, 
        "date": "2013-10-31", 
        "operating_revenue": 215481, 
        "short_term_average": 258581
    }, 
    {
        "accumulated_operating_revenue_yoy": 9.283709031289893, 
        "accumulated_operating_revenue": 3014166, 
        "long_term_average": 265546, 
        "date": "2013-11-30", 
        "operating_revenue": 182261, 
        "short_term_average": 207785
    }, 
    {
        "accumulated_operating_revenue_yoy": 8.349991434926254, 
        "accumulated_operating_revenue": 3175203, 
        "long_term_average": 264600, 
        "date": "2013-12-31", 
        "operating_revenue": 161037, 
        "short_term_average": 186259
    }, 
    {
        "accumulated_operating_revenue_yoy": -33.23691880638446, 
        "accumulated_operating_revenue": 120257, 
        "long_term_average": 259611, 
        "date": "2014-01-31", 
        "operating_revenue": 120257, 
        "short_term_average": 154518
    }, 
    {
        "accumulated_operating_revenue_yoy": -23.304937188846182, 
        "accumulated_operating_revenue": 237859, 
        "long_term_average": 258577, 
        "date": "2014-02-28", 
        "operating_revenue": 117602, 
        "short_term_average": 132965
    }, 
    {
        "accumulated_operating_revenue_yoy": -19.39344781872276, 
        "accumulated_operating_revenue": 473046, 
        "long_term_average": 255115, 
        "date": "2014-03-31", 
        "operating_revenue": 235187, 
        "short_term_average": 157682
    }, 
    {
        "accumulated_operating_revenue_yoy": -15.16785545305312, 
        "accumulated_operating_revenue": 763793, 
        "long_term_average": 253219, 
        "date": "2014-04-30", 
        "operating_revenue": 290747, 
        "short_term_average": 214512
    }, 
    {
        "accumulated_operating_revenue_yoy": -12.360669829168657, 
        "accumulated_operating_revenue": 1090930, 
        "long_term_average": 251778, 
        "date": "2014-05-31", 
        "operating_revenue": 327137, 
        "short_term_average": 284357
    }, 
    {
        "accumulated_operating_revenue_yoy": -15.175443682626193, 
        "accumulated_operating_revenue": 1404430, 
        "long_term_average": 243662, 
        "date": "2014-06-30", 
        "operating_revenue": 313500, 
        "short_term_average": 310461
    }, 
    {
        "accumulated_operating_revenue_yoy": -15.094433220728718, 
        "accumulated_operating_revenue": 1745796, 
        "long_term_average": 238736, 
        "date": "2014-07-31", 
        "operating_revenue": 341366, 
        "short_term_average": 327334
    }, 
    {
        "accumulated_operating_revenue_yoy": -15.24637455658352, 
        "accumulated_operating_revenue": 2026299, 
        "long_term_average": 234224, 
        "date": "2014-08-31", 
        "operating_revenue": 280503, 
        "short_term_average": 311789
    }, 
    {
        "accumulated_operating_revenue_yoy": -14.52260795650858, 
        "accumulated_operating_revenue": 2236451, 
        "long_term_average": 232935, 
        "date": "2014-09-30", 
        "operating_revenue": 210152, 
        "short_term_average": 277340
    }, 
    {
        "accumulated_operating_revenue_yoy": -13.388761275537139, 
        "accumulated_operating_revenue": 2452748, 
        "long_term_average": 233003, 
        "date": "2014-10-31", 
        "operating_revenue": 216297, 
        "short_term_average": 235650
    }, 
    {
        "accumulated_operating_revenue_yoy": -11.970873535166941, 
        "accumulated_operating_revenue": 2653344, 
        "long_term_average": 234531, 
        "date": "2014-11-30", 
        "operating_revenue": 200596, 
        "short_term_average": 209015
    }, 
    {
        "accumulated_operating_revenue_yoy": -10.32557603403625, 
        "accumulated_operating_revenue": 2847345, 
        "long_term_average": 237278, 
        "date": "2014-12-31", 
        "operating_revenue": 194001, 
        "short_term_average": 203631
    }, 
    {
        "accumulated_operating_revenue_yoy": 64.27567626000982, 
        "accumulated_operating_revenue": 197553, 
        "long_term_average": 243720, 
        "date": "2015-01-31", 
        "operating_revenue": 197553, 
        "short_term_average": 197383
    }, 
    {
        "accumulated_operating_revenue_yoy": 34.659188847174164, 
        "accumulated_operating_revenue": 320299, 
        "long_term_average": 244148, 
        "date": "2015-02-28", 
        "operating_revenue": 122746, 
        "short_term_average": 171433
    }, 
    {
        "accumulated_operating_revenue_yoy": 18.871737632281004, 
        "accumulated_operating_revenue": 562318, 
        "long_term_average": 244718, 
        "date": "2015-03-31", 
        "operating_revenue": 242019, 
        "short_term_average": 187439
    }, 
    {
        "accumulated_operating_revenue_yoy": 11.725428224662965, 
        "accumulated_operating_revenue": 853351, 
        "long_term_average": 244741, 
        "date": "2015-04-30", 
        "operating_revenue": 291033, 
        "short_term_average": 218599
    }, 
    {
        "accumulated_operating_revenue_yoy": 6.66303062524635, 
        "accumulated_operating_revenue": 1163619, 
        "long_term_average": 243336, 
        "date": "2015-05-31", 
        "operating_revenue": 310268, 
        "short_term_average": 281106
    }, 
    {
        "accumulated_operating_revenue_yoy": 7.358145297380432, 
        "accumulated_operating_revenue": 1507770, 
        "long_term_average": 245890, 
        "date": "2015-06-30", 
        "operating_revenue": 344151, 
        "short_term_average": 315150
    }, 
    {
        "accumulated_operating_revenue_yoy": 5.370673320365037, 
        "accumulated_operating_revenue": 1839557, 
        "long_term_average": 245092, 
        "date": "2015-07-31", 
        "operating_revenue": 331787, 
        "short_term_average": 328735
    }, 
    {
        "accumulated_operating_revenue_yoy": 4.637222838287933, 
        "accumulated_operating_revenue": 2120263, 
        "long_term_average": 245109, 
        "date": "2015-08-31", 
        "operating_revenue": 280706, 
        "short_term_average": 318881
    }, 
    {
        "accumulated_operating_revenue_yoy": 6.970642325720528, 
        "accumulated_operating_revenue": 2392346, 
        "long_term_average": 250270, 
        "date": "2015-09-30", 
        "operating_revenue": 272083, 
        "short_term_average": 294858
    }
]