[
    {
        "date": "2011-09-30", 
        "operating_revenue": 116972, 
        "accumulated_operating_revenue": 116972, 
        "long_term_average": 116972, 
        "short_term_average": 116972
    }, 
    {
        "date": "2011-10-31", 
        "operating_revenue": 171961, 
        "accumulated_operating_revenue": 288933, 
        "long_term_average": 144466, 
        "short_term_average": 144466
    }, 
    {
        "date": "2011-11-30", 
        "operating_revenue": 155362, 
        "accumulated_operating_revenue": 444295, 
        "long_term_average": 148098, 
        "short_term_average": 148098
    }, 
    {
        "date": "2011-12-31", 
        "operating_revenue": 171313, 
        "accumulated_operating_revenue": 615608, 
        "long_term_average": 153902, 
        "short_term_average": 166212
    }, 
    {
        "date": "2012-01-31", 
        "operating_revenue": 174617, 
        "accumulated_operating_revenue": 174617, 
        "long_term_average": 158045, 
        "short_term_average": 167097
    }, 
    {
        "date": "2012-02-29", 
        "operating_revenue": 175175, 
        "accumulated_operating_revenue": 349792, 
        "long_term_average": 160900, 
        "short_term_average": 173701
    }, 
    {
        "date": "2012-03-31", 
        "operating_revenue": 175468, 
        "accumulated_operating_revenue": 525260, 
        "long_term_average": 162981, 
        "short_term_average": 175086
    }, 
    {
        "date": "2012-04-30", 
        "operating_revenue": 185198, 
        "accumulated_operating_revenue": 710458, 
        "long_term_average": 165758, 
        "short_term_average": 178613
    }, 
    {
        "date": "2012-05-31", 
        "operating_revenue": 184612, 
        "accumulated_operating_revenue": 895070, 
        "long_term_average": 167853, 
        "short_term_average": 181759
    }, 
    {
        "date": "2012-06-30", 
        "operating_revenue": 179817, 
        "accumulated_operating_revenue": 1074887, 
        "long_term_average": 169049, 
        "short_term_average": 183209
    }, 
    {
        "date": "2012-07-31", 
        "operating_revenue": 175884, 
        "accumulated_operating_revenue": 1250771, 
        "long_term_average": 169670, 
        "short_term_average": 180104
    }, 
    {
        "date": "2012-08-31", 
        "operating_revenue": 186411, 
        "accumulated_operating_revenue": 1437182, 
        "long_term_average": 171065, 
        "short_term_average": 180704
    }, 
    {
        "accumulated_operating_revenue_yoy": 1272.1899257942073, 
        "accumulated_operating_revenue": 1605078, 
        "long_term_average": 175309, 
        "date": "2012-09-30", 
        "operating_revenue": 167896, 
        "short_term_average": 176730
    }, 
    {
        "accumulated_operating_revenue_yoy": 514.0423558402813, 
        "accumulated_operating_revenue": 1774171, 
        "long_term_average": 175070, 
        "date": "2012-10-31", 
        "operating_revenue": 169093, 
        "short_term_average": 174466
    }, 
    {
        "accumulated_operating_revenue_yoy": 338.75668193430045, 
        "accumulated_operating_revenue": 1949374, 
        "long_term_average": 176723, 
        "date": "2012-11-30", 
        "operating_revenue": 175203, 
        "short_term_average": 170730
    }, 
    {
        "accumulated_operating_revenue_yoy": 246.64494288573246, 
        "accumulated_operating_revenue": 2133974, 
        "long_term_average": 177831, 
        "date": "2012-12-31", 
        "operating_revenue": 184600, 
        "short_term_average": 176298
    }, 
    {
        "accumulated_operating_revenue_yoy": 4.212075571107052, 
        "accumulated_operating_revenue": 181972, 
        "long_term_average": 178444, 
        "date": "2013-01-31", 
        "operating_revenue": 181972, 
        "short_term_average": 180591
    }, 
    {
        "accumulated_operating_revenue_yoy": 5.634491354862319, 
        "accumulated_operating_revenue": 369501, 
        "long_term_average": 179473, 
        "date": "2013-02-28", 
        "operating_revenue": 187529, 
        "short_term_average": 184700
    }, 
    {
        "accumulated_operating_revenue_yoy": 3.276853367855919, 
        "accumulated_operating_revenue": 542472, 
        "long_term_average": 179265, 
        "date": "2013-03-31", 
        "operating_revenue": 172971, 
        "short_term_average": 180824
    }, 
    {
        "accumulated_operating_revenue_yoy": -0.45210272809933877, 
        "accumulated_operating_revenue": 707246, 
        "long_term_average": 177563, 
        "date": "2013-04-30", 
        "operating_revenue": 164774, 
        "short_term_average": 175091
    }, 
    {
        "accumulated_operating_revenue_yoy": -1.773380852894187, 
        "accumulated_operating_revenue": 879197, 
        "long_term_average": 176508, 
        "date": "2013-05-31", 
        "operating_revenue": 171951, 
        "short_term_average": 169898
    }, 
    {
        "accumulated_operating_revenue_yoy": -1.9571359594078261, 
        "accumulated_operating_revenue": 1053850, 
        "long_term_average": 176078, 
        "date": "2013-06-30", 
        "operating_revenue": 174653, 
        "short_term_average": 170459
    }, 
    {
        "accumulated_operating_revenue_yoy": -0.8937687234513751, 
        "accumulated_operating_revenue": 1239592, 
        "long_term_average": 176899, 
        "date": "2013-07-31", 
        "operating_revenue": 185742, 
        "short_term_average": 177448
    }, 
    {
        "accumulated_operating_revenue_yoy": -0.24123597428857305, 
        "accumulated_operating_revenue": 1433715, 
        "long_term_average": 177542, 
        "date": "2013-08-31", 
        "operating_revenue": 194123, 
        "short_term_average": 184839
    }, 
    {
        "accumulated_operating_revenue_yoy": 0.5959834973752054, 
        "accumulated_operating_revenue": 1614644, 
        "long_term_average": 178628, 
        "date": "2013-09-30", 
        "operating_revenue": 180929, 
        "short_term_average": 186931
    }, 
    {
        "accumulated_operating_revenue_yoy": 2.6307497980747065, 
        "accumulated_operating_revenue": 1820845, 
        "long_term_average": 181720, 
        "date": "2013-10-31", 
        "operating_revenue": 206201, 
        "short_term_average": 193751
    }, 
    {
        "accumulated_operating_revenue_yoy": 2.5339416653756537, 
        "accumulated_operating_revenue": 1998770, 
        "long_term_average": 181947, 
        "date": "2013-11-30", 
        "operating_revenue": 177925, 
        "short_term_average": 188351
    }, 
    {
        "accumulated_operating_revenue_yoy": 1.626308474236331, 
        "accumulated_operating_revenue": 2168679, 
        "long_term_average": 180723, 
        "date": "2013-12-31", 
        "operating_revenue": 169909, 
        "short_term_average": 184678
    }, 
    {
        "accumulated_operating_revenue_yoy": 8.850812212867913, 
        "accumulated_operating_revenue": 198078, 
        "long_term_average": 182065, 
        "date": "2014-01-31", 
        "operating_revenue": 198078, 
        "short_term_average": 181970
    }, 
    {
        "accumulated_operating_revenue_yoy": 3.720964219311991, 
        "accumulated_operating_revenue": 383250, 
        "long_term_average": 181869, 
        "date": "2014-02-28", 
        "operating_revenue": 185172, 
        "short_term_average": 184386
    }, 
    {
        "accumulated_operating_revenue_yoy": 8.988482354849651, 
        "accumulated_operating_revenue": 591232, 
        "long_term_average": 184786, 
        "date": "2014-03-31", 
        "operating_revenue": 207982, 
        "short_term_average": 197077
    }, 
    {
        "accumulated_operating_revenue_yoy": 11.000415696942788, 
        "accumulated_operating_revenue": 785046, 
        "long_term_average": 187206, 
        "date": "2014-04-30", 
        "operating_revenue": 193814, 
        "short_term_average": 195656
    }, 
    {
        "accumulated_operating_revenue_yoy": 12.926795701077232, 
        "accumulated_operating_revenue": 992849, 
        "long_term_average": 190194, 
        "date": "2014-05-31", 
        "operating_revenue": 207803, 
        "short_term_average": 203199
    }, 
    {
        "accumulated_operating_revenue_yoy": 13.679461023864874, 
        "accumulated_operating_revenue": 1198011, 
        "long_term_average": 192736, 
        "date": "2014-06-30", 
        "operating_revenue": 205162, 
        "short_term_average": 202259
    }, 
    {
        "accumulated_operating_revenue_yoy": 12.740724367372492, 
        "accumulated_operating_revenue": 1397525, 
        "long_term_average": 193884, 
        "date": "2014-07-31", 
        "operating_revenue": 199514, 
        "short_term_average": 204159
    }, 
    {
        "accumulated_operating_revenue_yoy": 11.35644113369812, 
        "accumulated_operating_revenue": 1596534, 
        "long_term_average": 194291, 
        "date": "2014-08-31", 
        "operating_revenue": 199009, 
        "short_term_average": 201228
    }, 
    {
        "accumulated_operating_revenue_yoy": 10.753577878467329, 
        "accumulated_operating_revenue": 1788276, 
        "long_term_average": 195192, 
        "date": "2014-09-30", 
        "operating_revenue": 191742, 
        "short_term_average": 196755
    }, 
    {
        "accumulated_operating_revenue_yoy": 11.78211215122649, 
        "accumulated_operating_revenue": 2035379, 
        "long_term_average": 198601, 
        "date": "2014-10-31", 
        "operating_revenue": 247103, 
        "short_term_average": 212618
    }, 
    {
        "accumulated_operating_revenue_yoy": 12.023644541392956, 
        "accumulated_operating_revenue": 2239095, 
        "long_term_average": 200750, 
        "date": "2014-11-30", 
        "operating_revenue": 203716, 
        "short_term_average": 214187
    }, 
    {
        "accumulated_operating_revenue_yoy": 14.498411244817696, 
        "accumulated_operating_revenue": 2483103, 
        "long_term_average": 206925, 
        "date": "2014-12-31", 
        "operating_revenue": 244008, 
        "short_term_average": 231609
    }, 
    {
        "accumulated_operating_revenue_yoy": 8.509274124334858, 
        "accumulated_operating_revenue": 214933, 
        "long_term_average": 208329, 
        "date": "2015-01-31", 
        "operating_revenue": 214933, 
        "short_term_average": 220885
    }, 
    {
        "accumulated_operating_revenue_yoy": 6.291454664057404, 
        "accumulated_operating_revenue": 407362, 
        "long_term_average": 208934, 
        "date": "2015-02-28", 
        "operating_revenue": 192429, 
        "short_term_average": 217123
    }, 
    {
        "accumulated_operating_revenue_yoy": 5.932019917731111, 
        "accumulated_operating_revenue": 626304, 
        "long_term_average": 209847, 
        "date": "2015-03-31", 
        "operating_revenue": 218942, 
        "short_term_average": 208768
    }, 
    {
        "accumulated_operating_revenue_yoy": 5.322363275527803, 
        "accumulated_operating_revenue": 826829, 
        "long_term_average": 210407, 
        "date": "2015-04-30", 
        "operating_revenue": 200525, 
        "short_term_average": 203965
    }, 
    {
        "accumulated_operating_revenue_yoy": 3.367077974596339, 
        "accumulated_operating_revenue": 1026279, 
        "long_term_average": 209711, 
        "date": "2015-05-31", 
        "operating_revenue": 199450, 
        "short_term_average": 206305
    }, 
    {
        "accumulated_operating_revenue_yoy": 5.484173350662055, 
        "accumulated_operating_revenue": 1263712, 
        "long_term_average": 212400, 
        "date": "2015-06-30", 
        "operating_revenue": 237433, 
        "short_term_average": 212469
    }, 
    {
        "accumulated_operating_revenue_yoy": 4.42210336129944, 
        "accumulated_operating_revenue": 1459325, 
        "long_term_average": 212075, 
        "date": "2015-07-31", 
        "operating_revenue": 195613, 
        "short_term_average": 210832
    }, 
    {
        "accumulated_operating_revenue_yoy": 5.382848094685111, 
        "accumulated_operating_revenue": 1682473, 
        "long_term_average": 214086, 
        "date": "2015-08-31", 
        "operating_revenue": 223148, 
        "short_term_average": 218731
    }, 
    {
        "accumulated_operating_revenue_yoy": 5.945335060136131, 
        "accumulated_operating_revenue": 1894595, 
        "long_term_average": 215785, 
        "date": "2015-09-30", 
        "operating_revenue": 212122, 
        "short_term_average": 210294
    }
]