[
    {
        "date": "2012-01-31", 
        "operating_revenue": 61341, 
        "accumulated_operating_revenue": 61341, 
        "long_term_average": 61341, 
        "short_term_average": 61341
    }, 
    {
        "date": "2012-02-29", 
        "operating_revenue": 99248, 
        "accumulated_operating_revenue": 160589, 
        "long_term_average": 80294, 
        "short_term_average": 80294
    }, 
    {
        "date": "2012-03-31", 
        "operating_revenue": 136236, 
        "accumulated_operating_revenue": 296825, 
        "long_term_average": 98941, 
        "short_term_average": 98941
    }, 
    {
        "date": "2012-04-30", 
        "operating_revenue": 144536, 
        "accumulated_operating_revenue": 441361, 
        "long_term_average": 110340, 
        "short_term_average": 126673
    }, 
    {
        "date": "2012-05-31", 
        "operating_revenue": 150841, 
        "accumulated_operating_revenue": 592202, 
        "long_term_average": 118440, 
        "short_term_average": 143871
    }, 
    {
        "date": "2012-06-30", 
        "operating_revenue": 124060, 
        "accumulated_operating_revenue": 716262, 
        "long_term_average": 119377, 
        "short_term_average": 139812
    }, 
    {
        "date": "2012-07-31", 
        "operating_revenue": 118174, 
        "accumulated_operating_revenue": 834436, 
        "long_term_average": 119205, 
        "short_term_average": 131025
    }, 
    {
        "date": "2012-08-31", 
        "operating_revenue": 101891, 
        "accumulated_operating_revenue": 936327, 
        "long_term_average": 117040, 
        "short_term_average": 114708
    }, 
    {
        "date": "2012-09-30", 
        "operating_revenue": 103795, 
        "accumulated_operating_revenue": 1040122, 
        "long_term_average": 115569, 
        "short_term_average": 107953
    }, 
    {
        "date": "2012-10-31", 
        "operating_revenue": 108081, 
        "accumulated_operating_revenue": 1148203, 
        "long_term_average": 114820, 
        "short_term_average": 104589
    }, 
    {
        "date": "2012-11-30", 
        "operating_revenue": 109316, 
        "accumulated_operating_revenue": 1257519, 
        "long_term_average": 114319, 
        "short_term_average": 107064
    }, 
    {
        "date": "2012-12-31", 
        "operating_revenue": 94219, 
        "accumulated_operating_revenue": 1351738, 
        "long_term_average": 112644, 
        "short_term_average": 103872
    }, 
    {
        "accumulated_operating_revenue_yoy": 70.59226292365628, 
        "accumulated_operating_revenue": 104643, 
        "long_term_average": 116253, 
        "date": "2013-01-31", 
        "operating_revenue": 104643, 
        "short_term_average": 102726
    }, 
    {
        "accumulated_operating_revenue_yoy": 14.998536637005024, 
        "accumulated_operating_revenue": 184675, 
        "long_term_average": 114652, 
        "date": "2013-02-28", 
        "operating_revenue": 80032, 
        "short_term_average": 92964
    }, 
    {
        "accumulated_operating_revenue_yoy": 0.7526320222353239, 
        "accumulated_operating_revenue": 299059, 
        "long_term_average": 112831, 
        "date": "2013-03-31", 
        "operating_revenue": 114384, 
        "short_term_average": 99686
    }, 
    {
        "accumulated_operating_revenue_yoy": -4.638153348392812, 
        "accumulated_operating_revenue": 420890, 
        "long_term_average": 110938, 
        "date": "2013-04-30", 
        "operating_revenue": 121831, 
        "short_term_average": 105415
    }, 
    {
        "accumulated_operating_revenue_yoy": -7.846309198550494, 
        "accumulated_operating_revenue": 545736, 
        "long_term_average": 108772, 
        "date": "2013-05-31", 
        "operating_revenue": 124846, 
        "short_term_average": 120353
    }, 
    {
        "accumulated_operating_revenue_yoy": -8.56572036489441, 
        "accumulated_operating_revenue": 654909, 
        "long_term_average": 107532, 
        "date": "2013-06-30", 
        "operating_revenue": 109173, 
        "short_term_average": 118616
    }, 
    {
        "accumulated_operating_revenue_yoy": -8.804030506833357, 
        "accumulated_operating_revenue": 760972, 
        "long_term_average": 106522, 
        "date": "2013-07-31", 
        "operating_revenue": 106063, 
        "short_term_average": 113360
    }, 
    {
        "accumulated_operating_revenue_yoy": -6.846646524130992, 
        "accumulated_operating_revenue": 872220, 
        "long_term_average": 107302, 
        "date": "2013-08-31", 
        "operating_revenue": 111248, 
        "short_term_average": 108828
    }, 
    {
        "accumulated_operating_revenue_yoy": -5.984874851219376, 
        "accumulated_operating_revenue": 977872, 
        "long_term_average": 107457, 
        "date": "2013-09-30", 
        "operating_revenue": 105652, 
        "short_term_average": 107654
    }, 
    {
        "accumulated_operating_revenue_yoy": -4.609812028012468, 
        "accumulated_operating_revenue": 1095273, 
        "long_term_average": 108234, 
        "date": "2013-10-31", 
        "operating_revenue": 117401, 
        "short_term_average": 111433
    }, 
    {
        "accumulated_operating_revenue_yoy": -3.539509144593442, 
        "accumulated_operating_revenue": 1213009, 
        "long_term_average": 108935, 
        "date": "2013-11-30", 
        "operating_revenue": 117736, 
        "short_term_average": 113596
    }, 
    {
        "accumulated_operating_revenue_yoy": -2.151304468765397, 
        "accumulated_operating_revenue": 1322658, 
        "long_term_average": 110221, 
        "date": "2013-12-31", 
        "operating_revenue": 109649, 
        "short_term_average": 114928
    }, 
    {
        "accumulated_operating_revenue_yoy": 2.874535324866451, 
        "accumulated_operating_revenue": 107651, 
        "long_term_average": 110472, 
        "date": "2014-01-31", 
        "operating_revenue": 107651, 
        "short_term_average": 111678
    }, 
    {
        "accumulated_operating_revenue_yoy": 20.954108569107895, 
        "accumulated_operating_revenue": 223372, 
        "long_term_average": 113446, 
        "date": "2014-02-28", 
        "operating_revenue": 115721, 
        "short_term_average": 111007
    }, 
    {
        "accumulated_operating_revenue_yoy": 18.9277032291287, 
        "accumulated_operating_revenue": 355664, 
        "long_term_average": 114938, 
        "date": "2014-03-31", 
        "operating_revenue": 132292, 
        "short_term_average": 118554
    }, 
    {
        "accumulated_operating_revenue_yoy": 18.26843118154387, 
        "accumulated_operating_revenue": 497780, 
        "long_term_average": 116629, 
        "date": "2014-04-30", 
        "operating_revenue": 142116, 
        "short_term_average": 130043
    }, 
    {
        "accumulated_operating_revenue_yoy": 19.63751704120674, 
        "accumulated_operating_revenue": 652905, 
        "long_term_average": 119152, 
        "date": "2014-05-31", 
        "operating_revenue": 155125, 
        "short_term_average": 143177
    }, 
    {
        "accumulated_operating_revenue_yoy": 22.523281860533295, 
        "accumulated_operating_revenue": 802416, 
        "long_term_average": 122513, 
        "date": "2014-06-30", 
        "operating_revenue": 149511, 
        "short_term_average": 148917
    }, 
    {
        "accumulated_operating_revenue_yoy": 24.35201295185631, 
        "accumulated_operating_revenue": 946284, 
        "long_term_average": 125664, 
        "date": "2014-07-31", 
        "operating_revenue": 143868, 
        "short_term_average": 149501
    }, 
    {
        "accumulated_operating_revenue_yoy": 23.89821375341084, 
        "accumulated_operating_revenue": 1080665, 
        "long_term_average": 127591, 
        "date": "2014-08-31", 
        "operating_revenue": 134381, 
        "short_term_average": 142586
    }, 
    {
        "accumulated_operating_revenue_yoy": 23.910593615524323, 
        "accumulated_operating_revenue": 1211687, 
        "long_term_average": 129706, 
        "date": "2014-09-30", 
        "operating_revenue": 131022, 
        "short_term_average": 136423
    }, 
    {
        "accumulated_operating_revenue_yoy": 21.552434872401673, 
        "accumulated_operating_revenue": 1331331, 
        "long_term_average": 129893, 
        "date": "2014-10-31", 
        "operating_revenue": 119644, 
        "short_term_average": 128349
    }, 
    {
        "accumulated_operating_revenue_yoy": 19.225578705516615, 
        "accumulated_operating_revenue": 1446217, 
        "long_term_average": 129655, 
        "date": "2014-11-30", 
        "operating_revenue": 114886, 
        "short_term_average": 121850
    }, 
    {
        "accumulated_operating_revenue_yoy": 18.016902328493078, 
        "accumulated_operating_revenue": 1560960, 
        "long_term_average": 130080, 
        "date": "2014-12-31", 
        "operating_revenue": 114743, 
        "short_term_average": 116424
    }, 
    {
        "accumulated_operating_revenue_yoy": 24.12982694076228, 
        "accumulated_operating_revenue": 133627, 
        "long_term_average": 132244, 
        "date": "2015-01-31", 
        "operating_revenue": 133627, 
        "short_term_average": 121085
    }, 
    {
        "accumulated_operating_revenue_yoy": 4.603531328904249, 
        "accumulated_operating_revenue": 233655, 
        "long_term_average": 130936, 
        "date": "2015-02-28", 
        "operating_revenue": 100028, 
        "short_term_average": 116132
    }, 
    {
        "accumulated_operating_revenue_yoy": 5.8962953799091276, 
        "accumulated_operating_revenue": 376635, 
        "long_term_average": 131827, 
        "date": "2015-03-31", 
        "operating_revenue": 142980, 
        "short_term_average": 125545
    }, 
    {
        "accumulated_operating_revenue_yoy": 6.685081763027843, 
        "accumulated_operating_revenue": 531057, 
        "long_term_average": 132853, 
        "date": "2015-04-30", 
        "operating_revenue": 154422, 
        "short_term_average": 132476
    }, 
    {
        "accumulated_operating_revenue_yoy": 3.559017008600026, 
        "accumulated_operating_revenue": 676142, 
        "long_term_average": 132016, 
        "date": "2015-05-31", 
        "operating_revenue": 145085, 
        "short_term_average": 147495
    }, 
    {
        "accumulated_operating_revenue_yoy": 0.6084125939662219, 
        "accumulated_operating_revenue": 807298, 
        "long_term_average": 130486, 
        "date": "2015-06-30", 
        "operating_revenue": 131156, 
        "short_term_average": 143554
    }, 
    {
        "accumulated_operating_revenue_yoy": -1.5484780467597465, 
        "accumulated_operating_revenue": 931631, 
        "long_term_average": 128858, 
        "date": "2015-07-31", 
        "operating_revenue": 124333, 
        "short_term_average": 133524
    }, 
    {
        "accumulated_operating_revenue_yoy": -4.667403867063336, 
        "accumulated_operating_revenue": 1030226, 
        "long_term_average": 125876, 
        "date": "2015-08-31", 
        "operating_revenue": 98595, 
        "short_term_average": 118028
    }, 
    {
        "accumulated_operating_revenue_yoy": -7.360976885944967, 
        "accumulated_operating_revenue": 1122495, 
        "long_term_average": 122647, 
        "date": "2015-09-30", 
        "operating_revenue": 92269, 
        "short_term_average": 105065
    }
]