[
    {
        "date": "2011-09-30", 
        "operating_revenue": 4320077, 
        "accumulated_operating_revenue": 4320077, 
        "long_term_average": 4320077, 
        "short_term_average": 4320077
    }, 
    {
        "date": "2011-10-31", 
        "operating_revenue": 4549622, 
        "accumulated_operating_revenue": 8869699, 
        "long_term_average": 4434849, 
        "short_term_average": 4434849
    }, 
    {
        "date": "2011-11-30", 
        "operating_revenue": 4342353, 
        "accumulated_operating_revenue": 13212052, 
        "long_term_average": 4404017, 
        "short_term_average": 4404017
    }, 
    {
        "date": "2011-12-31", 
        "operating_revenue": 4190713, 
        "accumulated_operating_revenue": 17402765, 
        "long_term_average": 4350691, 
        "short_term_average": 4360896
    }, 
    {
        "date": "2012-01-31", 
        "operating_revenue": 3907573, 
        "accumulated_operating_revenue": 3907573, 
        "long_term_average": 4262067, 
        "short_term_average": 4146879
    }, 
    {
        "date": "2012-02-29", 
        "operating_revenue": 4210239, 
        "accumulated_operating_revenue": 8117812, 
        "long_term_average": 4253429, 
        "short_term_average": 4102841
    }, 
    {
        "date": "2012-03-31", 
        "operating_revenue": 4392057, 
        "accumulated_operating_revenue": 12509869, 
        "long_term_average": 4273233, 
        "short_term_average": 4169956
    }, 
    {
        "date": "2012-04-30", 
        "operating_revenue": 3613049, 
        "accumulated_operating_revenue": 16122918, 
        "long_term_average": 4190710, 
        "short_term_average": 4071781
    }, 
    {
        "date": "2012-05-31", 
        "operating_revenue": 4445544, 
        "accumulated_operating_revenue": 20568462, 
        "long_term_average": 4219025, 
        "short_term_average": 4150216
    }, 
    {
        "date": "2012-06-30", 
        "operating_revenue": 4032642, 
        "accumulated_operating_revenue": 24601104, 
        "long_term_average": 4200386, 
        "short_term_average": 4030411
    }, 
    {
        "date": "2012-07-31", 
        "operating_revenue": 4120869, 
        "accumulated_operating_revenue": 28721973, 
        "long_term_average": 4193158, 
        "short_term_average": 4199685
    }, 
    {
        "date": "2012-08-31", 
        "operating_revenue": 4259409, 
        "accumulated_operating_revenue": 32981382, 
        "long_term_average": 4198678, 
        "short_term_average": 4137640
    }, 
    {
        "accumulated_operating_revenue_yoy": 779.794179594484, 
        "accumulated_operating_revenue": 38007786, 
        "long_term_average": 4257539, 
        "date": "2012-09-30", 
        "operating_revenue": 5026404, 
        "short_term_average": 4468894
    }, 
    {
        "accumulated_operating_revenue_yoy": 390.24903776328824, 
        "accumulated_operating_revenue": 43483614, 
        "long_term_average": 4334723, 
        "date": "2012-10-31", 
        "operating_revenue": 5475828, 
        "short_term_average": 4920547
    }, 
    {
        "accumulated_operating_revenue_yoy": 277.6370241352365, 
        "accumulated_operating_revenue": 49893600, 
        "long_term_average": 4507026, 
        "date": "2012-11-30", 
        "operating_revenue": 6409986, 
        "short_term_average": 5637406
    }, 
    {
        "accumulated_operating_revenue_yoy": 218.8765118646376, 
        "accumulated_operating_revenue": 55493330, 
        "long_term_average": 4624444, 
        "date": "2012-12-31", 
        "operating_revenue": 5599730, 
        "short_term_average": 5828514
    }, 
    {
        "accumulated_operating_revenue_yoy": 32.02379072636647, 
        "accumulated_operating_revenue": 5158926, 
        "long_term_average": 4728723, 
        "date": "2013-01-31", 
        "operating_revenue": 5158926, 
        "short_term_average": 5722880
    }, 
    {
        "accumulated_operating_revenue_yoy": -0.5537083145064212, 
        "accumulated_operating_revenue": 8072863, 
        "long_term_average": 4620698, 
        "date": "2013-02-28", 
        "operating_revenue": 2913937, 
        "short_term_average": 4557531
    }, 
    {
        "accumulated_operating_revenue_yoy": -3.104253130068748, 
        "accumulated_operating_revenue": 12121531, 
        "long_term_average": 4592082, 
        "date": "2013-03-31", 
        "operating_revenue": 4048668, 
        "short_term_average": 4040510
    }, 
    {
        "accumulated_operating_revenue_yoy": 0.7126563566222938, 
        "accumulated_operating_revenue": 16237819, 
        "long_term_average": 4634019, 
        "date": "2013-04-30", 
        "operating_revenue": 4116288, 
        "short_term_average": 3692964
    }, 
    {
        "accumulated_operating_revenue_yoy": 1.0923130762037532, 
        "accumulated_operating_revenue": 20793134, 
        "long_term_average": 4643166, 
        "date": "2013-05-31", 
        "operating_revenue": 4555315, 
        "short_term_average": 4240090
    }, 
    {
        "accumulated_operating_revenue_yoy": -0.3184409935424036, 
        "accumulated_operating_revenue": 24522764, 
        "long_term_average": 4617915, 
        "date": "2013-06-30", 
        "operating_revenue": 3729630, 
        "short_term_average": 4133744
    }, 
    {
        "accumulated_operating_revenue_yoy": 2.2133890314568574, 
        "accumulated_operating_revenue": 29357702, 
        "long_term_average": 4677421, 
        "date": "2013-07-31", 
        "operating_revenue": 4834938, 
        "short_term_average": 4373294
    }, 
    {
        "accumulated_operating_revenue_yoy": 6.193645857532592, 
        "accumulated_operating_revenue": 35024132, 
        "long_term_average": 4794673, 
        "date": "2013-08-31", 
        "operating_revenue": 5666430, 
        "short_term_average": 4743666
    }, 
    {
        "accumulated_operating_revenue_yoy": 9.426350169410027, 
        "accumulated_operating_revenue": 41590533, 
        "long_term_average": 4923006, 
        "date": "2013-09-30", 
        "operating_revenue": 6566401, 
        "short_term_average": 5689256
    }, 
    {
        "accumulated_operating_revenue_yoy": 12.845539931432562, 
        "accumulated_operating_revenue": 49069319, 
        "long_term_average": 5089919, 
        "date": "2013-10-31", 
        "operating_revenue": 7478786, 
        "short_term_average": 6570539
    }, 
    {
        "accumulated_operating_revenue_yoy": 13.949023522054931, 
        "accumulated_operating_revenue": 56853270, 
        "long_term_average": 5204416, 
        "date": "2013-11-30", 
        "operating_revenue": 7783951, 
        "short_term_average": 7276379
    }, 
    {
        "accumulated_operating_revenue_yoy": 15.776559092777456, 
        "accumulated_operating_revenue": 64248268, 
        "long_term_average": 5354022, 
        "date": "2013-12-31", 
        "operating_revenue": 7394998, 
        "short_term_average": 7552578
    }, 
    {
        "accumulated_operating_revenue_yoy": 19.82660732098115, 
        "accumulated_operating_revenue": 6181766, 
        "long_term_average": 5439259, 
        "date": "2014-01-31", 
        "operating_revenue": 6181766, 
        "short_term_average": 7120238
    }, 
    {
        "accumulated_operating_revenue_yoy": 21.875361937889938, 
        "accumulated_operating_revenue": 9838831, 
        "long_term_average": 5501186, 
        "date": "2014-02-28", 
        "operating_revenue": 3657065, 
        "short_term_average": 5744609
    }, 
    {
        "accumulated_operating_revenue_yoy": 21.919153611866356, 
        "accumulated_operating_revenue": 14778468, 
        "long_term_average": 5575433, 
        "date": "2014-03-31", 
        "operating_revenue": 4939637, 
        "short_term_average": 4926156
    }, 
    {
        "accumulated_operating_revenue_yoy": 23.63023014359256, 
        "accumulated_operating_revenue": 20074853, 
        "long_term_average": 5673775, 
        "date": "2014-04-30", 
        "operating_revenue": 5296385, 
        "short_term_average": 4631029
    }, 
    {
        "accumulated_operating_revenue_yoy": 21.742835880343964, 
        "accumulated_operating_revenue": 25314151, 
        "long_term_average": 5730773, 
        "date": "2014-05-31", 
        "operating_revenue": 5239298, 
        "short_term_average": 5158440
    }, 
    {
        "accumulated_operating_revenue_yoy": 25.31303159790634, 
        "accumulated_operating_revenue": 30730219, 
        "long_term_average": 5871310, 
        "date": "2014-06-30", 
        "operating_revenue": 5416068, 
        "short_term_average": 5317250
    }, 
    {
        "accumulated_operating_revenue_yoy": 23.323133397838834, 
        "accumulated_operating_revenue": 36204838, 
        "long_term_average": 5924617, 
        "date": "2014-07-31", 
        "operating_revenue": 5474619, 
        "short_term_average": 5376661
    }, 
    {
        "accumulated_operating_revenue_yoy": 20.268273886130856, 
        "accumulated_operating_revenue": 42122919, 
        "long_term_average": 5945587, 
        "date": "2014-08-31", 
        "operating_revenue": 5918081, 
        "short_term_average": 5602922
    }, 
    {
        "accumulated_operating_revenue_yoy": 20.019139932638037, 
        "accumulated_operating_revenue": 49916600, 
        "long_term_average": 6047861, 
        "date": "2014-09-30", 
        "operating_revenue": 7793681, 
        "short_term_average": 6395460
    }, 
    {
        "accumulated_operating_revenue_yoy": 19.98545363957466, 
        "accumulated_operating_revenue": 58876045, 
        "long_term_average": 6171249, 
        "date": "2014-10-31", 
        "operating_revenue": 8959445, 
        "short_term_average": 7557069
    }, 
    {
        "accumulated_operating_revenue_yoy": 19.076953709083046, 
        "accumulated_operating_revenue": 67699142, 
        "long_term_average": 6257845, 
        "date": "2014-11-30", 
        "operating_revenue": 8823097, 
        "short_term_average": 8525407
    }, 
    {
        "accumulated_operating_revenue_yoy": 17.892320459128953, 
        "accumulated_operating_revenue": 75743774, 
        "long_term_average": 6311981, 
        "date": "2014-12-31", 
        "operating_revenue": 8044632, 
        "short_term_average": 8609058
    }, 
    {
        "accumulated_operating_revenue_yoy": 33.30494878000882, 
        "accumulated_operating_revenue": 8240600, 
        "long_term_average": 6483550, 
        "date": "2015-01-31", 
        "operating_revenue": 8240600, 
        "short_term_average": 8369443
    }, 
    {
        "accumulated_operating_revenue_yoy": 23.34055743004428, 
        "accumulated_operating_revenue": 12135269, 
        "long_term_average": 6503351, 
        "date": "2015-02-28", 
        "operating_revenue": 3894669, 
        "short_term_average": 6726633
    }, 
    {
        "accumulated_operating_revenue_yoy": 20.48300947026444, 
        "accumulated_operating_revenue": 17805543, 
        "long_term_average": 6564237, 
        "date": "2015-03-31", 
        "operating_revenue": 5670274, 
        "short_term_average": 5935181
    }, 
    {
        "accumulated_operating_revenue_yoy": 20.495318197348695, 
        "accumulated_operating_revenue": 24189258, 
        "long_term_average": 6654848, 
        "date": "2015-04-30", 
        "operating_revenue": 6383715, 
        "short_term_average": 5316219
    }, 
    {
        "accumulated_operating_revenue_yoy": 20.885875256096874, 
        "accumulated_operating_revenue": 30601233, 
        "long_term_average": 6752571, 
        "date": "2015-05-31", 
        "operating_revenue": 6411975, 
        "short_term_average": 6155321
    }, 
    {
        "accumulated_operating_revenue_yoy": 18.637673880553862, 
        "accumulated_operating_revenue": 36457617, 
        "long_term_average": 6789264, 
        "date": "2015-06-30", 
        "operating_revenue": 5856384, 
        "short_term_average": 6217358
    }, 
    {
        "accumulated_operating_revenue_yoy": 17.547555384725104, 
        "accumulated_operating_revenue": 42557902, 
        "long_term_average": 6841403, 
        "date": "2015-07-31", 
        "operating_revenue": 6100285, 
        "short_term_average": 6122881
    }, 
    {
        "accumulated_operating_revenue_yoy": 18.304073371553383, 
        "accumulated_operating_revenue": 49833129, 
        "long_term_average": 6954498, 
        "date": "2015-08-31", 
        "operating_revenue": 7275227, 
        "short_term_average": 6410632
    }, 
    {
        "accumulated_operating_revenue_yoy": 18.301300569349678, 
        "accumulated_operating_revenue": 59051987, 
        "long_term_average": 7073263, 
        "date": "2015-09-30", 
        "operating_revenue": 9218858, 
        "short_term_average": 7531456
    }, 
    {
        "accumulated_operating_revenue_yoy": 19.48496540486033, 
        "accumulated_operating_revenue": 70348022, 
        "long_term_average": 7267979, 
        "date": "2015-10-31", 
        "operating_revenue": 11296035, 
        "short_term_average": 9263373
    }
]