[
    {
        "date": "2011-09-30", 
        "operating_revenue": 1316788, 
        "accumulated_operating_revenue": 1316788, 
        "long_term_average": 1316788, 
        "short_term_average": 1316788
    }, 
    {
        "date": "2011-10-31", 
        "operating_revenue": 1363531, 
        "accumulated_operating_revenue": 2680319, 
        "long_term_average": 1340159, 
        "short_term_average": 1340159
    }, 
    {
        "date": "2011-11-30", 
        "operating_revenue": 1679466, 
        "accumulated_operating_revenue": 4359785, 
        "long_term_average": 1453261, 
        "short_term_average": 1453261
    }, 
    {
        "date": "2011-12-31", 
        "operating_revenue": 1952815, 
        "accumulated_operating_revenue": 6312600, 
        "long_term_average": 1578150, 
        "short_term_average": 1665270
    }, 
    {
        "date": "2012-01-31", 
        "operating_revenue": 1817079, 
        "accumulated_operating_revenue": 1817079, 
        "long_term_average": 1625935, 
        "short_term_average": 1816453
    }, 
    {
        "date": "2012-02-29", 
        "operating_revenue": 1516565, 
        "accumulated_operating_revenue": 3333644, 
        "long_term_average": 1607707, 
        "short_term_average": 1762153
    }, 
    {
        "date": "2012-03-31", 
        "operating_revenue": 1655981, 
        "accumulated_operating_revenue": 4989625, 
        "long_term_average": 1614603, 
        "short_term_average": 1663208
    }, 
    {
        "date": "2012-04-30", 
        "operating_revenue": 1660135, 
        "accumulated_operating_revenue": 6649760, 
        "long_term_average": 1620295, 
        "short_term_average": 1610893
    }, 
    {
        "date": "2012-05-31", 
        "operating_revenue": 1620493, 
        "accumulated_operating_revenue": 8270253, 
        "long_term_average": 1620317, 
        "short_term_average": 1645536
    }, 
    {
        "date": "2012-06-30", 
        "operating_revenue": 1685826, 
        "accumulated_operating_revenue": 9956079, 
        "long_term_average": 1626867, 
        "short_term_average": 1655484
    }, 
    {
        "date": "2012-07-31", 
        "operating_revenue": 1714610, 
        "accumulated_operating_revenue": 11670689, 
        "long_term_average": 1634844, 
        "short_term_average": 1673643
    }, 
    {
        "date": "2012-08-31", 
        "operating_revenue": 1654311, 
        "accumulated_operating_revenue": 13325000, 
        "long_term_average": 1636466, 
        "short_term_average": 1684915
    }, 
    {
        "accumulated_operating_revenue_yoy": 1046.6829132707771, 
        "accumulated_operating_revenue": 15099383, 
        "long_term_average": 1674599, 
        "date": "2012-09-30", 
        "operating_revenue": 1774383, 
        "short_term_average": 1714434
    }, 
    {
        "accumulated_operating_revenue_yoy": 528.6793848045698, 
        "accumulated_operating_revenue": 16850613, 
        "long_term_average": 1706907, 
        "date": "2012-10-31", 
        "operating_revenue": 1751230, 
        "short_term_average": 1726641
    }, 
    {
        "accumulated_operating_revenue_yoy": 324.70750277823333, 
        "accumulated_operating_revenue": 18516334, 
        "long_term_average": 1705762, 
        "date": "2012-11-30", 
        "operating_revenue": 1665721, 
        "short_term_average": 1730444
    }, 
    {
        "accumulated_operating_revenue_yoy": 219.55169027025315, 
        "accumulated_operating_revenue": 20172020, 
        "long_term_average": 1681001, 
        "date": "2012-12-31", 
        "operating_revenue": 1655686, 
        "short_term_average": 1690879
    }, 
    {
        "accumulated_operating_revenue_yoy": -4.44752264486024, 
        "accumulated_operating_revenue": 1736264, 
        "long_term_average": 1674267, 
        "date": "2013-01-31", 
        "operating_revenue": 1736264, 
        "short_term_average": 1685890
    }, 
    {
        "accumulated_operating_revenue_yoy": -9.198132734029189, 
        "accumulated_operating_revenue": 3027011, 
        "long_term_average": 1655448, 
        "date": "2013-02-28", 
        "operating_revenue": 1290747, 
        "short_term_average": 1560899
    }, 
    {
        "accumulated_operating_revenue_yoy": -5.980309141468547, 
        "accumulated_operating_revenue": 4691230, 
        "long_term_average": 1656135, 
        "date": "2013-03-31", 
        "operating_revenue": 1664219, 
        "short_term_average": 1563743
    }, 
    {
        "accumulated_operating_revenue_yoy": -4.061515002045186, 
        "accumulated_operating_revenue": 6379679, 
        "long_term_average": 1658494, 
        "date": "2013-04-30", 
        "operating_revenue": 1688449, 
        "short_term_average": 1547805
    }, 
    {
        "accumulated_operating_revenue_yoy": -2.14348944343057, 
        "accumulated_operating_revenue": 8092981, 
        "long_term_average": 1666229, 
        "date": "2013-05-31", 
        "operating_revenue": 1713302, 
        "short_term_average": 1688656
    }, 
    {
        "accumulated_operating_revenue_yoy": -2.895517401981242, 
        "accumulated_operating_revenue": 9667799, 
        "long_term_average": 1656978, 
        "date": "2013-06-30", 
        "operating_revenue": 1574818, 
        "short_term_average": 1658856
    }, 
    {
        "accumulated_operating_revenue_yoy": -4.349486135737145, 
        "accumulated_operating_revenue": 11163074, 
        "long_term_average": 1638700, 
        "date": "2013-07-31", 
        "operating_revenue": 1495275, 
        "short_term_average": 1594465
    }, 
    {
        "accumulated_operating_revenue_yoy": -4.99837148217636, 
        "accumulated_operating_revenue": 12658967, 
        "long_term_average": 1625498, 
        "date": "2013-08-31", 
        "operating_revenue": 1495893, 
        "short_term_average": 1521995
    }, 
    {
        "accumulated_operating_revenue_yoy": -7.55197083218566, 
        "accumulated_operating_revenue": 13959082, 
        "long_term_average": 1585976, 
        "date": "2013-09-30", 
        "operating_revenue": 1300115, 
        "short_term_average": 1430427
    }, 
    {
        "accumulated_operating_revenue_yoy": -9.355078061551826, 
        "accumulated_operating_revenue": 15274225, 
        "long_term_average": 1549636, 
        "date": "2013-10-31", 
        "operating_revenue": 1315143, 
        "short_term_average": 1370383
    }, 
    {
        "accumulated_operating_revenue_yoy": -10.29149722617879, 
        "accumulated_operating_revenue": 16610726, 
        "long_term_average": 1522201, 
        "date": "2013-11-30", 
        "operating_revenue": 1336501, 
        "short_term_average": 1317253
    }, 
    {
        "accumulated_operating_revenue_yoy": -11.498308052440956, 
        "accumulated_operating_revenue": 17852579, 
        "long_term_average": 1487714, 
        "date": "2013-12-31", 
        "operating_revenue": 1241853, 
        "short_term_average": 1297832
    }, 
    {
        "accumulated_operating_revenue_yoy": -27.54408315786079, 
        "accumulated_operating_revenue": 1258026, 
        "long_term_average": 1447861, 
        "date": "2014-01-31", 
        "operating_revenue": 1258026, 
        "short_term_average": 1278793
    }, 
    {
        "accumulated_operating_revenue_yoy": -22.89439978909888, 
        "accumulated_operating_revenue": 2333995, 
        "long_term_average": 1429963, 
        "date": "2014-02-28", 
        "operating_revenue": 1075969, 
        "short_term_average": 1191949
    }, 
    {
        "accumulated_operating_revenue_yoy": -17.190971237820357, 
        "accumulated_operating_revenue": 3884762, 
        "long_term_average": 1420509, 
        "date": "2014-03-31", 
        "operating_revenue": 1550767, 
        "short_term_average": 1294920
    }, 
    {
        "accumulated_operating_revenue_yoy": -17.12514062227896, 
        "accumulated_operating_revenue": 5287150, 
        "long_term_average": 1396670, 
        "date": "2014-04-30", 
        "operating_revenue": 1402388, 
        "short_term_average": 1343041
    }, 
    {
        "accumulated_operating_revenue_yoy": -17.339494557073593, 
        "accumulated_operating_revenue": 6689699, 
        "long_term_average": 1370774, 
        "date": "2014-05-31", 
        "operating_revenue": 1402549, 
        "short_term_average": 1451901
    }, 
    {
        "accumulated_operating_revenue_yoy": -17.244359341769517, 
        "accumulated_operating_revenue": 8000649, 
        "long_term_average": 1348785, 
        "date": "2014-06-30", 
        "operating_revenue": 1310950, 
        "short_term_average": 1371962
    }, 
    {
        "accumulated_operating_revenue_yoy": -16.059375759759366, 
        "accumulated_operating_revenue": 9370354, 
        "long_term_average": 1338321, 
        "date": "2014-07-31", 
        "operating_revenue": 1369705, 
        "short_term_average": 1361068
    }, 
    {
        "accumulated_operating_revenue_yoy": -15.732602826123173, 
        "accumulated_operating_revenue": 10667382, 
        "long_term_average": 1321749, 
        "date": "2014-08-31", 
        "operating_revenue": 1297028, 
        "short_term_average": 1325894
    }, 
    {
        "accumulated_operating_revenue_yoy": -14.263208712435388, 
        "accumulated_operating_revenue": 11968069, 
        "long_term_average": 1321797, 
        "date": "2014-09-30", 
        "operating_revenue": 1300687, 
        "short_term_average": 1322473
    }, 
    {
        "accumulated_operating_revenue_yoy": -13.893988074681365, 
        "accumulated_operating_revenue": 13152026, 
        "long_term_average": 1310865, 
        "date": "2014-10-31", 
        "operating_revenue": 1183957, 
        "short_term_average": 1260557
    }, 
    {
        "accumulated_operating_revenue_yoy": -12.933817582687235, 
        "accumulated_operating_revenue": 14462325, 
        "long_term_average": 1308681, 
        "date": "2014-11-30", 
        "operating_revenue": 1310299, 
        "short_term_average": 1264981
    }, 
    {
        "accumulated_operating_revenue_yoy": -11.394953076527486, 
        "accumulated_operating_revenue": 15818286, 
        "long_term_average": 1318190, 
        "date": "2014-12-31", 
        "operating_revenue": 1355961, 
        "short_term_average": 1283405
    }, 
    {
        "accumulated_operating_revenue_yoy": 4.471847163731115, 
        "accumulated_operating_revenue": 1314283, 
        "long_term_average": 1322878, 
        "date": "2015-01-31", 
        "operating_revenue": 1314283, 
        "short_term_average": 1326847
    }, 
    {
        "accumulated_operating_revenue_yoy": -4.78655695492064, 
        "accumulated_operating_revenue": 2222277, 
        "long_term_average": 1308880, 
        "date": "2015-02-28", 
        "operating_revenue": 907994, 
        "short_term_average": 1192746
    }, 
    {
        "accumulated_operating_revenue_yoy": -13.465767014813263, 
        "accumulated_operating_revenue": 3361649, 
        "long_term_average": 1274597, 
        "date": "2015-03-31", 
        "operating_revenue": 1139372, 
        "short_term_average": 1120549
    }, 
    {
        "accumulated_operating_revenue_yoy": -14.650293636458207, 
        "accumulated_operating_revenue": 4512567, 
        "long_term_average": 1253641, 
        "date": "2015-04-30", 
        "operating_revenue": 1150918, 
        "short_term_average": 1066094
    }, 
    {
        "accumulated_operating_revenue_yoy": -16.460606075101435, 
        "accumulated_operating_revenue": 5588534, 
        "long_term_average": 1226426, 
        "date": "2015-05-31", 
        "operating_revenue": 1075967, 
        "short_term_average": 1122085
    }, 
    {
        "accumulated_operating_revenue_yoy": -17.989078136036213, 
        "accumulated_operating_revenue": 6561406, 
        "long_term_average": 1198253, 
        "date": "2015-06-30", 
        "operating_revenue": 972872, 
        "short_term_average": 1066585
    }, 
    {
        "accumulated_operating_revenue_yoy": -20.27087770643457, 
        "accumulated_operating_revenue": 7470901, 
        "long_term_average": 1159902, 
        "date": "2015-07-31", 
        "operating_revenue": 909495, 
        "short_term_average": 986111
    }, 
    {
        "accumulated_operating_revenue_yoy": -19.905511961604073, 
        "accumulated_operating_revenue": 8543985, 
        "long_term_average": 1141240, 
        "date": "2015-08-31", 
        "operating_revenue": 1073084, 
        "short_term_average": 985150
    }, 
    {
        "accumulated_operating_revenue_yoy": -20.011465508763358, 
        "accumulated_operating_revenue": 9573083, 
        "long_term_average": 1118608, 
        "date": "2015-09-30", 
        "operating_revenue": 1029098, 
        "short_term_average": 1003892
    }
]