[
    {
        "date": "2012-01-31", 
        "operating_revenue": 53054, 
        "accumulated_operating_revenue": 53054, 
        "long_term_average": 53054, 
        "short_term_average": 53054
    }, 
    {
        "date": "2012-02-29", 
        "operating_revenue": 53637, 
        "accumulated_operating_revenue": 106691, 
        "long_term_average": 53345, 
        "short_term_average": 53345
    }, 
    {
        "date": "2012-03-31", 
        "operating_revenue": 60646, 
        "accumulated_operating_revenue": 167337, 
        "long_term_average": 55779, 
        "short_term_average": 55779
    }, 
    {
        "date": "2012-04-30", 
        "operating_revenue": 60248, 
        "accumulated_operating_revenue": 227585, 
        "long_term_average": 56896, 
        "short_term_average": 58177
    }, 
    {
        "date": "2012-05-31", 
        "operating_revenue": 57829, 
        "accumulated_operating_revenue": 285414, 
        "long_term_average": 57082, 
        "short_term_average": 59574
    }, 
    {
        "date": "2012-06-30", 
        "operating_revenue": 50823, 
        "accumulated_operating_revenue": 336237, 
        "long_term_average": 56039, 
        "short_term_average": 56300
    }, 
    {
        "date": "2012-07-31", 
        "operating_revenue": 60254, 
        "accumulated_operating_revenue": 396491, 
        "long_term_average": 56641, 
        "short_term_average": 56302
    }, 
    {
        "date": "2012-08-31", 
        "operating_revenue": 61313, 
        "accumulated_operating_revenue": 457804, 
        "long_term_average": 57225, 
        "short_term_average": 57463
    }, 
    {
        "date": "2012-09-30", 
        "operating_revenue": 54960, 
        "accumulated_operating_revenue": 512764, 
        "long_term_average": 56973, 
        "short_term_average": 58842
    }, 
    {
        "date": "2012-10-31", 
        "operating_revenue": 63248, 
        "accumulated_operating_revenue": 576012, 
        "long_term_average": 57601, 
        "short_term_average": 59840
    }, 
    {
        "date": "2012-11-30", 
        "operating_revenue": 61984, 
        "accumulated_operating_revenue": 637996, 
        "long_term_average": 57999, 
        "short_term_average": 60064
    }, 
    {
        "date": "2012-12-31", 
        "operating_revenue": 57765, 
        "accumulated_operating_revenue": 695761, 
        "long_term_average": 57980, 
        "short_term_average": 60999
    }, 
    {
        "accumulated_operating_revenue_yoy": 11.248916198590116, 
        "accumulated_operating_revenue": 59022, 
        "long_term_average": 58477, 
        "date": "2013-01-31", 
        "operating_revenue": 59022, 
        "short_term_average": 59590
    }, 
    {
        "accumulated_operating_revenue_yoy": -5.918962236739744, 
        "accumulated_operating_revenue": 100376, 
        "long_term_average": 57453, 
        "date": "2013-02-28", 
        "operating_revenue": 41354, 
        "short_term_average": 52713
    }, 
    {
        "accumulated_operating_revenue_yoy": -8.212768246114129, 
        "accumulated_operating_revenue": 153594, 
        "long_term_average": 56834, 
        "date": "2013-03-31", 
        "operating_revenue": 53218, 
        "short_term_average": 51198
    }, 
    {
        "accumulated_operating_revenue_yoy": -9.799415602961531, 
        "accumulated_operating_revenue": 205283, 
        "long_term_average": 56121, 
        "date": "2013-04-30", 
        "operating_revenue": 51689, 
        "short_term_average": 48753
    }, 
    {
        "accumulated_operating_revenue_yoy": -8.423903522602256, 
        "accumulated_operating_revenue": 261371, 
        "long_term_average": 55976, 
        "date": "2013-05-31", 
        "operating_revenue": 56088, 
        "short_term_average": 53665
    }, 
    {
        "accumulated_operating_revenue_yoy": -7.329056588061397, 
        "accumulated_operating_revenue": 311594, 
        "long_term_average": 55926, 
        "date": "2013-06-30", 
        "operating_revenue": 50223, 
        "short_term_average": 52666
    }, 
    {
        "accumulated_operating_revenue_yoy": -7.011508457947343, 
        "accumulated_operating_revenue": 368691, 
        "long_term_average": 55663, 
        "date": "2013-07-31", 
        "operating_revenue": 57097, 
        "short_term_average": 54469
    }, 
    {
        "accumulated_operating_revenue_yoy": -5.383963442870749, 
        "accumulated_operating_revenue": 433156, 
        "long_term_average": 55926, 
        "date": "2013-08-31", 
        "operating_revenue": 64465, 
        "short_term_average": 57261
    }, 
    {
        "accumulated_operating_revenue_yoy": -3.466116966089663, 
        "accumulated_operating_revenue": 494991, 
        "long_term_average": 56499, 
        "date": "2013-09-30", 
        "operating_revenue": 61835, 
        "short_term_average": 61132
    }, 
    {
        "accumulated_operating_revenue_yoy": -2.16679513621244, 
        "accumulated_operating_revenue": 563531, 
        "long_term_average": 56940, 
        "date": "2013-10-31", 
        "operating_revenue": 68540, 
        "short_term_average": 64946
    }, 
    {
        "accumulated_operating_revenue_yoy": 0.23213311682204904, 
        "accumulated_operating_revenue": 639477, 
        "long_term_average": 58103, 
        "date": "2013-11-30", 
        "operating_revenue": 75946, 
        "short_term_average": 68773
    }, 
    {
        "accumulated_operating_revenue_yoy": 3.985995190877327, 
        "accumulated_operating_revenue": 723494, 
        "long_term_average": 60291, 
        "date": "2013-12-31", 
        "operating_revenue": 84017, 
        "short_term_average": 76167
    }, 
    {
        "accumulated_operating_revenue_yoy": 35.21229372098539, 
        "accumulated_operating_revenue": 79805, 
        "long_term_average": 62023, 
        "date": "2014-01-31", 
        "operating_revenue": 79805, 
        "short_term_average": 79922
    }, 
    {
        "accumulated_operating_revenue_yoy": 47.054076671714355, 
        "accumulated_operating_revenue": 147607, 
        "long_term_average": 64227, 
        "date": "2014-02-28", 
        "operating_revenue": 67802, 
        "short_term_average": 77208
    }, 
    {
        "accumulated_operating_revenue_yoy": 49.7844967902392, 
        "accumulated_operating_revenue": 230060, 
        "long_term_average": 66663, 
        "date": "2014-03-31", 
        "operating_revenue": 82453, 
        "short_term_average": 76686
    }, 
    {
        "accumulated_operating_revenue_yoy": 51.46407642133055, 
        "accumulated_operating_revenue": 310930, 
        "long_term_average": 69095, 
        "date": "2014-04-30", 
        "operating_revenue": 80870, 
        "short_term_average": 77041
    }, 
    {
        "accumulated_operating_revenue_yoy": 50.172742959241845, 
        "accumulated_operating_revenue": 392508, 
        "long_term_average": 71219, 
        "date": "2014-05-31", 
        "operating_revenue": 81578, 
        "short_term_average": 81633
    }, 
    {
        "accumulated_operating_revenue_yoy": 50.79719121677567, 
        "accumulated_operating_revenue": 469875, 
        "long_term_average": 73481, 
        "date": "2014-06-30", 
        "operating_revenue": 77367, 
        "short_term_average": 79938
    }, 
    {
        "accumulated_operating_revenue_yoy": 49.24720158615209, 
        "accumulated_operating_revenue": 550261, 
        "long_term_average": 75422, 
        "date": "2014-07-31", 
        "operating_revenue": 80386, 
        "short_term_average": 79777
    }, 
    {
        "accumulated_operating_revenue_yoy": 45.03319820110999, 
        "accumulated_operating_revenue": 628220, 
        "long_term_average": 76546, 
        "date": "2014-08-31", 
        "operating_revenue": 77959, 
        "short_term_average": 78570
    }, 
    {
        "accumulated_operating_revenue_yoy": 43.59412595380522, 
        "accumulated_operating_revenue": 710778, 
        "long_term_average": 78273, 
        "date": "2014-09-30", 
        "operating_revenue": 82558, 
        "short_term_average": 80301
    }, 
    {
        "accumulated_operating_revenue_yoy": 41.87436006182446, 
        "accumulated_operating_revenue": 799506, 
        "long_term_average": 79955, 
        "date": "2014-10-31", 
        "operating_revenue": 88728, 
        "short_term_average": 83081
    }, 
    {
        "accumulated_operating_revenue_yoy": 39.29914602088895, 
        "accumulated_operating_revenue": 890786, 
        "long_term_average": 81233, 
        "date": "2014-11-30", 
        "operating_revenue": 91280, 
        "short_term_average": 87522
    }, 
    {
        "accumulated_operating_revenue_yoy": 37.43514113454984, 
        "accumulated_operating_revenue": 994335, 
        "long_term_average": 82861, 
        "date": "2014-12-31", 
        "operating_revenue": 103549, 
        "short_term_average": 94519
    }, 
    {
        "accumulated_operating_revenue_yoy": 21.796879894743437, 
        "accumulated_operating_revenue": 97200, 
        "long_term_average": 84310, 
        "date": "2015-01-31", 
        "operating_revenue": 97200, 
        "short_term_average": 97343
    }, 
    {
        "accumulated_operating_revenue_yoy": 18.864281504264703, 
        "accumulated_operating_revenue": 175452, 
        "long_term_average": 85181, 
        "date": "2015-02-28", 
        "operating_revenue": 78252, 
        "short_term_average": 93000
    }, 
    {
        "accumulated_operating_revenue_yoy": 26.044944797009478, 
        "accumulated_operating_revenue": 289979, 
        "long_term_average": 87854, 
        "date": "2015-03-31", 
        "operating_revenue": 114527, 
        "short_term_average": 96659
    }, 
    {
        "accumulated_operating_revenue_yoy": 27.451194802688704, 
        "accumulated_operating_revenue": 396284, 
        "long_term_average": 89974, 
        "date": "2015-04-30", 
        "operating_revenue": 106305, 
        "short_term_average": 99694
    }, 
    {
        "accumulated_operating_revenue_yoy": 28.546934075229043, 
        "accumulated_operating_revenue": 504557, 
        "long_term_average": 92198, 
        "date": "2015-05-31", 
        "operating_revenue": 108273, 
        "short_term_average": 109701
    }, 
    {
        "accumulated_operating_revenue_yoy": 31.07932960893855, 
        "accumulated_operating_revenue": 615909, 
        "long_term_average": 95030, 
        "date": "2015-06-30", 
        "operating_revenue": 111352, 
        "short_term_average": 108643
    }, 
    {
        "accumulated_operating_revenue_yoy": 32.75391132571634, 
        "accumulated_operating_revenue": 730493, 
        "long_term_average": 97880, 
        "date": "2015-07-31", 
        "operating_revenue": 114584, 
        "short_term_average": 111403
    }, 
    {
        "accumulated_operating_revenue_yoy": 35.544236095635284, 
        "accumulated_operating_revenue": 851516, 
        "long_term_average": 101469, 
        "date": "2015-08-31", 
        "operating_revenue": 121023, 
        "short_term_average": 115653
    }, 
    {
        "accumulated_operating_revenue_yoy": 36.65068417987051, 
        "accumulated_operating_revenue": 971283, 
        "long_term_average": 104570, 
        "date": "2015-09-30", 
        "operating_revenue": 119767, 
        "short_term_average": 118458
    }
]