[
    {
        "date": "2011-09-30", 
        "operating_revenue": 217012, 
        "accumulated_operating_revenue": 217012, 
        "long_term_average": 217012, 
        "short_term_average": 217012
    }, 
    {
        "date": "2011-10-31", 
        "operating_revenue": 215055, 
        "accumulated_operating_revenue": 432067, 
        "long_term_average": 216033, 
        "short_term_average": 216033
    }, 
    {
        "date": "2011-11-30", 
        "operating_revenue": 318686, 
        "accumulated_operating_revenue": 750753, 
        "long_term_average": 250251, 
        "short_term_average": 250251
    }, 
    {
        "date": "2011-12-31", 
        "operating_revenue": 362371, 
        "accumulated_operating_revenue": 1113124, 
        "long_term_average": 278281, 
        "short_term_average": 298704
    }, 
    {
        "date": "2012-01-31", 
        "operating_revenue": 339827, 
        "accumulated_operating_revenue": 339827, 
        "long_term_average": 290590, 
        "short_term_average": 340294
    }, 
    {
        "date": "2012-02-29", 
        "operating_revenue": 349048, 
        "accumulated_operating_revenue": 688875, 
        "long_term_average": 300333, 
        "short_term_average": 350415
    }, 
    {
        "date": "2012-03-31", 
        "operating_revenue": 366997, 
        "accumulated_operating_revenue": 1055872, 
        "long_term_average": 309856, 
        "short_term_average": 351957
    }, 
    {
        "date": "2012-04-30", 
        "operating_revenue": 376669, 
        "accumulated_operating_revenue": 1432541, 
        "long_term_average": 318208, 
        "short_term_average": 364238
    }, 
    {
        "date": "2012-05-31", 
        "operating_revenue": 445634, 
        "accumulated_operating_revenue": 1878175, 
        "long_term_average": 332366, 
        "short_term_average": 396433
    }, 
    {
        "date": "2012-06-30", 
        "operating_revenue": 543685, 
        "accumulated_operating_revenue": 2421860, 
        "long_term_average": 353498, 
        "short_term_average": 455329
    }, 
    {
        "date": "2012-07-31", 
        "operating_revenue": 549131, 
        "accumulated_operating_revenue": 2970991, 
        "long_term_average": 371283, 
        "short_term_average": 512816
    }, 
    {
        "date": "2012-08-31", 
        "operating_revenue": 472381, 
        "accumulated_operating_revenue": 3443372, 
        "long_term_average": 379708, 
        "short_term_average": 521732
    }, 
    {
        "accumulated_operating_revenue_yoy": 1678.1841557148912, 
        "accumulated_operating_revenue": 3858873, 
        "long_term_average": 396248, 
        "date": "2012-09-30", 
        "operating_revenue": 415501, 
        "short_term_average": 479004
    }, 
    {
        "accumulated_operating_revenue_yoy": 865.0468561588827, 
        "accumulated_operating_revenue": 4169649, 
        "long_term_average": 404225, 
        "date": "2012-10-31", 
        "operating_revenue": 310776, 
        "short_term_average": 399552
    }, 
    {
        "accumulated_operating_revenue_yoy": 502.2614628246574, 
        "accumulated_operating_revenue": 4521496, 
        "long_term_average": 406988, 
        "date": "2012-11-30", 
        "operating_revenue": 351847, 
        "short_term_average": 359374
    }, 
    {
        "accumulated_operating_revenue_yoy": 329.7040581282948, 
        "accumulated_operating_revenue": 4783139, 
        "long_term_average": 398594, 
        "date": "2012-12-31", 
        "operating_revenue": 261643, 
        "short_term_average": 308088
    }, 
    {
        "accumulated_operating_revenue_yoy": -37.642094359777175, 
        "accumulated_operating_revenue": 211909, 
        "long_term_average": 387935, 
        "date": "2013-01-31", 
        "operating_revenue": 211909, 
        "short_term_average": 275133
    }, 
    {
        "accumulated_operating_revenue_yoy": -39.5560878243513, 
        "accumulated_operating_revenue": 416383, 
        "long_term_average": 375887, 
        "date": "2013-02-28", 
        "operating_revenue": 204474, 
        "short_term_average": 226008
    }, 
    {
        "accumulated_operating_revenue_yoy": -41.56166656564432, 
        "accumulated_operating_revenue": 617034, 
        "long_term_average": 362025, 
        "date": "2013-03-31", 
        "operating_revenue": 200651, 
        "short_term_average": 205678
    }, 
    {
        "accumulated_operating_revenue_yoy": -38.54779723582082, 
        "accumulated_operating_revenue": 880328, 
        "long_term_average": 352577, 
        "date": "2013-04-30", 
        "operating_revenue": 263294, 
        "short_term_average": 222806
    }, 
    {
        "accumulated_operating_revenue_yoy": -38.50881840084124, 
        "accumulated_operating_revenue": 1154912, 
        "long_term_average": 338323, 
        "date": "2013-05-31", 
        "operating_revenue": 274584, 
        "short_term_average": 246176
    }, 
    {
        "accumulated_operating_revenue_yoy": -41.041430966282114, 
        "accumulated_operating_revenue": 1427894, 
        "long_term_average": 315764, 
        "date": "2013-06-30", 
        "operating_revenue": 272982, 
        "short_term_average": 270286
    }, 
    {
        "accumulated_operating_revenue_yoy": -41.95977032579365, 
        "accumulated_operating_revenue": 1724370, 
        "long_term_average": 294709, 
        "date": "2013-07-31", 
        "operating_revenue": 296476, 
        "short_term_average": 281347
    }, 
    {
        "accumulated_operating_revenue_yoy": -39.16756597892996, 
        "accumulated_operating_revenue": 2094687, 
        "long_term_average": 286204, 
        "date": "2013-08-31", 
        "operating_revenue": 370317, 
        "short_term_average": 313258
    }, 
    {
        "accumulated_operating_revenue_yoy": -32.64927350550278, 
        "accumulated_operating_revenue": 2598979, 
        "long_term_average": 293603, 
        "date": "2013-09-30", 
        "operating_revenue": 504292, 
        "short_term_average": 390361
    }, 
    {
        "accumulated_operating_revenue_yoy": -25.70887861304393, 
        "accumulated_operating_revenue": 3097679, 
        "long_term_average": 309264, 
        "date": "2013-10-31", 
        "operating_revenue": 498700, 
        "short_term_average": 457769
    }, 
    {
        "accumulated_operating_revenue_yoy": -18.974317349832887, 
        "accumulated_operating_revenue": 3663573, 
        "long_term_average": 327101, 
        "date": "2013-11-30", 
        "operating_revenue": 565894, 
        "short_term_average": 522962
    }, 
    {
        "accumulated_operating_revenue_yoy": -11.95804679730194, 
        "accumulated_operating_revenue": 4211169, 
        "long_term_average": 350930, 
        "date": "2013-12-31", 
        "operating_revenue": 547596, 
        "short_term_average": 537396
    }, 
    {
        "accumulated_operating_revenue_yoy": 159.1787040663681, 
        "accumulated_operating_revenue": 549223, 
        "long_term_average": 379040, 
        "date": "2014-01-31", 
        "operating_revenue": 549223, 
        "short_term_average": 554237
    }, 
    {
        "accumulated_operating_revenue_yoy": 111.25286094773321, 
        "accumulated_operating_revenue": 879621, 
        "long_term_average": 389533, 
        "date": "2014-02-28", 
        "operating_revenue": 330398, 
        "short_term_average": 475739
    }, 
    {
        "accumulated_operating_revenue_yoy": 118.33448399926098, 
        "accumulated_operating_revenue": 1347198, 
        "long_term_average": 411777, 
        "date": "2014-03-31", 
        "operating_revenue": 467577, 
        "short_term_average": 449066
    }, 
    {
        "accumulated_operating_revenue_yoy": 106.09556892431003, 
        "accumulated_operating_revenue": 1814317, 
        "long_term_average": 428763, 
        "date": "2014-04-30", 
        "operating_revenue": 467119, 
        "short_term_average": 421698
    }, 
    {
        "accumulated_operating_revenue_yoy": 100.0262357651492, 
        "accumulated_operating_revenue": 2310127, 
        "long_term_average": 447198, 
        "date": "2014-05-31", 
        "operating_revenue": 495810, 
        "short_term_average": 476835
    }, 
    {
        "accumulated_operating_revenue_yoy": 93.12098797249656, 
        "accumulated_operating_revenue": 2757563, 
        "long_term_average": 461736, 
        "date": "2014-06-30", 
        "operating_revenue": 447436, 
        "short_term_average": 470121
    }, 
    {
        "accumulated_operating_revenue_yoy": 92.44895237101086, 
        "accumulated_operating_revenue": 3318532, 
        "long_term_average": 483777, 
        "date": "2014-07-31", 
        "operating_revenue": 560969, 
        "short_term_average": 501405
    }, 
    {
        "accumulated_operating_revenue_yoy": 88.03224539036142, 
        "accumulated_operating_revenue": 3938687, 
        "long_term_average": 504597, 
        "date": "2014-08-31", 
        "operating_revenue": 620155, 
        "short_term_average": 542853
    }, 
    {
        "accumulated_operating_revenue_yoy": 74.20548607741733, 
        "accumulated_operating_revenue": 4527564, 
        "long_term_average": 511646, 
        "date": "2014-09-30", 
        "operating_revenue": 588877, 
        "short_term_average": 590000
    }, 
    {
        "accumulated_operating_revenue_yoy": 64.9199933240339, 
        "accumulated_operating_revenue": 5108692, 
        "long_term_average": 518515, 
        "date": "2014-10-31", 
        "operating_revenue": 581128, 
        "short_term_average": 596720
    }, 
    {
        "accumulated_operating_revenue_yoy": 55.56668312600841, 
        "accumulated_operating_revenue": 5699299, 
        "long_term_average": 520574, 
        "date": "2014-11-30", 
        "operating_revenue": 590607, 
        "short_term_average": 586870
    }, 
    {
        "accumulated_operating_revenue_yoy": 47.783335221170184, 
        "accumulated_operating_revenue": 6223406, 
        "long_term_average": 518617, 
        "date": "2014-12-31", 
        "operating_revenue": 524107, 
        "short_term_average": 565280
    }, 
    {
        "accumulated_operating_revenue_yoy": -19.233535376340757, 
        "accumulated_operating_revenue": 443588, 
        "long_term_average": 509814, 
        "date": "2015-01-31", 
        "operating_revenue": 443588, 
        "short_term_average": 519434
    }, 
    {
        "accumulated_operating_revenue_yoy": 7.7611835097161155, 
        "accumulated_operating_revenue": 947890, 
        "long_term_average": 524306, 
        "date": "2015-02-28", 
        "operating_revenue": 504302, 
        "short_term_average": 490665
    }, 
    {
        "accumulated_operating_revenue_yoy": 12.652408925785222, 
        "accumulated_operating_revenue": 1517651, 
        "long_term_average": 532821, 
        "date": "2015-03-31", 
        "operating_revenue": 569761, 
        "short_term_average": 505883
    }, 
    {
        "accumulated_operating_revenue_yoy": 12.13222386165152, 
        "accumulated_operating_revenue": 2034434, 
        "long_term_average": 536960, 
        "date": "2015-04-30", 
        "operating_revenue": 516783, 
        "short_term_average": 530282
    }, 
    {
        "accumulated_operating_revenue_yoy": 9.611679357888116, 
        "accumulated_operating_revenue": 2532169, 
        "long_term_average": 537120, 
        "date": "2015-05-31", 
        "operating_revenue": 497735, 
        "short_term_average": 528093
    }, 
    {
        "accumulated_operating_revenue_yoy": 10.172967943071473, 
        "accumulated_operating_revenue": 3038089, 
        "long_term_average": 541994, 
        "date": "2015-06-30", 
        "operating_revenue": 505920, 
        "short_term_average": 506812
    }, 
    {
        "accumulated_operating_revenue_yoy": 5.755014566681894, 
        "accumulated_operating_revenue": 3509514, 
        "long_term_average": 534532, 
        "date": "2015-07-31", 
        "operating_revenue": 471425, 
        "short_term_average": 491693
    }, 
    {
        "accumulated_operating_revenue_yoy": 5.9868174343378895, 
        "accumulated_operating_revenue": 4174489, 
        "long_term_average": 538267, 
        "date": "2015-08-31", 
        "operating_revenue": 664975, 
        "short_term_average": 547440
    }
]