[
    {
        "date": "2012-05-31", 
        "operating_revenue": 45237, 
        "accumulated_operating_revenue": 45237, 
        "long_term_average": 45237, 
        "short_term_average": 45237
    }, 
    {
        "date": "2012-06-30", 
        "operating_revenue": 46262, 
        "accumulated_operating_revenue": 91499, 
        "long_term_average": 45749, 
        "short_term_average": 45749
    }, 
    {
        "date": "2012-07-31", 
        "operating_revenue": 52585, 
        "accumulated_operating_revenue": 144084, 
        "long_term_average": 48028, 
        "short_term_average": 48028
    }, 
    {
        "date": "2012-08-31", 
        "operating_revenue": 51211, 
        "accumulated_operating_revenue": 195295, 
        "long_term_average": 48823, 
        "short_term_average": 50019
    }, 
    {
        "date": "2012-09-30", 
        "operating_revenue": 43184, 
        "accumulated_operating_revenue": 238479, 
        "long_term_average": 47695, 
        "short_term_average": 48993
    }, 
    {
        "date": "2012-10-31", 
        "operating_revenue": 43693, 
        "accumulated_operating_revenue": 282172, 
        "long_term_average": 47028, 
        "short_term_average": 46029
    }, 
    {
        "date": "2012-11-30", 
        "operating_revenue": 66545, 
        "accumulated_operating_revenue": 348717, 
        "long_term_average": 49816, 
        "short_term_average": 51140
    }, 
    {
        "date": "2012-12-31", 
        "operating_revenue": 37187, 
        "accumulated_operating_revenue": 385904, 
        "long_term_average": 48238, 
        "short_term_average": 49141
    }, 
    {
        "date": "2013-01-31", 
        "operating_revenue": 40604, 
        "accumulated_operating_revenue": 40604, 
        "long_term_average": 47389, 
        "short_term_average": 48112
    }, 
    {
        "date": "2013-02-28", 
        "operating_revenue": 40196, 
        "accumulated_operating_revenue": 80800, 
        "long_term_average": 46670, 
        "short_term_average": 39329
    }, 
    {
        "date": "2013-03-31", 
        "operating_revenue": 52972, 
        "accumulated_operating_revenue": 133772, 
        "long_term_average": 47243, 
        "short_term_average": 44590
    }, 
    {
        "date": "2013-04-30", 
        "operating_revenue": 53121, 
        "accumulated_operating_revenue": 186893, 
        "long_term_average": 47733, 
        "short_term_average": 48763
    }, 
    {
        "accumulated_operating_revenue_yoy": 433.7290271238146, 
        "accumulated_operating_revenue": 241443, 
        "long_term_average": 48509, 
        "date": "2013-05-31", 
        "operating_revenue": 54550, 
        "short_term_average": 53547
    }, 
    {
        "accumulated_operating_revenue_yoy": 230.81017278877366, 
        "accumulated_operating_revenue": 302688, 
        "long_term_average": 49757, 
        "date": "2013-06-30", 
        "operating_revenue": 61245, 
        "short_term_average": 56305
    }, 
    {
        "accumulated_operating_revenue_yoy": 147.08086949279587, 
        "accumulated_operating_revenue": 356004, 
        "long_term_average": 49818, 
        "date": "2013-07-31", 
        "operating_revenue": 53316, 
        "short_term_average": 56370
    }, 
    {
        "accumulated_operating_revenue_yoy": 103.81576589262397, 
        "accumulated_operating_revenue": 398042, 
        "long_term_average": 49054, 
        "date": "2013-08-31", 
        "operating_revenue": 42038, 
        "short_term_average": 52199
    }, 
    {
        "accumulated_operating_revenue_yoy": 83.66984095035622, 
        "accumulated_operating_revenue": 438014, 
        "long_term_average": 48786, 
        "date": "2013-09-30", 
        "operating_revenue": 39972, 
        "short_term_average": 45108
    }, 
    {
        "accumulated_operating_revenue_yoy": 69.916575705598, 
        "accumulated_operating_revenue": 479457, 
        "long_term_average": 48599, 
        "date": "2013-10-31", 
        "operating_revenue": 41443, 
        "short_term_average": 41151
    }, 
    {
        "accumulated_operating_revenue_yoy": 49.59465698546386, 
        "accumulated_operating_revenue": 521662, 
        "long_term_average": 46570, 
        "date": "2013-11-30", 
        "operating_revenue": 42205, 
        "short_term_average": 41206
    }, 
    {
        "accumulated_operating_revenue_yoy": 47.96918404577305, 
        "accumulated_operating_revenue": 571019, 
        "long_term_average": 47584, 
        "date": "2013-12-31", 
        "operating_revenue": 49357, 
        "short_term_average": 44335
    }, 
    {
        "accumulated_operating_revenue_yoy": 7.11752536695892, 
        "accumulated_operating_revenue": 43494, 
        "long_term_average": 47825, 
        "date": "2014-01-31", 
        "operating_revenue": 43494, 
        "short_term_average": 45018
    }, 
    {
        "accumulated_operating_revenue_yoy": 5.443069306930693, 
        "accumulated_operating_revenue": 85198, 
        "long_term_average": 47951, 
        "date": "2014-02-28", 
        "operating_revenue": 41704, 
        "short_term_average": 44851
    }, 
    {
        "accumulated_operating_revenue_yoy": -8.151182609215681, 
        "accumulated_operating_revenue": 122868, 
        "long_term_average": 46676, 
        "date": "2014-03-31", 
        "operating_revenue": 37670, 
        "short_term_average": 40956
    }, 
    {
        "accumulated_operating_revenue_yoy": -13.752789029016604, 
        "accumulated_operating_revenue": 161190, 
        "long_term_average": 45443, 
        "date": "2014-04-30", 
        "operating_revenue": 38322, 
        "short_term_average": 39232
    }, 
    {
        "accumulated_operating_revenue_yoy": -13.490140530062996, 
        "accumulated_operating_revenue": 208872, 
        "long_term_average": 44870, 
        "date": "2014-05-31", 
        "operating_revenue": 47682, 
        "short_term_average": 41224
    }, 
    {
        "accumulated_operating_revenue_yoy": -8.932299925996405, 
        "accumulated_operating_revenue": 275651, 
        "long_term_average": 45331, 
        "date": "2014-06-30", 
        "operating_revenue": 66779, 
        "short_term_average": 50927
    }, 
    {
        "accumulated_operating_revenue_yoy": -4.575791283244008, 
        "accumulated_operating_revenue": 339714, 
        "long_term_average": 46227, 
        "date": "2014-07-31", 
        "operating_revenue": 64063, 
        "short_term_average": 59508
    }, 
    {
        "accumulated_operating_revenue_yoy": 2.1236452434667696, 
        "accumulated_operating_revenue": 406495, 
        "long_term_average": 48289, 
        "date": "2014-08-31", 
        "operating_revenue": 66781, 
        "short_term_average": 65874
    }, 
    {
        "accumulated_operating_revenue_yoy": 10.551489221805696, 
        "accumulated_operating_revenue": 484231, 
        "long_term_average": 51436, 
        "date": "2014-09-30", 
        "operating_revenue": 77736, 
        "short_term_average": 69526
    }, 
    {
        "accumulated_operating_revenue_yoy": 12.366072452795558, 
        "accumulated_operating_revenue": 538747, 
        "long_term_average": 52525, 
        "date": "2014-10-31", 
        "operating_revenue": 54516, 
        "short_term_average": 66344
    }, 
    {
        "accumulated_operating_revenue_yoy": 13.129957712081769, 
        "accumulated_operating_revenue": 590156, 
        "long_term_average": 53292, 
        "date": "2014-11-30", 
        "operating_revenue": 51409, 
        "short_term_average": 61220
    }, 
    {
        "accumulated_operating_revenue_yoy": 14.87341051698805, 
        "accumulated_operating_revenue": 655949, 
        "long_term_average": 54662, 
        "date": "2014-12-31", 
        "operating_revenue": 65793, 
        "short_term_average": 57239
    }, 
    {
        "accumulated_operating_revenue_yoy": 52.94523382535522, 
        "accumulated_operating_revenue": 66522, 
        "long_term_average": 56581, 
        "date": "2015-01-31", 
        "operating_revenue": 66522, 
        "short_term_average": 61241
    }, 
    {
        "accumulated_operating_revenue_yoy": 59.476748280476066, 
        "accumulated_operating_revenue": 135871, 
        "long_term_average": 58885, 
        "date": "2015-02-28", 
        "operating_revenue": 69349, 
        "short_term_average": 67221
    }, 
    {
        "accumulated_operating_revenue_yoy": 69.38828661653156, 
        "accumulated_operating_revenue": 208124, 
        "long_term_average": 61767, 
        "date": "2015-03-31", 
        "operating_revenue": 72253, 
        "short_term_average": 69374
    }, 
    {
        "accumulated_operating_revenue_yoy": 76.30125938333644, 
        "accumulated_operating_revenue": 284180, 
        "long_term_average": 64911, 
        "date": "2015-04-30", 
        "operating_revenue": 76056, 
        "short_term_average": 72552
    }, 
    {
        "accumulated_operating_revenue_yoy": 70.10082730093072, 
        "accumulated_operating_revenue": 355293, 
        "long_term_average": 66864, 
        "date": "2015-05-31", 
        "operating_revenue": 71113, 
        "short_term_average": 73140
    }, 
    {
        "accumulated_operating_revenue_yoy": 56.80117249710685, 
        "accumulated_operating_revenue": 432224, 
        "long_term_average": 67710, 
        "date": "2015-06-30", 
        "operating_revenue": 76931, 
        "short_term_average": 74700
    }, 
    {
        "accumulated_operating_revenue_yoy": 51.329647880275765, 
        "accumulated_operating_revenue": 514088, 
        "long_term_average": 69193, 
        "date": "2015-07-31", 
        "operating_revenue": 81864, 
        "short_term_average": 76636
    }, 
    {
        "accumulated_operating_revenue_yoy": 46.256165512490924, 
        "accumulated_operating_revenue": 594524, 
        "long_term_average": 70331, 
        "date": "2015-08-31", 
        "operating_revenue": 80436, 
        "short_term_average": 79743
    }, 
    {
        "accumulated_operating_revenue_yoy": 37.931483114463965, 
        "accumulated_operating_revenue": 667907, 
        "long_term_average": 69968, 
        "date": "2015-09-30", 
        "operating_revenue": 73383, 
        "short_term_average": 78561
    }, 
    {
        "accumulated_operating_revenue_yoy": 37.55343417225525, 
        "accumulated_operating_revenue": 741065, 
        "long_term_average": 71522, 
        "date": "2015-10-31", 
        "operating_revenue": 73158, 
        "short_term_average": 75659
    }
]