[
    {
        "date": "2012-01-31", 
        "operating_revenue": 72161, 
        "accumulated_operating_revenue": 72161, 
        "long_term_average": 72161, 
        "short_term_average": 72161
    }, 
    {
        "date": "2012-02-29", 
        "operating_revenue": 80976, 
        "accumulated_operating_revenue": 153137, 
        "long_term_average": 76568, 
        "short_term_average": 76568
    }, 
    {
        "date": "2012-03-31", 
        "operating_revenue": 105369, 
        "accumulated_operating_revenue": 258506, 
        "long_term_average": 86168, 
        "short_term_average": 86168
    }, 
    {
        "date": "2012-04-30", 
        "operating_revenue": 95490, 
        "accumulated_operating_revenue": 353996, 
        "long_term_average": 88499, 
        "short_term_average": 93945
    }, 
    {
        "date": "2012-05-31", 
        "operating_revenue": 103889, 
        "accumulated_operating_revenue": 457885, 
        "long_term_average": 91577, 
        "short_term_average": 101582
    }, 
    {
        "date": "2012-06-30", 
        "operating_revenue": 104001, 
        "accumulated_operating_revenue": 561886, 
        "long_term_average": 93647, 
        "short_term_average": 101126
    }, 
    {
        "date": "2012-07-31", 
        "operating_revenue": 102352, 
        "accumulated_operating_revenue": 664238, 
        "long_term_average": 94891, 
        "short_term_average": 103414
    }, 
    {
        "date": "2012-08-31", 
        "operating_revenue": 112621, 
        "accumulated_operating_revenue": 776859, 
        "long_term_average": 97107, 
        "short_term_average": 106324
    }, 
    {
        "date": "2012-09-30", 
        "operating_revenue": 108382, 
        "accumulated_operating_revenue": 885241, 
        "long_term_average": 98360, 
        "short_term_average": 107785
    }, 
    {
        "date": "2012-10-31", 
        "operating_revenue": 91852, 
        "accumulated_operating_revenue": 977093, 
        "long_term_average": 97709, 
        "short_term_average": 104285
    }, 
    {
        "date": "2012-11-30", 
        "operating_revenue": 117732, 
        "accumulated_operating_revenue": 1094825, 
        "long_term_average": 99529, 
        "short_term_average": 105988
    }, 
    {
        "date": "2012-12-31", 
        "operating_revenue": 93295, 
        "accumulated_operating_revenue": 1188120, 
        "long_term_average": 99010, 
        "short_term_average": 100959
    }, 
    {
        "accumulated_operating_revenue_yoy": 31.60710078851457, 
        "accumulated_operating_revenue": 94969, 
        "long_term_average": 100910, 
        "date": "2013-01-31", 
        "operating_revenue": 94969, 
        "short_term_average": 101998
    }, 
    {
        "accumulated_operating_revenue_yoy": -7.27191991484749, 
        "accumulated_operating_revenue": 142001, 
        "long_term_average": 98082, 
        "date": "2013-02-28", 
        "operating_revenue": 47032, 
        "short_term_average": 78432
    }, 
    {
        "accumulated_operating_revenue_yoy": -6.216876977710382, 
        "accumulated_operating_revenue": 242435, 
        "long_term_average": 97670, 
        "date": "2013-03-31", 
        "operating_revenue": 100434, 
        "short_term_average": 80811
    }, 
    {
        "accumulated_operating_revenue_yoy": -5.947242341721375, 
        "accumulated_operating_revenue": 332943, 
        "long_term_average": 97255, 
        "date": "2013-04-30", 
        "operating_revenue": 90508, 
        "short_term_average": 79324
    }, 
    {
        "accumulated_operating_revenue_yoy": -9.414154209026284, 
        "accumulated_operating_revenue": 414779, 
        "long_term_average": 95417, 
        "date": "2013-05-31", 
        "operating_revenue": 81836, 
        "short_term_average": 90926
    }, 
    {
        "accumulated_operating_revenue_yoy": -13.416778492434409, 
        "accumulated_operating_revenue": 486499, 
        "long_term_average": 92727, 
        "date": "2013-06-30", 
        "operating_revenue": 71720, 
        "short_term_average": 81354
    }, 
    {
        "accumulated_operating_revenue_yoy": -15.173025331281858, 
        "accumulated_operating_revenue": 563453, 
        "long_term_average": 90611, 
        "date": "2013-07-31", 
        "operating_revenue": 76954, 
        "short_term_average": 76836
    }, 
    {
        "accumulated_operating_revenue_yoy": -14.079131476883191, 
        "accumulated_operating_revenue": 667484, 
        "long_term_average": 89895, 
        "date": "2013-08-31", 
        "operating_revenue": 104031, 
        "short_term_average": 84235
    }, 
    {
        "accumulated_operating_revenue_yoy": -14.034370301420743, 
        "accumulated_operating_revenue": 761003, 
        "long_term_average": 88656, 
        "date": "2013-09-30", 
        "operating_revenue": 93519, 
        "short_term_average": 91501
    }, 
    {
        "accumulated_operating_revenue_yoy": -13.004800975956229, 
        "accumulated_operating_revenue": 850024, 
        "long_term_average": 88420, 
        "date": "2013-10-31", 
        "operating_revenue": 89021, 
        "short_term_average": 95523
    }, 
    {
        "accumulated_operating_revenue_yoy": -13.461329436211267, 
        "accumulated_operating_revenue": 947447, 
        "long_term_average": 86728, 
        "date": "2013-11-30", 
        "operating_revenue": 97423, 
        "short_term_average": 93321
    }, 
    {
        "accumulated_operating_revenue_yoy": -10.992913173753493, 
        "accumulated_operating_revenue": 1057511, 
        "long_term_average": 88125, 
        "date": "2013-12-31", 
        "operating_revenue": 110064, 
        "short_term_average": 98836
    }, 
    {
        "accumulated_operating_revenue_yoy": -16.87919215744085, 
        "accumulated_operating_revenue": 78939, 
        "long_term_average": 86790, 
        "date": "2014-01-31", 
        "operating_revenue": 78939, 
        "short_term_average": 95475
    }, 
    {
        "accumulated_operating_revenue_yoy": 9.271765691790902, 
        "accumulated_operating_revenue": 155167, 
        "long_term_average": 89223, 
        "date": "2014-02-28", 
        "operating_revenue": 76228, 
        "short_term_average": 88410
    }, 
    {
        "accumulated_operating_revenue_yoy": 4.398292325778043, 
        "accumulated_operating_revenue": 253098, 
        "long_term_average": 89014, 
        "date": "2014-03-31", 
        "operating_revenue": 97931, 
        "short_term_average": 84366
    }, 
    {
        "accumulated_operating_revenue_yoy": 6.91139324148578, 
        "accumulated_operating_revenue": 355954, 
        "long_term_average": 90043, 
        "date": "2014-04-30", 
        "operating_revenue": 102856, 
        "short_term_average": 92338
    }, 
    {
        "accumulated_operating_revenue_yoy": 10.605888919159359, 
        "accumulated_operating_revenue": 458770, 
        "long_term_average": 91791, 
        "date": "2014-05-31", 
        "operating_revenue": 102816, 
        "short_term_average": 101201
    }, 
    {
        "accumulated_operating_revenue_yoy": 11.913899103595279, 
        "accumulated_operating_revenue": 544460, 
        "long_term_average": 92956, 
        "date": "2014-06-30", 
        "operating_revenue": 85690, 
        "short_term_average": 97120
    }, 
    {
        "accumulated_operating_revenue_yoy": 14.865126283824914, 
        "accumulated_operating_revenue": 647211, 
        "long_term_average": 95105, 
        "date": "2014-07-31", 
        "operating_revenue": 102751, 
        "short_term_average": 97085
    }, 
    {
        "accumulated_operating_revenue_yoy": 13.275823839972196, 
        "accumulated_operating_revenue": 756098, 
        "long_term_average": 95510, 
        "date": "2014-08-31", 
        "operating_revenue": 108887, 
        "short_term_average": 99109
    }, 
    {
        "accumulated_operating_revenue_yoy": 13.35894865066235, 
        "accumulated_operating_revenue": 862665, 
        "long_term_average": 96597, 
        "date": "2014-09-30", 
        "operating_revenue": 106567, 
        "short_term_average": 106068
    }, 
    {
        "accumulated_operating_revenue_yoy": 13.5562054718455, 
        "accumulated_operating_revenue": 965255, 
        "long_term_average": 97728, 
        "date": "2014-10-31", 
        "operating_revenue": 102590, 
        "short_term_average": 106014
    }, 
    {
        "accumulated_operating_revenue_yoy": 12.692108371233429, 
        "accumulated_operating_revenue": 1067698, 
        "long_term_average": 98146, 
        "date": "2014-11-30", 
        "operating_revenue": 102443, 
        "short_term_average": 103866
    }, 
    {
        "accumulated_operating_revenue_yoy": 11.014069830006497, 
        "accumulated_operating_revenue": 1173986, 
        "long_term_average": 97832, 
        "date": "2014-12-31", 
        "operating_revenue": 106288, 
        "short_term_average": 103773
    }, 
    {
        "accumulated_operating_revenue_yoy": 41.46239501387147, 
        "accumulated_operating_revenue": 111669, 
        "long_term_average": 100559, 
        "date": "2015-01-31", 
        "operating_revenue": 111669, 
        "short_term_average": 106800
    }, 
    {
        "accumulated_operating_revenue_yoy": 9.78687478652033, 
        "accumulated_operating_revenue": 170353, 
        "long_term_average": 99097, 
        "date": "2015-02-28", 
        "operating_revenue": 58684, 
        "short_term_average": 92213
    }, 
    {
        "accumulated_operating_revenue_yoy": 8.985847379276011, 
        "accumulated_operating_revenue": 275841, 
        "long_term_average": 99727, 
        "date": "2015-03-31", 
        "operating_revenue": 105488, 
        "short_term_average": 91947
    }, 
    {
        "accumulated_operating_revenue_yoy": 10.77386403861173, 
        "accumulated_operating_revenue": 394304, 
        "long_term_average": 101028, 
        "date": "2015-04-30", 
        "operating_revenue": 118463, 
        "short_term_average": 94211
    }, 
    {
        "accumulated_operating_revenue_yoy": 13.43461865422761, 
        "accumulated_operating_revenue": 520404, 
        "long_term_average": 102968, 
        "date": "2015-05-31", 
        "operating_revenue": 126100, 
        "short_term_average": 116683
    }, 
    {
        "accumulated_operating_revenue_yoy": 16.745582779267533, 
        "accumulated_operating_revenue": 635633, 
        "long_term_average": 105429, 
        "date": "2015-06-30", 
        "operating_revenue": 115229, 
        "short_term_average": 119930
    }, 
    {
        "accumulated_operating_revenue_yoy": 15.382773160530336, 
        "accumulated_operating_revenue": 746770, 
        "long_term_average": 106128, 
        "date": "2015-07-31", 
        "operating_revenue": 111137, 
        "short_term_average": 117488
    }, 
    {
        "accumulated_operating_revenue_yoy": 15.1248912178051, 
        "accumulated_operating_revenue": 870457, 
        "long_term_average": 107362, 
        "date": "2015-08-31", 
        "operating_revenue": 123687, 
        "short_term_average": 116684
    }, 
    {
        "accumulated_operating_revenue_yoy": 15.085345991781281, 
        "accumulated_operating_revenue": 992801, 
        "long_term_average": 108676, 
        "date": "2015-09-30", 
        "operating_revenue": 122344, 
        "short_term_average": 119056
    }, 
    {
        "accumulated_operating_revenue_yoy": 12.76781783052147, 
        "accumulated_operating_revenue": 1088497, 
        "long_term_average": 108102, 
        "date": "2015-10-31", 
        "operating_revenue": 95696, 
        "short_term_average": 113909
    }
]