[
    {
        "date": "2012-01-31", 
        "operating_revenue": 535529, 
        "accumulated_operating_revenue": 535529, 
        "long_term_average": 535529, 
        "short_term_average": 535529
    }, 
    {
        "date": "2012-02-29", 
        "operating_revenue": 612422, 
        "accumulated_operating_revenue": 1147951, 
        "long_term_average": 573975, 
        "short_term_average": 573975
    }, 
    {
        "date": "2012-03-31", 
        "operating_revenue": 625293, 
        "accumulated_operating_revenue": 1773244, 
        "long_term_average": 591081, 
        "short_term_average": 591081
    }, 
    {
        "date": "2012-04-30", 
        "operating_revenue": 445385, 
        "accumulated_operating_revenue": 2218629, 
        "long_term_average": 554657, 
        "short_term_average": 561033
    }, 
    {
        "date": "2012-05-31", 
        "operating_revenue": 453443, 
        "accumulated_operating_revenue": 2672072, 
        "long_term_average": 534414, 
        "short_term_average": 508040
    }, 
    {
        "date": "2012-06-30", 
        "operating_revenue": 511108, 
        "accumulated_operating_revenue": 3183180, 
        "long_term_average": 530530, 
        "short_term_average": 469978
    }, 
    {
        "date": "2012-07-31", 
        "operating_revenue": 614923, 
        "accumulated_operating_revenue": 3798103, 
        "long_term_average": 542586, 
        "short_term_average": 526491
    }, 
    {
        "date": "2012-08-31", 
        "operating_revenue": 577457, 
        "accumulated_operating_revenue": 4375560, 
        "long_term_average": 546945, 
        "short_term_average": 567829
    }, 
    {
        "date": "2012-09-30", 
        "operating_revenue": 554171, 
        "accumulated_operating_revenue": 4929731, 
        "long_term_average": 547747, 
        "short_term_average": 582183
    }, 
    {
        "date": "2012-10-31", 
        "operating_revenue": 626032, 
        "accumulated_operating_revenue": 5555763, 
        "long_term_average": 555576, 
        "short_term_average": 585886
    }, 
    {
        "date": "2012-11-30", 
        "operating_revenue": 658684, 
        "accumulated_operating_revenue": 6214447, 
        "long_term_average": 564949, 
        "short_term_average": 612962
    }, 
    {
        "date": "2012-12-31", 
        "operating_revenue": 583214, 
        "accumulated_operating_revenue": 6797661, 
        "long_term_average": 566471, 
        "short_term_average": 622643
    }, 
    {
        "accumulated_operating_revenue_yoy": 9.674732834262944, 
        "accumulated_operating_revenue": 587340, 
        "long_term_average": 570789, 
        "date": "2013-01-31", 
        "operating_revenue": 587340, 
        "short_term_average": 609746
    }, 
    {
        "accumulated_operating_revenue_yoy": -4.912927468158483, 
        "accumulated_operating_revenue": 1091553, 
        "long_term_average": 561771, 
        "date": "2013-02-28", 
        "operating_revenue": 504213, 
        "short_term_average": 558255
    }, 
    {
        "accumulated_operating_revenue_yoy": -4.906262195163215, 
        "accumulated_operating_revenue": 1686244, 
        "long_term_average": 559221, 
        "date": "2013-03-31", 
        "operating_revenue": 594691, 
        "short_term_average": 562081
    }, 
    {
        "accumulated_operating_revenue_yoy": 0.5976663966801119, 
        "accumulated_operating_revenue": 2231889, 
        "long_term_average": 567576, 
        "date": "2013-04-30", 
        "operating_revenue": 545645, 
        "short_term_average": 548183
    }, 
    {
        "accumulated_operating_revenue_yoy": 4.547369981048415, 
        "accumulated_operating_revenue": 2793581, 
        "long_term_average": 576597, 
        "date": "2013-05-31", 
        "operating_revenue": 561692, 
        "short_term_average": 567342
    }, 
    {
        "accumulated_operating_revenue_yoy": 9.159111328922648, 
        "accumulated_operating_revenue": 3474731, 
        "long_term_average": 590767, 
        "date": "2013-06-30", 
        "operating_revenue": 681150, 
        "short_term_average": 596162
    }, 
    {
        "accumulated_operating_revenue_yoy": 7.856053403501695, 
        "accumulated_operating_revenue": 4096484, 
        "long_term_average": 591336, 
        "date": "2013-07-31", 
        "operating_revenue": 621753, 
        "short_term_average": 621531
    }, 
    {
        "accumulated_operating_revenue_yoy": 8.30965636398541, 
        "accumulated_operating_revenue": 4739154, 
        "long_term_average": 596771, 
        "date": "2013-08-31", 
        "operating_revenue": 642670, 
        "short_term_average": 648524
    }, 
    {
        "accumulated_operating_revenue_yoy": 9.819197031237607, 
        "accumulated_operating_revenue": 5413791, 
        "long_term_average": 606810, 
        "date": "2013-09-30", 
        "operating_revenue": 674637, 
        "short_term_average": 646353
    }, 
    {
        "accumulated_operating_revenue_yoy": 10.84839292100833, 
        "accumulated_operating_revenue": 6158474, 
        "long_term_average": 616697, 
        "date": "2013-10-31", 
        "operating_revenue": 744683, 
        "short_term_average": 687330
    }, 
    {
        "accumulated_operating_revenue_yoy": 12.509045454889229, 
        "accumulated_operating_revenue": 6991815, 
        "long_term_average": 631252, 
        "date": "2013-11-30", 
        "operating_revenue": 833341, 
        "short_term_average": 750887
    }, 
    {
        "accumulated_operating_revenue_yoy": 12.253729628470735, 
        "accumulated_operating_revenue": 7630628, 
        "long_term_average": 635885, 
        "date": "2013-12-31", 
        "operating_revenue": 638813, 
        "short_term_average": 738945
    }, 
    {
        "accumulated_operating_revenue_yoy": 3.813123574079749, 
        "accumulated_operating_revenue": 609736, 
        "long_term_average": 637752, 
        "date": "2014-01-31", 
        "operating_revenue": 609736, 
        "short_term_average": 693963
    }, 
    {
        "accumulated_operating_revenue_yoy": 7.929436316880628, 
        "accumulated_operating_revenue": 1178107, 
        "long_term_average": 643098, 
        "date": "2014-02-28", 
        "operating_revenue": 568371, 
        "short_term_average": 605640
    }, 
    {
        "accumulated_operating_revenue_yoy": 4.7420183555879225, 
        "accumulated_operating_revenue": 1766206, 
        "long_term_average": 642549, 
        "date": "2014-03-31", 
        "operating_revenue": 588099, 
        "short_term_average": 588735
    }, 
    {
        "accumulated_operating_revenue_yoy": 2.93007403145945, 
        "accumulated_operating_revenue": 2297285, 
        "long_term_average": 641335, 
        "date": "2014-04-30", 
        "operating_revenue": 531079, 
        "short_term_average": 562516
    }, 
    {
        "accumulated_operating_revenue_yoy": 2.2688799787799243, 
        "accumulated_operating_revenue": 2856964, 
        "long_term_average": 641167, 
        "date": "2014-05-31", 
        "operating_revenue": 559679, 
        "short_term_average": 559619
    }, 
    {
        "accumulated_operating_revenue_yoy": -1.0941854203965717, 
        "accumulated_operating_revenue": 3436711, 
        "long_term_average": 632717, 
        "date": "2014-06-30", 
        "operating_revenue": 579747, 
        "short_term_average": 556835
    }, 
    {
        "accumulated_operating_revenue_yoy": -0.6012473135498637, 
        "accumulated_operating_revenue": 4071854, 
        "long_term_average": 633833, 
        "date": "2014-07-31", 
        "operating_revenue": 635143, 
        "short_term_average": 591523
    }, 
    {
        "accumulated_operating_revenue_yoy": -2.8806618227641474, 
        "accumulated_operating_revenue": 4602635, 
        "long_term_average": 624509, 
        "date": "2014-08-31", 
        "operating_revenue": 530781, 
        "short_term_average": 581890
    }, 
    {
        "accumulated_operating_revenue_yoy": -4.341098501955469, 
        "accumulated_operating_revenue": 5178773, 
        "long_term_average": 616300, 
        "date": "2014-09-30", 
        "operating_revenue": 576138, 
        "short_term_average": 580687
    }, 
    {
        "accumulated_operating_revenue_yoy": -3.6240146503825463, 
        "accumulated_operating_revenue": 5935290, 
        "long_term_average": 617287, 
        "date": "2014-10-31", 
        "operating_revenue": 756517, 
        "short_term_average": 621145
    }, 
    {
        "accumulated_operating_revenue_yoy": -5.475874290152128, 
        "accumulated_operating_revenue": 6608952, 
        "long_term_average": 603980, 
        "date": "2014-11-30", 
        "operating_revenue": 673662, 
        "short_term_average": 668772
    }, 
    {
        "accumulated_operating_revenue_yoy": -4.876898729698263, 
        "accumulated_operating_revenue": 7258490, 
        "long_term_average": 604874, 
        "date": "2014-12-31", 
        "operating_revenue": 649538, 
        "short_term_average": 693239
    }, 
    {
        "accumulated_operating_revenue_yoy": -12.826698767991394, 
        "accumulated_operating_revenue": 531527, 
        "long_term_average": 598356, 
        "date": "2015-01-31", 
        "operating_revenue": 531527, 
        "short_term_average": 618242
    }, 
    {
        "accumulated_operating_revenue_yoy": -13.349381677555606, 
        "accumulated_operating_revenue": 1020837, 
        "long_term_average": 591768, 
        "date": "2015-02-28", 
        "operating_revenue": 489310, 
        "short_term_average": 556791
    }, 
    {
        "accumulated_operating_revenue_yoy": -15.868477402975644, 
        "accumulated_operating_revenue": 1485936, 
        "long_term_average": 581518, 
        "date": "2015-03-31", 
        "operating_revenue": 465099, 
        "short_term_average": 495312
    }, 
    {
        "accumulated_operating_revenue_yoy": -17.18045431890253, 
        "accumulated_operating_revenue": 1902601, 
        "long_term_average": 571983, 
        "date": "2015-04-30", 
        "operating_revenue": 416665, 
        "short_term_average": 457024
    }, 
    {
        "accumulated_operating_revenue_yoy": -18.799746864153697, 
        "accumulated_operating_revenue": 2319862, 
        "long_term_average": 560115, 
        "date": "2015-05-31", 
        "operating_revenue": 417261, 
        "short_term_average": 433008
    }, 
    {
        "accumulated_operating_revenue_yoy": -20.353006115440024, 
        "accumulated_operating_revenue": 2737237, 
        "long_term_average": 546584, 
        "date": "2015-06-30", 
        "operating_revenue": 417375, 
        "short_term_average": 417100
    }, 
    {
        "accumulated_operating_revenue_yoy": -21.95189218473943, 
        "accumulated_operating_revenue": 3178005, 
        "long_term_average": 530386, 
        "date": "2015-07-31", 
        "operating_revenue": 440768, 
        "short_term_average": 425134
    }, 
    {
        "accumulated_operating_revenue_yoy": -22.074746313796336, 
        "accumulated_operating_revenue": 3586615, 
        "long_term_average": 520205, 
        "date": "2015-08-31", 
        "operating_revenue": 408610, 
        "short_term_average": 422251
    }
]