[
    {
        "date": "2011-09-30", 
        "operating_revenue": 294078, 
        "accumulated_operating_revenue": 294078, 
        "long_term_average": 294078, 
        "short_term_average": 294078
    }, 
    {
        "date": "2011-10-31", 
        "operating_revenue": 235057, 
        "accumulated_operating_revenue": 529135, 
        "long_term_average": 264567, 
        "short_term_average": 264567
    }, 
    {
        "date": "2011-11-30", 
        "operating_revenue": 275839, 
        "accumulated_operating_revenue": 804974, 
        "long_term_average": 268324, 
        "short_term_average": 268324
    }, 
    {
        "date": "2011-12-31", 
        "operating_revenue": 246141, 
        "accumulated_operating_revenue": 1051115, 
        "long_term_average": 262778, 
        "short_term_average": 252345
    }, 
    {
        "date": "2012-01-31", 
        "operating_revenue": 193400, 
        "accumulated_operating_revenue": 193400, 
        "long_term_average": 248903, 
        "short_term_average": 238460
    }, 
    {
        "date": "2012-02-29", 
        "operating_revenue": 322070, 
        "accumulated_operating_revenue": 515470, 
        "long_term_average": 261097, 
        "short_term_average": 253870
    }, 
    {
        "date": "2012-03-31", 
        "operating_revenue": 333388, 
        "accumulated_operating_revenue": 848858, 
        "long_term_average": 271424, 
        "short_term_average": 282952
    }, 
    {
        "date": "2012-04-30", 
        "operating_revenue": 332191, 
        "accumulated_operating_revenue": 1181049, 
        "long_term_average": 279020, 
        "short_term_average": 329216
    }, 
    {
        "date": "2012-05-31", 
        "operating_revenue": 389880, 
        "accumulated_operating_revenue": 1570929, 
        "long_term_average": 291338, 
        "short_term_average": 351819
    }, 
    {
        "date": "2012-06-30", 
        "operating_revenue": 325704, 
        "accumulated_operating_revenue": 1896633, 
        "long_term_average": 294774, 
        "short_term_average": 349258
    }, 
    {
        "date": "2012-07-31", 
        "operating_revenue": 379677, 
        "accumulated_operating_revenue": 2276310, 
        "long_term_average": 302493, 
        "short_term_average": 365087
    }, 
    {
        "date": "2012-08-31", 
        "operating_revenue": 353401, 
        "accumulated_operating_revenue": 2629711, 
        "long_term_average": 306735, 
        "short_term_average": 352927
    }, 
    {
        "accumulated_operating_revenue_yoy": 895.8477002699963, 
        "accumulated_operating_revenue": 2928569, 
        "long_term_average": 307133, 
        "date": "2012-09-30", 
        "operating_revenue": 298858, 
        "short_term_average": 343978
    }, 
    {
        "accumulated_operating_revenue_yoy": 506.2762811002863, 
        "accumulated_operating_revenue": 3208020, 
        "long_term_average": 310833, 
        "date": "2012-10-31", 
        "operating_revenue": 279451, 
        "short_term_average": 310570
    }, 
    {
        "accumulated_operating_revenue_yoy": 324.58464496989967, 
        "accumulated_operating_revenue": 3417796, 
        "long_term_average": 305328, 
        "date": "2012-11-30", 
        "operating_revenue": 209776, 
        "short_term_average": 262695
    }, 
    {
        "accumulated_operating_revenue_yoy": 245.7103171394186, 
        "accumulated_operating_revenue": 3633813, 
        "long_term_average": 302817, 
        "date": "2012-12-31", 
        "operating_revenue": 216017, 
        "short_term_average": 235081
    }, 
    {
        "accumulated_operating_revenue_yoy": 28.71923474663909, 
        "accumulated_operating_revenue": 248943, 
        "long_term_average": 307446, 
        "date": "2013-01-31", 
        "operating_revenue": 248943, 
        "short_term_average": 224912
    }, 
    {
        "accumulated_operating_revenue_yoy": -25.93206200166838, 
        "accumulated_operating_revenue": 381798, 
        "long_term_average": 291678, 
        "date": "2013-02-28", 
        "operating_revenue": 132855, 
        "short_term_average": 199271
    }, 
    {
        "accumulated_operating_revenue_yoy": -24.2059331478292, 
        "accumulated_operating_revenue": 643384, 
        "long_term_average": 285694, 
        "date": "2013-03-31", 
        "operating_revenue": 261586, 
        "short_term_average": 214461
    }, 
    {
        "accumulated_operating_revenue_yoy": -21.700200415054752, 
        "accumulated_operating_revenue": 924759, 
        "long_term_average": 281460, 
        "date": "2013-04-30", 
        "operating_revenue": 281375, 
        "short_term_average": 225272
    }, 
    {
        "accumulated_operating_revenue_yoy": -21.443489807623386, 
        "accumulated_operating_revenue": 1234067, 
        "long_term_average": 274745, 
        "date": "2013-05-31", 
        "operating_revenue": 309308, 
        "short_term_average": 284089
    }, 
    {
        "accumulated_operating_revenue_yoy": -16.634161696016044, 
        "accumulated_operating_revenue": 1581144, 
        "long_term_average": 276527, 
        "date": "2013-06-30", 
        "operating_revenue": 347077, 
        "short_term_average": 312586
    }, 
    {
        "accumulated_operating_revenue_yoy": -14.98174677438486, 
        "accumulated_operating_revenue": 1935279, 
        "long_term_average": 274398, 
        "date": "2013-07-31", 
        "operating_revenue": 354135, 
        "short_term_average": 336840
    }, 
    {
        "accumulated_operating_revenue_yoy": -13.369301797802116, 
        "accumulated_operating_revenue": 2278137, 
        "long_term_average": 273519, 
        "date": "2013-08-31", 
        "operating_revenue": 342858, 
        "short_term_average": 348023
    }, 
    {
        "accumulated_operating_revenue_yoy": -10.130203522607799, 
        "accumulated_operating_revenue": 2631899, 
        "long_term_average": 278095, 
        "date": "2013-09-30", 
        "operating_revenue": 353762, 
        "short_term_average": 350251
    }, 
    {
        "accumulated_operating_revenue_yoy": -9.043833891309905, 
        "accumulated_operating_revenue": 2917892, 
        "long_term_average": 278640, 
        "date": "2013-10-31", 
        "operating_revenue": 285993, 
        "short_term_average": 327537
    }, 
    {
        "accumulated_operating_revenue_yoy": -6.830015600697058, 
        "accumulated_operating_revenue": 3184360, 
        "long_term_average": 283364, 
        "date": "2013-11-30", 
        "operating_revenue": 266468, 
        "short_term_average": 302074
    }, 
    {
        "accumulated_operating_revenue_yoy": -4.395795821083804, 
        "accumulated_operating_revenue": 3474078, 
        "long_term_average": 289506, 
        "date": "2013-12-31", 
        "operating_revenue": 289718, 
        "short_term_average": 280726
    }, 
    {
        "accumulated_operating_revenue_yoy": 7.455923645171786, 
        "accumulated_operating_revenue": 267504, 
        "long_term_average": 291053, 
        "date": "2014-01-31", 
        "operating_revenue": 267504, 
        "short_term_average": 274563
    }, 
    {
        "accumulated_operating_revenue_yoy": 30.04154029093919, 
        "accumulated_operating_revenue": 496496, 
        "long_term_average": 299064, 
        "date": "2014-02-28", 
        "operating_revenue": 228992, 
        "short_term_average": 262071
    }, 
    {
        "accumulated_operating_revenue_yoy": 20.320057694938015, 
        "accumulated_operating_revenue": 774120, 
        "long_term_average": 300401, 
        "date": "2014-03-31", 
        "operating_revenue": 277624, 
        "short_term_average": 258040
    }, 
    {
        "accumulated_operating_revenue_yoy": 13.107955694402543, 
        "accumulated_operating_revenue": 1045976, 
        "long_term_average": 299607, 
        "date": "2014-04-30", 
        "operating_revenue": 271856, 
        "short_term_average": 259490
    }, 
    {
        "accumulated_operating_revenue_yoy": 9.689101159013248, 
        "accumulated_operating_revenue": 1353637, 
        "long_term_average": 299470, 
        "date": "2014-05-31", 
        "operating_revenue": 307661, 
        "short_term_average": 285713
    }, 
    {
        "accumulated_operating_revenue_yoy": 5.7019474507065775, 
        "accumulated_operating_revenue": 1671300, 
        "long_term_average": 297019, 
        "date": "2014-06-30", 
        "operating_revenue": 317663, 
        "short_term_average": 299060
    }, 
    {
        "accumulated_operating_revenue_yoy": 3.2571531029892844, 
        "accumulated_operating_revenue": 1998314, 
        "long_term_average": 294759, 
        "date": "2014-07-31", 
        "operating_revenue": 327014, 
        "short_term_average": 317446
    }, 
    {
        "accumulated_operating_revenue_yoy": 0.09529716606156698, 
        "accumulated_operating_revenue": 2280308, 
        "long_term_average": 289687, 
        "date": "2014-08-31", 
        "operating_revenue": 281994, 
        "short_term_average": 308890
    }, 
    {
        "accumulated_operating_revenue_yoy": -2.7197092289635734, 
        "accumulated_operating_revenue": 2560319, 
        "long_term_average": 283541, 
        "date": "2014-09-30", 
        "operating_revenue": 280011, 
        "short_term_average": 296339
    }, 
    {
        "accumulated_operating_revenue_yoy": -4.090967040589576, 
        "accumulated_operating_revenue": 2798522, 
        "long_term_average": 279559, 
        "date": "2014-10-31", 
        "operating_revenue": 238203, 
        "short_term_average": 266736
    }, 
    {
        "accumulated_operating_revenue_yoy": -3.792787247673002, 
        "accumulated_operating_revenue": 3063584, 
        "long_term_average": 279441, 
        "date": "2014-11-30", 
        "operating_revenue": 265062, 
        "short_term_average": 261092
    }, 
    {
        "accumulated_operating_revenue_yoy": -5.231056988357775, 
        "accumulated_operating_revenue": 3292347, 
        "long_term_average": 274362, 
        "date": "2014-12-31", 
        "operating_revenue": 228763, 
        "short_term_average": 244009
    }, 
    {
        "accumulated_operating_revenue_yoy": 43.4008463424846, 
        "accumulated_operating_revenue": 383603, 
        "long_term_average": 284037, 
        "date": "2015-01-31", 
        "operating_revenue": 383603, 
        "short_term_average": 292476
    }, 
    {
        "accumulated_operating_revenue_yoy": 17.62028294286359, 
        "accumulated_operating_revenue": 583980, 
        "long_term_average": 281652, 
        "date": "2015-02-28", 
        "operating_revenue": 200377, 
        "short_term_average": 270914
    }, 
    {
        "accumulated_operating_revenue_yoy": 16.304319743708987, 
        "accumulated_operating_revenue": 900335, 
        "long_term_average": 284880, 
        "date": "2015-03-31", 
        "operating_revenue": 316355, 
        "short_term_average": 300111
    }, 
    {
        "accumulated_operating_revenue_yoy": 20.48966706693079, 
        "accumulated_operating_revenue": 1260293, 
        "long_term_average": 292222, 
        "date": "2015-04-30", 
        "operating_revenue": 359958, 
        "short_term_average": 292230
    }, 
    {
        "accumulated_operating_revenue_yoy": 21.632461287627333, 
        "accumulated_operating_revenue": 1646462, 
        "long_term_average": 298764, 
        "date": "2015-05-31", 
        "operating_revenue": 386169, 
        "short_term_average": 354160
    }, 
    {
        "accumulated_operating_revenue_yoy": 14.270986657093282, 
        "accumulated_operating_revenue": 1909811, 
        "long_term_average": 294238, 
        "date": "2015-06-30", 
        "operating_revenue": 263349, 
        "short_term_average": 336492
    }, 
    {
        "accumulated_operating_revenue_yoy": 12.63695295133798, 
        "accumulated_operating_revenue": 2250840, 
        "long_term_average": 295406, 
        "date": "2015-07-31", 
        "operating_revenue": 341029, 
        "short_term_average": 330182
    }, 
    {
        "accumulated_operating_revenue_yoy": 12.14235094557402, 
        "accumulated_operating_revenue": 2557191, 
        "long_term_average": 297435, 
        "date": "2015-08-31", 
        "operating_revenue": 306351, 
        "short_term_average": 303576
    }
]