[
    {
        "date": "2012-01-31", 
        "operating_revenue": 114647, 
        "accumulated_operating_revenue": 114647, 
        "long_term_average": 114647, 
        "short_term_average": 114647
    }, 
    {
        "date": "2012-02-29", 
        "operating_revenue": 133827, 
        "accumulated_operating_revenue": 248474, 
        "long_term_average": 124237, 
        "short_term_average": 124237
    }, 
    {
        "date": "2012-03-31", 
        "operating_revenue": 161267, 
        "accumulated_operating_revenue": 409741, 
        "long_term_average": 136580, 
        "short_term_average": 136580
    }, 
    {
        "date": "2012-04-30", 
        "operating_revenue": 130125, 
        "accumulated_operating_revenue": 539866, 
        "long_term_average": 134966, 
        "short_term_average": 141739
    }, 
    {
        "date": "2012-05-31", 
        "operating_revenue": 121675, 
        "accumulated_operating_revenue": 661541, 
        "long_term_average": 132308, 
        "short_term_average": 137689
    }, 
    {
        "date": "2012-06-30", 
        "operating_revenue": 136202, 
        "accumulated_operating_revenue": 797743, 
        "long_term_average": 132957, 
        "short_term_average": 129334
    }, 
    {
        "date": "2012-07-31", 
        "operating_revenue": 149001, 
        "accumulated_operating_revenue": 946744, 
        "long_term_average": 135249, 
        "short_term_average": 135626
    }, 
    {
        "date": "2012-08-31", 
        "operating_revenue": 172280, 
        "accumulated_operating_revenue": 1119024, 
        "long_term_average": 139878, 
        "short_term_average": 152494
    }, 
    {
        "date": "2012-09-30", 
        "operating_revenue": 177312, 
        "accumulated_operating_revenue": 1296336, 
        "long_term_average": 144037, 
        "short_term_average": 166197
    }, 
    {
        "date": "2012-10-31", 
        "operating_revenue": 185905, 
        "accumulated_operating_revenue": 1482241, 
        "long_term_average": 148224, 
        "short_term_average": 178499
    }, 
    {
        "date": "2012-11-30", 
        "operating_revenue": 163811, 
        "accumulated_operating_revenue": 1646052, 
        "long_term_average": 149641, 
        "short_term_average": 175676
    }, 
    {
        "date": "2012-12-31", 
        "operating_revenue": 157422, 
        "accumulated_operating_revenue": 1803474, 
        "long_term_average": 150289, 
        "short_term_average": 169046
    }, 
    {
        "accumulated_operating_revenue_yoy": 45.46390223904681, 
        "accumulated_operating_revenue": 166770, 
        "long_term_average": 154633, 
        "date": "2013-01-31", 
        "operating_revenue": 166770, 
        "short_term_average": 162667
    }, 
    {
        "accumulated_operating_revenue_yoy": 13.416293052794256, 
        "accumulated_operating_revenue": 281810, 
        "long_term_average": 153067, 
        "date": "2013-02-28", 
        "operating_revenue": 115040, 
        "short_term_average": 146410
    }, 
    {
        "accumulated_operating_revenue_yoy": 4.38252457039935, 
        "accumulated_operating_revenue": 427698, 
        "long_term_average": 151785, 
        "date": "2013-03-31", 
        "operating_revenue": 145888, 
        "short_term_average": 142566
    }, 
    {
        "accumulated_operating_revenue_yoy": 9.727969533180456, 
        "accumulated_operating_revenue": 592384, 
        "long_term_average": 154666, 
        "date": "2013-04-30", 
        "operating_revenue": 164686, 
        "short_term_average": 141871
    }, 
    {
        "accumulated_operating_revenue_yoy": 16.427099756477677, 
        "accumulated_operating_revenue": 770213, 
        "long_term_average": 159345, 
        "date": "2013-05-31", 
        "operating_revenue": 177829, 
        "short_term_average": 162801
    }, 
    {
        "accumulated_operating_revenue_yoy": 13.721837734709046, 
        "accumulated_operating_revenue": 907208, 
        "long_term_average": 159411, 
        "date": "2013-06-30", 
        "operating_revenue": 136995, 
        "short_term_average": 159836
    }, 
    {
        "accumulated_operating_revenue_yoy": 13.830982821121655, 
        "accumulated_operating_revenue": 1077688, 
        "long_term_average": 161201, 
        "date": "2013-07-31", 
        "operating_revenue": 170480, 
        "short_term_average": 161768
    }, 
    {
        "accumulated_operating_revenue_yoy": 10.127218004260856, 
        "accumulated_operating_revenue": 1232350, 
        "long_term_average": 159733, 
        "date": "2013-08-31", 
        "operating_revenue": 154662, 
        "short_term_average": 154045
    }, 
    {
        "accumulated_operating_revenue_yoy": 6.363242245837498, 
        "accumulated_operating_revenue": 1378825, 
        "long_term_average": 157163, 
        "date": "2013-09-30", 
        "operating_revenue": 146475, 
        "short_term_average": 157205
    }, 
    {
        "accumulated_operating_revenue_yoy": 3.296697365678051, 
        "accumulated_operating_revenue": 1531106, 
        "long_term_average": 154361, 
        "date": "2013-10-31", 
        "operating_revenue": 152281, 
        "short_term_average": 151139
    }, 
    {
        "accumulated_operating_revenue_yoy": 0.6381936901142856, 
        "accumulated_operating_revenue": 1656557, 
        "long_term_average": 151164, 
        "date": "2013-11-30", 
        "operating_revenue": 125451, 
        "short_term_average": 141402
    }, 
    {
        "accumulated_operating_revenue_yoy": -2.233467186108588, 
        "accumulated_operating_revenue": 1763194, 
        "long_term_average": 146932, 
        "date": "2013-12-31", 
        "operating_revenue": 106637, 
        "short_term_average": 128123
    }, 
    {
        "accumulated_operating_revenue_yoy": -28.92606583917971, 
        "accumulated_operating_revenue": 118530, 
        "long_term_average": 142912, 
        "date": "2014-01-31", 
        "operating_revenue": 118530, 
        "short_term_average": 116872
    }, 
    {
        "accumulated_operating_revenue_yoy": -17.168304886270892, 
        "accumulated_operating_revenue": 233428, 
        "long_term_average": 142901, 
        "date": "2014-02-28", 
        "operating_revenue": 114898, 
        "short_term_average": 113355
    }, 
    {
        "accumulated_operating_revenue_yoy": -13.769528966700802, 
        "accumulated_operating_revenue": 368806, 
        "long_term_average": 142025, 
        "date": "2014-03-31", 
        "operating_revenue": 135378, 
        "short_term_average": 122935
    }, 
    {
        "accumulated_operating_revenue_yoy": -11.248109334485738, 
        "accumulated_operating_revenue": 525752, 
        "long_term_average": 141380, 
        "date": "2014-04-30", 
        "operating_revenue": 156946, 
        "short_term_average": 135740
    }, 
    {
        "accumulated_operating_revenue_yoy": -12.06951843191429, 
        "accumulated_operating_revenue": 677252, 
        "long_term_average": 139186, 
        "date": "2014-05-31", 
        "operating_revenue": 151500, 
        "short_term_average": 147941
    }, 
    {
        "accumulated_operating_revenue_yoy": -10.00299820989233, 
        "accumulated_operating_revenue": 816460, 
        "long_term_average": 139370, 
        "date": "2014-06-30", 
        "operating_revenue": 139208, 
        "short_term_average": 149218
    }, 
    {
        "accumulated_operating_revenue_yoy": -11.280537595296598, 
        "accumulated_operating_revenue": 956119, 
        "long_term_average": 136802, 
        "date": "2014-07-31", 
        "operating_revenue": 139659, 
        "short_term_average": 143455
    }, 
    {
        "accumulated_operating_revenue_yoy": -12.53994400941291, 
        "accumulated_operating_revenue": 1077814, 
        "long_term_average": 134054, 
        "date": "2014-08-31", 
        "operating_revenue": 121695, 
        "short_term_average": 133520
    }, 
    {
        "accumulated_operating_revenue_yoy": -12.551846681050897, 
        "accumulated_operating_revenue": 1205757, 
        "long_term_average": 132510, 
        "date": "2014-09-30", 
        "operating_revenue": 127943, 
        "short_term_average": 129765
    }, 
    {
        "accumulated_operating_revenue_yoy": -14.553531891325616, 
        "accumulated_operating_revenue": 1308276, 
        "long_term_average": 128363, 
        "date": "2014-10-31", 
        "operating_revenue": 102519, 
        "short_term_average": 117385
    }, 
    {
        "accumulated_operating_revenue_yoy": -15.651800692641423, 
        "accumulated_operating_revenue": 1397276, 
        "long_term_average": 125326, 
        "date": "2014-11-30", 
        "operating_revenue": 89000, 
        "short_term_average": 106487
    }, 
    {
        "accumulated_operating_revenue_yoy": -14.993869080770466, 
        "accumulated_operating_revenue": 1498823, 
        "long_term_average": 124901, 
        "date": "2014-12-31", 
        "operating_revenue": 101547, 
        "short_term_average": 97688
    }, 
    {
        "accumulated_operating_revenue_yoy": -20.84535560617565, 
        "accumulated_operating_revenue": 93822, 
        "long_term_average": 122842, 
        "date": "2015-01-31", 
        "operating_revenue": 93822, 
        "short_term_average": 94789
    }, 
    {
        "accumulated_operating_revenue_yoy": -30.5871617800778, 
        "accumulated_operating_revenue": 162029, 
        "long_term_average": 118952, 
        "date": "2015-02-28", 
        "operating_revenue": 68207, 
        "short_term_average": 87858
    }, 
    {
        "accumulated_operating_revenue_yoy": -26.370503733670276, 
        "accumulated_operating_revenue": 271550, 
        "long_term_average": 116797, 
        "date": "2015-03-31", 
        "operating_revenue": 109521, 
        "short_term_average": 90516
    }, 
    {
        "accumulated_operating_revenue_yoy": -28.19199926961761, 
        "accumulated_operating_revenue": 377532, 
        "long_term_average": 112550, 
        "date": "2015-04-30", 
        "operating_revenue": 105982, 
        "short_term_average": 94570
    }, 
    {
        "accumulated_operating_revenue_yoy": -27.030854098622083, 
        "accumulated_operating_revenue": 494185, 
        "long_term_average": 109646, 
        "date": "2015-05-31", 
        "operating_revenue": 116653, 
        "short_term_average": 110718
    }, 
    {
        "accumulated_operating_revenue_yoy": -23.135609827793154, 
        "accumulated_operating_revenue": 627567, 
        "long_term_average": 109160, 
        "date": "2015-06-30", 
        "operating_revenue": 133382, 
        "short_term_average": 118672
    }, 
    {
        "accumulated_operating_revenue_yoy": -19.64326616247559, 
        "accumulated_operating_revenue": 768306, 
        "long_term_average": 109250, 
        "date": "2015-07-31", 
        "operating_revenue": 140739, 
        "short_term_average": 130258
    }, 
    {
        "accumulated_operating_revenue_yoy": -15.842158294473816, 
        "accumulated_operating_revenue": 907065, 
        "long_term_average": 110672, 
        "date": "2015-08-31", 
        "operating_revenue": 138759, 
        "short_term_average": 137626
    }
]