[
    {
        "date": "2011-12-31", 
        "operating_revenue": 151624, 
        "accumulated_operating_revenue": 151624, 
        "long_term_average": 151624, 
        "short_term_average": 151624
    }, 
    {
        "date": "2012-01-31", 
        "operating_revenue": 131414, 
        "accumulated_operating_revenue": 131414, 
        "long_term_average": 141519, 
        "short_term_average": 141519
    }, 
    {
        "date": "2012-02-29", 
        "operating_revenue": 149457, 
        "accumulated_operating_revenue": 280871, 
        "long_term_average": 144165, 
        "short_term_average": 144165
    }, 
    {
        "date": "2012-03-31", 
        "operating_revenue": 117538, 
        "accumulated_operating_revenue": 398409, 
        "long_term_average": 137508, 
        "short_term_average": 132803
    }, 
    {
        "date": "2012-04-30", 
        "operating_revenue": 91063, 
        "accumulated_operating_revenue": 489472, 
        "long_term_average": 128219, 
        "short_term_average": 119352
    }, 
    {
        "date": "2012-05-31", 
        "operating_revenue": 141936, 
        "accumulated_operating_revenue": 631408, 
        "long_term_average": 130505, 
        "short_term_average": 116845
    }, 
    {
        "date": "2012-06-30", 
        "operating_revenue": 136368, 
        "accumulated_operating_revenue": 767776, 
        "long_term_average": 131342, 
        "short_term_average": 123122
    }, 
    {
        "date": "2012-07-31", 
        "operating_revenue": 126477, 
        "accumulated_operating_revenue": 894253, 
        "long_term_average": 130734, 
        "short_term_average": 134927
    }, 
    {
        "date": "2012-08-31", 
        "operating_revenue": 142661, 
        "accumulated_operating_revenue": 1036914, 
        "long_term_average": 132059, 
        "short_term_average": 135168
    }, 
    {
        "date": "2012-09-30", 
        "operating_revenue": 140568, 
        "accumulated_operating_revenue": 1177482, 
        "long_term_average": 132910, 
        "short_term_average": 136568
    }, 
    {
        "date": "2012-10-31", 
        "operating_revenue": 119564, 
        "accumulated_operating_revenue": 1297046, 
        "long_term_average": 131697, 
        "short_term_average": 134264
    }, 
    {
        "date": "2012-11-30", 
        "operating_revenue": 122807, 
        "accumulated_operating_revenue": 1419853, 
        "long_term_average": 130956, 
        "short_term_average": 127646
    }, 
    {
        "accumulated_operating_revenue_yoy": 915.7000211048382, 
        "accumulated_operating_revenue": 1540045, 
        "long_term_average": 128337, 
        "date": "2012-12-31", 
        "operating_revenue": 120192, 
        "short_term_average": 120854
    }, 
    {
        "accumulated_operating_revenue_yoy": -6.325049081528604, 
        "accumulated_operating_revenue": 123102, 
        "long_term_average": 127644, 
        "date": "2013-01-31", 
        "operating_revenue": 123102, 
        "short_term_average": 122033
    }, 
    {
        "accumulated_operating_revenue_yoy": -17.84591502860744, 
        "accumulated_operating_revenue": 230747, 
        "long_term_average": 124160, 
        "date": "2013-02-28", 
        "operating_revenue": 107645, 
        "short_term_average": 116979
    }, 
    {
        "accumulated_operating_revenue_yoy": -11.839842975434792, 
        "accumulated_operating_revenue": 351238, 
        "long_term_average": 124406, 
        "date": "2013-03-31", 
        "operating_revenue": 120491, 
        "short_term_average": 117079
    }, 
    {
        "accumulated_operating_revenue_yoy": -2.693106040794979, 
        "accumulated_operating_revenue": 476290, 
        "long_term_average": 127238, 
        "date": "2013-04-30", 
        "operating_revenue": 125052, 
        "short_term_average": 117729
    }, 
    {
        "accumulated_operating_revenue_yoy": -1.0313458176012975, 
        "accumulated_operating_revenue": 624896, 
        "long_term_average": 127794, 
        "date": "2013-05-31", 
        "operating_revenue": 148606, 
        "short_term_average": 131383
    }, 
    {
        "accumulated_operating_revenue_yoy": 1.1819853707331305, 
        "accumulated_operating_revenue": 776851, 
        "long_term_average": 129093, 
        "date": "2013-06-30", 
        "operating_revenue": 151955, 
        "short_term_average": 141871
    }, 
    {
        "accumulated_operating_revenue_yoy": 3.9763914686335973, 
        "accumulated_operating_revenue": 929812, 
        "long_term_average": 131300, 
        "date": "2013-07-31", 
        "operating_revenue": 152961, 
        "short_term_average": 151174
    }, 
    {
        "accumulated_operating_revenue_yoy": 4.4411590546564135, 
        "accumulated_operating_revenue": 1082965, 
        "long_term_average": 132174, 
        "date": "2013-08-31", 
        "operating_revenue": 153153, 
        "short_term_average": 152689
    }, 
    {
        "accumulated_operating_revenue_yoy": 5.001944828031341, 
        "accumulated_operating_revenue": 1236379, 
        "long_term_average": 133245, 
        "date": "2013-09-30", 
        "operating_revenue": 153414, 
        "short_term_average": 153176
    }, 
    {
        "accumulated_operating_revenue_yoy": 7.166977886674799, 
        "accumulated_operating_revenue": 1390005, 
        "long_term_average": 136083, 
        "date": "2013-10-31", 
        "operating_revenue": 153626, 
        "short_term_average": 153397
    }, 
    {
        "accumulated_operating_revenue_yoy": 8.886765038352562, 
        "accumulated_operating_revenue": 1546032, 
        "long_term_average": 138852, 
        "date": "2013-11-30", 
        "operating_revenue": 156027, 
        "short_term_average": 154355
    }, 
    {
        "accumulated_operating_revenue_yoy": 10.606183585544578, 
        "accumulated_operating_revenue": 1703385, 
        "long_term_average": 141948, 
        "date": "2013-12-31", 
        "operating_revenue": 157353, 
        "short_term_average": 155668
    }, 
    {
        "accumulated_operating_revenue_yoy": 21.634904388230897, 
        "accumulated_operating_revenue": 149735, 
        "long_term_average": 144168, 
        "date": "2014-01-31", 
        "operating_revenue": 149735, 
        "short_term_average": 154371
    }, 
    {
        "accumulated_operating_revenue_yoy": 9.11041096959007, 
        "accumulated_operating_revenue": 251769, 
        "long_term_average": 143700, 
        "date": "2014-02-28", 
        "operating_revenue": 102034, 
        "short_term_average": 136374
    }, 
    {
        "accumulated_operating_revenue_yoy": 11.748159367722172, 
        "accumulated_operating_revenue": 392502, 
        "long_term_average": 145387, 
        "date": "2014-03-31", 
        "operating_revenue": 140733, 
        "short_term_average": 130834
    }, 
    {
        "accumulated_operating_revenue_yoy": 9.089420311154969, 
        "accumulated_operating_revenue": 519582, 
        "long_term_average": 145556, 
        "date": "2014-04-30", 
        "operating_revenue": 127080, 
        "short_term_average": 123282
    }, 
    {
        "accumulated_operating_revenue_yoy": 7.744968762802131, 
        "accumulated_operating_revenue": 673294, 
        "long_term_average": 145981, 
        "date": "2014-05-31", 
        "operating_revenue": 153712, 
        "short_term_average": 140508
    }, 
    {
        "accumulated_operating_revenue_yoy": 6.692016873248538, 
        "accumulated_operating_revenue": 828838, 
        "long_term_average": 146281, 
        "date": "2014-06-30", 
        "operating_revenue": 155544, 
        "short_term_average": 145445
    }, 
    {
        "accumulated_operating_revenue_yoy": 5.885383281781693, 
        "accumulated_operating_revenue": 984535, 
        "long_term_average": 146509, 
        "date": "2014-07-31", 
        "operating_revenue": 155697, 
        "short_term_average": 154984
    }, 
    {
        "accumulated_operating_revenue_yoy": 5.335814176820119, 
        "accumulated_operating_revenue": 1140750, 
        "long_term_average": 146764, 
        "date": "2014-08-31", 
        "operating_revenue": 156215, 
        "short_term_average": 155818
    }, 
    {
        "accumulated_operating_revenue_yoy": 4.398489459947152, 
        "accumulated_operating_revenue": 1290761, 
        "long_term_average": 146480, 
        "date": "2014-09-30", 
        "operating_revenue": 150011, 
        "short_term_average": 153974
    }, 
    {
        "accumulated_operating_revenue_yoy": 3.7471088233495564, 
        "accumulated_operating_revenue": 1442090, 
        "long_term_average": 146289, 
        "date": "2014-10-31", 
        "operating_revenue": 151329, 
        "short_term_average": 152518
    }, 
    {
        "accumulated_operating_revenue_yoy": 3.841770416136277, 
        "accumulated_operating_revenue": 1605427, 
        "long_term_average": 146898, 
        "date": "2014-11-30", 
        "operating_revenue": 163337, 
        "short_term_average": 154892
    }, 
    {
        "accumulated_operating_revenue_yoy": 4.493992843661298, 
        "accumulated_operating_revenue": 1779935, 
        "long_term_average": 148327, 
        "date": "2014-12-31", 
        "operating_revenue": 174508, 
        "short_term_average": 163058
    }, 
    {
        "accumulated_operating_revenue_yoy": 13.39232644338331, 
        "accumulated_operating_revenue": 169788, 
        "long_term_average": 149999, 
        "date": "2015-01-31", 
        "operating_revenue": 169788, 
        "short_term_average": 169211
    }, 
    {
        "accumulated_operating_revenue_yoy": 16.367781577557206, 
        "accumulated_operating_revenue": 292978, 
        "long_term_average": 151762, 
        "date": "2015-02-28", 
        "operating_revenue": 123190, 
        "short_term_average": 155828
    }, 
    {
        "accumulated_operating_revenue_yoy": 15.69265889091011, 
        "accumulated_operating_revenue": 454096, 
        "long_term_average": 153460, 
        "date": "2015-03-31", 
        "operating_revenue": 161118, 
        "short_term_average": 151365
    }, 
    {
        "accumulated_operating_revenue_yoy": 11.562371290768349, 
        "accumulated_operating_revenue": 579658, 
        "long_term_average": 153334, 
        "date": "2015-04-30", 
        "operating_revenue": 125562, 
        "short_term_average": 136623
    }, 
    {
        "accumulated_operating_revenue_yoy": 4.783051683217138, 
        "accumulated_operating_revenue": 705498, 
        "long_term_average": 151011, 
        "date": "2015-05-31", 
        "operating_revenue": 125840, 
        "short_term_average": 137506
    }, 
    {
        "accumulated_operating_revenue_yoy": -1.0670360191014407, 
        "accumulated_operating_revenue": 819994, 
        "long_term_average": 147590, 
        "date": "2015-06-30", 
        "operating_revenue": 114496, 
        "short_term_average": 121966
    }, 
    {
        "accumulated_operating_revenue_yoy": -3.9741603904381257, 
        "accumulated_operating_revenue": 945408, 
        "long_term_average": 145067, 
        "date": "2015-07-31", 
        "operating_revenue": 125414, 
        "short_term_average": 121916
    }, 
    {
        "accumulated_operating_revenue_yoy": -3.8589524435678286, 
        "accumulated_operating_revenue": 1096729, 
        "long_term_average": 144659, 
        "date": "2015-08-31", 
        "operating_revenue": 151321, 
        "short_term_average": 130410
    }, 
    {
        "accumulated_operating_revenue_yoy": -3.1690607323896525, 
        "accumulated_operating_revenue": 1249856, 
        "long_term_average": 144919, 
        "date": "2015-09-30", 
        "operating_revenue": 153127, 
        "short_term_average": 143287
    }
]