[
    {
        "date": "2011-09-30", 
        "operating_revenue": 76852, 
        "accumulated_operating_revenue": 76852, 
        "long_term_average": 76852, 
        "short_term_average": 76852
    }, 
    {
        "date": "2011-10-31", 
        "operating_revenue": 42405, 
        "accumulated_operating_revenue": 119257, 
        "long_term_average": 59628, 
        "short_term_average": 59628
    }, 
    {
        "date": "2011-11-30", 
        "operating_revenue": 52982, 
        "accumulated_operating_revenue": 172239, 
        "long_term_average": 57413, 
        "short_term_average": 57413
    }, 
    {
        "date": "2011-12-31", 
        "operating_revenue": 60428, 
        "accumulated_operating_revenue": 232667, 
        "long_term_average": 58166, 
        "short_term_average": 51938
    }, 
    {
        "date": "2012-01-31", 
        "operating_revenue": 61001, 
        "accumulated_operating_revenue": 61001, 
        "long_term_average": 58733, 
        "short_term_average": 58137
    }, 
    {
        "date": "2012-02-29", 
        "operating_revenue": 58045, 
        "accumulated_operating_revenue": 119046, 
        "long_term_average": 58618, 
        "short_term_average": 59824
    }, 
    {
        "date": "2012-03-31", 
        "operating_revenue": 90526, 
        "accumulated_operating_revenue": 209572, 
        "long_term_average": 63177, 
        "short_term_average": 69857
    }, 
    {
        "date": "2012-04-30", 
        "operating_revenue": 56284, 
        "accumulated_operating_revenue": 265856, 
        "long_term_average": 62315, 
        "short_term_average": 68285
    }, 
    {
        "date": "2012-05-31", 
        "operating_revenue": 67547, 
        "accumulated_operating_revenue": 333403, 
        "long_term_average": 62896, 
        "short_term_average": 71452
    }, 
    {
        "date": "2012-06-30", 
        "operating_revenue": 88314, 
        "accumulated_operating_revenue": 421717, 
        "long_term_average": 65438, 
        "short_term_average": 70715
    }, 
    {
        "date": "2012-07-31", 
        "operating_revenue": 65164, 
        "accumulated_operating_revenue": 486881, 
        "long_term_average": 65413, 
        "short_term_average": 73675
    }, 
    {
        "date": "2012-08-31", 
        "operating_revenue": 76025, 
        "accumulated_operating_revenue": 562906, 
        "long_term_average": 66297, 
        "short_term_average": 76501
    }, 
    {
        "accumulated_operating_revenue_yoy": 752.454067558424, 
        "accumulated_operating_revenue": 655128, 
        "long_term_average": 67578, 
        "date": "2012-09-30", 
        "operating_revenue": 92222, 
        "short_term_average": 77803
    }, 
    {
        "accumulated_operating_revenue_yoy": 482.5796389310481, 
        "accumulated_operating_revenue": 694767, 
        "long_term_average": 67348, 
        "date": "2012-10-31", 
        "operating_revenue": 39639, 
        "short_term_average": 69295
    }, 
    {
        "accumulated_operating_revenue_yoy": 345.7405117307927, 
        "accumulated_operating_revenue": 767739, 
        "long_term_average": 69013, 
        "date": "2012-11-30", 
        "operating_revenue": 72972, 
        "short_term_average": 68277
    }, 
    {
        "accumulated_operating_revenue_yoy": 250.20737792639264, 
        "accumulated_operating_revenue": 814817, 
        "long_term_average": 67901, 
        "date": "2012-12-31", 
        "operating_revenue": 47078, 
        "short_term_average": 53229
    }, 
    {
        "accumulated_operating_revenue_yoy": 3.119620989819839, 
        "accumulated_operating_revenue": 62904, 
        "long_term_average": 68060, 
        "date": "2013-01-31", 
        "operating_revenue": 62904, 
        "short_term_average": 60984
    }, 
    {
        "accumulated_operating_revenue_yoy": 8.566436503536448, 
        "accumulated_operating_revenue": 129244, 
        "long_term_average": 68751, 
        "date": "2013-02-28", 
        "operating_revenue": 66340, 
        "short_term_average": 58774
    }, 
    {
        "accumulated_operating_revenue_yoy": -4.985398812818506, 
        "accumulated_operating_revenue": 199124, 
        "long_term_average": 67030, 
        "date": "2013-03-31", 
        "operating_revenue": 69880, 
        "short_term_average": 66374
    }, 
    {
        "accumulated_operating_revenue_yoy": -9.356945113143958, 
        "accumulated_operating_revenue": 240980, 
        "long_term_average": 65828, 
        "date": "2013-04-30", 
        "operating_revenue": 41856, 
        "short_term_average": 59358
    }, 
    {
        "accumulated_operating_revenue_yoy": -0.21925417587724166, 
        "accumulated_operating_revenue": 332672, 
        "long_term_average": 67840, 
        "date": "2013-05-31", 
        "operating_revenue": 91692, 
        "short_term_average": 67809
    }, 
    {
        "accumulated_operating_revenue_yoy": 0.7220481981992664, 
        "accumulated_operating_revenue": 424762, 
        "long_term_average": 68155, 
        "date": "2013-06-30", 
        "operating_revenue": 92090, 
        "short_term_average": 75212
    }, 
    {
        "accumulated_operating_revenue_yoy": 7.210591499770991, 
        "accumulated_operating_revenue": 521988, 
        "long_term_average": 70827, 
        "date": "2013-07-31", 
        "operating_revenue": 97226, 
        "short_term_average": 93669
    }, 
    {
        "accumulated_operating_revenue_yoy": 10.222310652222573, 
        "accumulated_operating_revenue": 620448, 
        "long_term_average": 72696, 
        "date": "2013-08-31", 
        "operating_revenue": 98460, 
        "short_term_average": 95925
    }, 
    {
        "accumulated_operating_revenue_yoy": 11.790367683872464, 
        "accumulated_operating_revenue": 732370, 
        "long_term_average": 74338, 
        "date": "2013-09-30", 
        "operating_revenue": 111922, 
        "short_term_average": 102536
    }, 
    {
        "accumulated_operating_revenue_yoy": 14.416487829732846, 
        "accumulated_operating_revenue": 794928, 
        "long_term_average": 76248, 
        "date": "2013-10-31", 
        "operating_revenue": 62558, 
        "short_term_average": 90980
    }, 
    {
        "accumulated_operating_revenue_yoy": 16.042170581408527, 
        "accumulated_operating_revenue": 890901, 
        "long_term_average": 78164, 
        "date": "2013-11-30", 
        "operating_revenue": 95973, 
        "short_term_average": 90151
    }, 
    {
        "accumulated_operating_revenue_yoy": 21.453528829172686, 
        "accumulated_operating_revenue": 989624, 
        "long_term_average": 82468, 
        "date": "2013-12-31", 
        "operating_revenue": 98723, 
        "short_term_average": 85751
    }, 
    {
        "accumulated_operating_revenue_yoy": 42.06568739666794, 
        "accumulated_operating_revenue": 89365, 
        "long_term_average": 84673, 
        "date": "2014-01-31", 
        "operating_revenue": 89365, 
        "short_term_average": 94687
    }, 
    {
        "accumulated_operating_revenue_yoy": 10.886385441490514, 
        "accumulated_operating_revenue": 143314, 
        "long_term_average": 83641, 
        "date": "2014-02-28", 
        "operating_revenue": 53949, 
        "short_term_average": 80679
    }, 
    {
        "accumulated_operating_revenue_yoy": 30.160101243446295, 
        "accumulated_operating_revenue": 259180, 
        "long_term_average": 87473, 
        "date": "2014-03-31", 
        "operating_revenue": 115866, 
        "short_term_average": 86393
    }, 
    {
        "accumulated_operating_revenue_yoy": 45.33820234044319, 
        "accumulated_operating_revenue": 350236, 
        "long_term_average": 91573, 
        "date": "2014-04-30", 
        "operating_revenue": 91056, 
        "short_term_average": 86957
    }, 
    {
        "accumulated_operating_revenue_yoy": 35.37899191996922, 
        "accumulated_operating_revenue": 450368, 
        "long_term_average": 92276, 
        "date": "2014-05-31", 
        "operating_revenue": 100132, 
        "short_term_average": 102351
    }, 
    {
        "accumulated_operating_revenue_yoy": 22.92413163136062, 
        "accumulated_operating_revenue": 522135, 
        "long_term_average": 90583, 
        "date": "2014-06-30", 
        "operating_revenue": 71767, 
        "short_term_average": 87651
    }, 
    {
        "accumulated_operating_revenue_yoy": 15.2189322359901, 
        "accumulated_operating_revenue": 601429, 
        "long_term_average": 89088, 
        "date": "2014-07-31", 
        "operating_revenue": 79294, 
        "short_term_average": 83731
    }, 
    {
        "accumulated_operating_revenue_yoy": 13.960074011037186, 
        "accumulated_operating_revenue": 707063, 
        "long_term_average": 89686, 
        "date": "2014-08-31", 
        "operating_revenue": 105634, 
        "short_term_average": 85565
    }, 
    {
        "accumulated_operating_revenue_yoy": 9.475128691781478, 
        "accumulated_operating_revenue": 801763, 
        "long_term_average": 88251, 
        "date": "2014-09-30", 
        "operating_revenue": 94700, 
        "short_term_average": 93209
    }, 
    {
        "accumulated_operating_revenue_yoy": 13.639348469295332, 
        "accumulated_operating_revenue": 903351, 
        "long_term_average": 91503, 
        "date": "2014-10-31", 
        "operating_revenue": 101588, 
        "short_term_average": 100640
    }, 
    {
        "accumulated_operating_revenue_yoy": 14.0216477476173, 
        "accumulated_operating_revenue": 1015820, 
        "long_term_average": 92878, 
        "date": "2014-11-30", 
        "operating_revenue": 112469, 
        "short_term_average": 102919
    }, 
    {
        "accumulated_operating_revenue_yoy": 12.784956710831588, 
        "accumulated_operating_revenue": 1116147, 
        "long_term_average": 93012, 
        "date": "2014-12-31", 
        "operating_revenue": 100327, 
        "short_term_average": 104794
    }, 
    {
        "accumulated_operating_revenue_yoy": 11.347843115313601, 
        "accumulated_operating_revenue": 99506, 
        "long_term_average": 93857, 
        "date": "2015-01-31", 
        "operating_revenue": 99506, 
        "short_term_average": 104100
    }, 
    {
        "accumulated_operating_revenue_yoy": 15.40393820561843, 
        "accumulated_operating_revenue": 165390, 
        "long_term_average": 94851, 
        "date": "2015-02-28", 
        "operating_revenue": 65884, 
        "short_term_average": 88572
    }, 
    {
        "accumulated_operating_revenue_yoy": -6.271703063507987, 
        "accumulated_operating_revenue": 242925, 
        "long_term_average": 91657, 
        "date": "2015-03-31", 
        "operating_revenue": 77535, 
        "short_term_average": 80975
    }, 
    {
        "accumulated_operating_revenue_yoy": -8.736680409780833, 
        "accumulated_operating_revenue": 319637, 
        "long_term_average": 90462, 
        "date": "2015-04-30", 
        "operating_revenue": 76712, 
        "short_term_average": 73377
    }, 
    {
        "accumulated_operating_revenue_yoy": -9.013295793662072, 
        "accumulated_operating_revenue": 409775, 
        "long_term_average": 89629, 
        "date": "2015-05-31", 
        "operating_revenue": 90138, 
        "short_term_average": 81461
    }, 
    {
        "accumulated_operating_revenue_yoy": -1.1027799323929635, 
        "accumulated_operating_revenue": 516377, 
        "long_term_average": 92532, 
        "date": "2015-06-30", 
        "operating_revenue": 106602, 
        "short_term_average": 91150
    }, 
    {
        "accumulated_operating_revenue_yoy": 1.8379559349482648, 
        "accumulated_operating_revenue": 612483, 
        "long_term_average": 93933, 
        "date": "2015-07-31", 
        "operating_revenue": 96106, 
        "short_term_average": 97615
    }, 
    {
        "accumulated_operating_revenue_yoy": 2.195843934698888, 
        "accumulated_operating_revenue": 722589, 
        "long_term_average": 94306, 
        "date": "2015-08-31", 
        "operating_revenue": 110106, 
        "short_term_average": 104271
    }, 
    {
        "accumulated_operating_revenue_yoy": 7.699157980600252, 
        "accumulated_operating_revenue": 863492, 
        "long_term_average": 98156, 
        "date": "2015-09-30", 
        "operating_revenue": 140903, 
        "short_term_average": 115705
    }, 
    {
        "accumulated_operating_revenue_yoy": 9.145503796420218, 
        "accumulated_operating_revenue": 985967, 
        "long_term_average": 99896, 
        "date": "2015-10-31", 
        "operating_revenue": 122475, 
        "short_term_average": 124494
    }
]