[
    {
        "date": "2012-01-31", 
        "operating_revenue": 48536, 
        "accumulated_operating_revenue": 48536, 
        "long_term_average": 48536, 
        "short_term_average": 48536
    }, 
    {
        "date": "2012-02-29", 
        "operating_revenue": 58605, 
        "accumulated_operating_revenue": 107141, 
        "long_term_average": 53570, 
        "short_term_average": 53570
    }, 
    {
        "date": "2012-03-31", 
        "operating_revenue": 75876, 
        "accumulated_operating_revenue": 183017, 
        "long_term_average": 61005, 
        "short_term_average": 61005
    }, 
    {
        "date": "2012-04-30", 
        "operating_revenue": 63003, 
        "accumulated_operating_revenue": 246020, 
        "long_term_average": 61505, 
        "short_term_average": 65828
    }, 
    {
        "date": "2012-05-31", 
        "operating_revenue": 70221, 
        "accumulated_operating_revenue": 316241, 
        "long_term_average": 63248, 
        "short_term_average": 69700
    }, 
    {
        "date": "2012-06-30", 
        "operating_revenue": 84197, 
        "accumulated_operating_revenue": 400438, 
        "long_term_average": 66739, 
        "short_term_average": 72473
    }, 
    {
        "date": "2012-07-31", 
        "operating_revenue": 66347, 
        "accumulated_operating_revenue": 466785, 
        "long_term_average": 66683, 
        "short_term_average": 73588
    }, 
    {
        "date": "2012-08-31", 
        "operating_revenue": 79046, 
        "accumulated_operating_revenue": 545831, 
        "long_term_average": 68228, 
        "short_term_average": 76530
    }, 
    {
        "date": "2012-09-30", 
        "operating_revenue": 81113, 
        "accumulated_operating_revenue": 626944, 
        "long_term_average": 69660, 
        "short_term_average": 75502
    }, 
    {
        "date": "2012-10-31", 
        "operating_revenue": 72205, 
        "accumulated_operating_revenue": 699149, 
        "long_term_average": 69914, 
        "short_term_average": 77454
    }, 
    {
        "date": "2012-11-30", 
        "operating_revenue": 71518, 
        "accumulated_operating_revenue": 770667, 
        "long_term_average": 70060, 
        "short_term_average": 74945
    }, 
    {
        "date": "2012-12-31", 
        "operating_revenue": 51216, 
        "accumulated_operating_revenue": 821883, 
        "long_term_average": 68490, 
        "short_term_average": 64979
    }, 
    {
        "accumulated_operating_revenue_yoy": 68.75309048953355, 
        "accumulated_operating_revenue": 81906, 
        "long_term_average": 71271, 
        "date": "2013-01-31", 
        "operating_revenue": 81906, 
        "short_term_average": 68213
    }, 
    {
        "accumulated_operating_revenue_yoy": 11.537133310310713, 
        "accumulated_operating_revenue": 119502, 
        "long_term_average": 69520, 
        "date": "2013-02-28", 
        "operating_revenue": 37596, 
        "short_term_average": 56906
    }, 
    {
        "accumulated_operating_revenue_yoy": 2.3314774037384507, 
        "accumulated_operating_revenue": 187284, 
        "long_term_average": 68845, 
        "date": "2013-03-31", 
        "operating_revenue": 67782, 
        "short_term_average": 62428
    }, 
    {
        "accumulated_operating_revenue_yoy": 4.351678725306886, 
        "accumulated_operating_revenue": 256726, 
        "long_term_average": 69382, 
        "date": "2013-04-30", 
        "operating_revenue": 69442, 
        "short_term_average": 58273
    }, 
    {
        "accumulated_operating_revenue_yoy": 5.9296549150805875, 
        "accumulated_operating_revenue": 334993, 
        "long_term_average": 70052, 
        "date": "2013-05-31", 
        "operating_revenue": 78267, 
        "short_term_average": 71830
    }, 
    {
        "accumulated_operating_revenue_yoy": 0.9214909673907071, 
        "accumulated_operating_revenue": 404128, 
        "long_term_average": 68797, 
        "date": "2013-06-30", 
        "operating_revenue": 69135, 
        "short_term_average": 72281
    }, 
    {
        "accumulated_operating_revenue_yoy": 7.819017320607989, 
        "accumulated_operating_revenue": 503283, 
        "long_term_average": 71531, 
        "date": "2013-07-31", 
        "operating_revenue": 99155, 
        "short_term_average": 82185
    }, 
    {
        "accumulated_operating_revenue_yoy": 9.564865315454783, 
        "accumulated_operating_revenue": 598039, 
        "long_term_average": 72840, 
        "date": "2013-08-31", 
        "operating_revenue": 94756, 
        "short_term_average": 87682
    }, 
    {
        "accumulated_operating_revenue_yoy": 9.753662209064924, 
        "accumulated_operating_revenue": 688094, 
        "long_term_average": 73586, 
        "date": "2013-09-30", 
        "operating_revenue": 90055, 
        "short_term_average": 94655
    }, 
    {
        "accumulated_operating_revenue_yoy": 13.130248344773431, 
        "accumulated_operating_revenue": 790949, 
        "long_term_average": 76140, 
        "date": "2013-10-31", 
        "operating_revenue": 102855, 
        "short_term_average": 95888
    }, 
    {
        "accumulated_operating_revenue_yoy": 15.022830872477996, 
        "accumulated_operating_revenue": 886443, 
        "long_term_average": 78138, 
        "date": "2013-11-30", 
        "operating_revenue": 95494, 
        "short_term_average": 96134
    }, 
    {
        "accumulated_operating_revenue_yoy": 16.65237022787915, 
        "accumulated_operating_revenue": 958746, 
        "long_term_average": 79895, 
        "date": "2013-12-31", 
        "operating_revenue": 72303, 
        "short_term_average": 90217
    }, 
    {
        "accumulated_operating_revenue_yoy": 11.04680975752692, 
        "accumulated_operating_revenue": 90954, 
        "long_term_average": 80649, 
        "date": "2014-01-31", 
        "operating_revenue": 90954, 
        "short_term_average": 86250
    }, 
    {
        "accumulated_operating_revenue_yoy": 56.29027129253067, 
        "accumulated_operating_revenue": 186770, 
        "long_term_average": 85501, 
        "date": "2014-02-28", 
        "operating_revenue": 95816, 
        "short_term_average": 86357
    }, 
    {
        "accumulated_operating_revenue_yoy": 54.48409901539907, 
        "accumulated_operating_revenue": 289324, 
        "long_term_average": 88398, 
        "date": "2014-03-31", 
        "operating_revenue": 102554, 
        "short_term_average": 96441
    }, 
    {
        "accumulated_operating_revenue_yoy": 58.007759245265376, 
        "accumulated_operating_revenue": 405647, 
        "long_term_average": 92305, 
        "date": "2014-04-30", 
        "operating_revenue": 116323, 
        "short_term_average": 104897
    }, 
    {
        "accumulated_operating_revenue_yoy": 49.239834862221, 
        "accumulated_operating_revenue": 499943, 
        "long_term_average": 93641, 
        "date": "2014-05-31", 
        "operating_revenue": 94296, 
        "short_term_average": 104391
    }, 
    {
        "accumulated_operating_revenue_yoy": 51.176854857866815, 
        "accumulated_operating_revenue": 610948, 
        "long_term_average": 97130, 
        "date": "2014-06-30", 
        "operating_revenue": 111005, 
        "short_term_average": 107208
    }, 
    {
        "accumulated_operating_revenue_yoy": 42.044734274751974, 
        "accumulated_operating_revenue": 714887, 
        "long_term_average": 97529, 
        "date": "2014-07-31", 
        "operating_revenue": 103939, 
        "short_term_average": 103080
    }, 
    {
        "accumulated_operating_revenue_yoy": 35.940632634326526, 
        "accumulated_operating_revenue": 812978, 
        "long_term_average": 97807, 
        "date": "2014-08-31", 
        "operating_revenue": 98091, 
        "short_term_average": 104345
    }, 
    {
        "accumulated_operating_revenue_yoy": 33.56053097396577, 
        "accumulated_operating_revenue": 919022, 
        "long_term_average": 99139, 
        "date": "2014-09-30", 
        "operating_revenue": 106044, 
        "short_term_average": 102691
    }, 
    {
        "accumulated_operating_revenue_yoy": 30.58047990451976, 
        "accumulated_operating_revenue": 1032825, 
        "long_term_average": 100051, 
        "date": "2014-10-31", 
        "operating_revenue": 113803, 
        "short_term_average": 105979
    }, 
    {
        "accumulated_operating_revenue_yoy": 27.82141660546702, 
        "accumulated_operating_revenue": 1133064, 
        "long_term_average": 100447, 
        "date": "2014-11-30", 
        "operating_revenue": 100239, 
        "short_term_average": 106695
    }, 
    {
        "accumulated_operating_revenue_yoy": 29.243094625688137, 
        "accumulated_operating_revenue": 1239113, 
        "long_term_average": 103259, 
        "date": "2014-12-31", 
        "operating_revenue": 106049, 
        "short_term_average": 106697
    }, 
    {
        "accumulated_operating_revenue_yoy": 2.7101611803768937, 
        "accumulated_operating_revenue": 93419, 
        "long_term_average": 103464, 
        "date": "2015-01-31", 
        "operating_revenue": 93419, 
        "short_term_average": 99902
    }, 
    {
        "accumulated_operating_revenue_yoy": -8.600417625957059, 
        "accumulated_operating_revenue": 170707, 
        "long_term_average": 101920, 
        "date": "2015-02-28", 
        "operating_revenue": 77288, 
        "short_term_average": 92252
    }, 
    {
        "accumulated_operating_revenue_yoy": -6.184070453885609, 
        "accumulated_operating_revenue": 271432, 
        "long_term_average": 101768, 
        "date": "2015-03-31", 
        "operating_revenue": 100725, 
        "short_term_average": 90477
    }, 
    {
        "accumulated_operating_revenue_yoy": -9.930801904118605, 
        "accumulated_operating_revenue": 365363, 
        "long_term_average": 99902, 
        "date": "2015-04-30", 
        "operating_revenue": 93931, 
        "short_term_average": 90648
    }, 
    {
        "accumulated_operating_revenue_yoy": -7.505055576335702, 
        "accumulated_operating_revenue": 462422, 
        "long_term_average": 100132, 
        "date": "2015-05-31", 
        "operating_revenue": 97059, 
        "short_term_average": 97238
    }, 
    {
        "accumulated_operating_revenue_yoy": -9.105684935542795, 
        "accumulated_operating_revenue": 555317, 
        "long_term_average": 98623, 
        "date": "2015-06-30", 
        "operating_revenue": 92895, 
        "short_term_average": 94628
    }, 
    {
        "accumulated_operating_revenue_yoy": -7.658553030059297, 
        "accumulated_operating_revenue": 660137, 
        "long_term_average": 98696, 
        "date": "2015-07-31", 
        "operating_revenue": 104820, 
        "short_term_average": 98258
    }, 
    {
        "accumulated_operating_revenue_yoy": -6.200044773659312, 
        "accumulated_operating_revenue": 762573, 
        "long_term_average": 99059, 
        "date": "2015-08-31", 
        "operating_revenue": 102436, 
        "short_term_average": 100050
    }, 
    {
        "accumulated_operating_revenue_yoy": -7.264026323635344, 
        "accumulated_operating_revenue": 852264, 
        "long_term_average": 97696, 
        "date": "2015-09-30", 
        "operating_revenue": 89691, 
        "short_term_average": 98982
    }
]