[
    {
        "date": "2011-09-30", 
        "operating_revenue": 115002, 
        "accumulated_operating_revenue": 115002, 
        "long_term_average": 115002, 
        "short_term_average": 115002
    }, 
    {
        "date": "2011-10-31", 
        "operating_revenue": 59578, 
        "accumulated_operating_revenue": 174580, 
        "long_term_average": 87290, 
        "short_term_average": 87290
    }, 
    {
        "date": "2011-11-30", 
        "operating_revenue": 69709, 
        "accumulated_operating_revenue": 244289, 
        "long_term_average": 81429, 
        "short_term_average": 81429
    }, 
    {
        "date": "2011-12-31", 
        "operating_revenue": 77629, 
        "accumulated_operating_revenue": 321918, 
        "long_term_average": 80479, 
        "short_term_average": 68972
    }, 
    {
        "date": "2012-01-31", 
        "operating_revenue": 27397, 
        "accumulated_operating_revenue": 27397, 
        "long_term_average": 69863, 
        "short_term_average": 58245
    }, 
    {
        "date": "2012-02-29", 
        "operating_revenue": 80264, 
        "accumulated_operating_revenue": 107661, 
        "long_term_average": 71596, 
        "short_term_average": 61763
    }, 
    {
        "date": "2012-03-31", 
        "operating_revenue": 83973, 
        "accumulated_operating_revenue": 191634, 
        "long_term_average": 73364, 
        "short_term_average": 63878
    }, 
    {
        "date": "2012-04-30", 
        "operating_revenue": 41639, 
        "accumulated_operating_revenue": 233273, 
        "long_term_average": 69398, 
        "short_term_average": 68625
    }, 
    {
        "date": "2012-05-31", 
        "operating_revenue": 63772, 
        "accumulated_operating_revenue": 297045, 
        "long_term_average": 68773, 
        "short_term_average": 63128
    }, 
    {
        "date": "2012-06-30", 
        "operating_revenue": 110243, 
        "accumulated_operating_revenue": 407288, 
        "long_term_average": 72920, 
        "short_term_average": 71884
    }, 
    {
        "date": "2012-07-31", 
        "operating_revenue": 51418, 
        "accumulated_operating_revenue": 458706, 
        "long_term_average": 70965, 
        "short_term_average": 75144
    }, 
    {
        "date": "2012-08-31", 
        "operating_revenue": 65297, 
        "accumulated_operating_revenue": 524003, 
        "long_term_average": 70493, 
        "short_term_average": 75652
    }, 
    {
        "accumulated_operating_revenue_yoy": 423.4526356063373, 
        "accumulated_operating_revenue": 601981, 
        "long_term_average": 67408, 
        "date": "2012-09-30", 
        "operating_revenue": 77978, 
        "short_term_average": 64897
    }, 
    {
        "accumulated_operating_revenue_yoy": 284.23759880856915, 
        "accumulated_operating_revenue": 670802, 
        "long_term_average": 68178, 
        "date": "2012-10-31", 
        "operating_revenue": 68821, 
        "short_term_average": 70698
    }, 
    {
        "accumulated_operating_revenue_yoy": 199.18498172246805, 
        "accumulated_operating_revenue": 730876, 
        "long_term_average": 67375, 
        "date": "2012-11-30", 
        "operating_revenue": 60074, 
        "short_term_average": 68957
    }, 
    {
        "accumulated_operating_revenue_yoy": 153.05264073459702, 
        "accumulated_operating_revenue": 814622, 
        "long_term_average": 67885, 
        "date": "2012-12-31", 
        "operating_revenue": 83746, 
        "short_term_average": 70880
    }, 
    {
        "accumulated_operating_revenue_yoy": 5.6393035733839465, 
        "accumulated_operating_revenue": 28942, 
        "long_term_average": 68013, 
        "date": "2013-01-31", 
        "operating_revenue": 28942, 
        "short_term_average": 57587
    }, 
    {
        "accumulated_operating_revenue_yoy": 0.12910896239120945, 
        "accumulated_operating_revenue": 107800, 
        "long_term_average": 67896, 
        "date": "2013-02-28", 
        "operating_revenue": 78858, 
        "short_term_average": 63848
    }, 
    {
        "accumulated_operating_revenue_yoy": 14.818351649498524, 
        "accumulated_operating_revenue": 220031, 
        "long_term_average": 70251, 
        "date": "2013-03-31", 
        "operating_revenue": 112231, 
        "short_term_average": 73343
    }, 
    {
        "accumulated_operating_revenue_yoy": 18.19670514804542, 
        "accumulated_operating_revenue": 275721, 
        "long_term_average": 71422, 
        "date": "2013-04-30", 
        "operating_revenue": 55690, 
        "short_term_average": 82259
    }, 
    {
        "accumulated_operating_revenue_yoy": 18.86178861788618, 
        "accumulated_operating_revenue": 353073, 
        "long_term_average": 72554, 
        "date": "2013-05-31", 
        "operating_revenue": 77352, 
        "short_term_average": 81757
    }, 
    {
        "accumulated_operating_revenue_yoy": 16.962198738975857, 
        "accumulated_operating_revenue": 476373, 
        "long_term_average": 73642, 
        "date": "2013-06-30", 
        "operating_revenue": 123300, 
        "short_term_average": 85447
    }, 
    {
        "accumulated_operating_revenue_yoy": 18.080208237956338, 
        "accumulated_operating_revenue": 541641, 
        "long_term_average": 74796, 
        "date": "2013-07-31", 
        "operating_revenue": 65268, 
        "short_term_average": 88640
    }, 
    {
        "accumulated_operating_revenue_yoy": 21.307511598216042, 
        "accumulated_operating_revenue": 635655, 
        "long_term_average": 77189, 
        "date": "2013-08-31", 
        "operating_revenue": 94014, 
        "short_term_average": 94194
    }, 
    {
        "accumulated_operating_revenue_yoy": 25.298971229988986, 
        "accumulated_operating_revenue": 754276, 
        "long_term_average": 80576, 
        "date": "2013-09-30", 
        "operating_revenue": 118621, 
        "short_term_average": 92634
    }, 
    {
        "accumulated_operating_revenue_yoy": 27.869177492017016, 
        "accumulated_operating_revenue": 857749, 
        "long_term_average": 83464, 
        "date": "2013-10-31", 
        "operating_revenue": 103473, 
        "short_term_average": 105369
    }, 
    {
        "accumulated_operating_revenue_yoy": 27.926625036257864, 
        "accumulated_operating_revenue": 934985, 
        "long_term_average": 84894, 
        "date": "2013-11-30", 
        "operating_revenue": 77236, 
        "short_term_average": 99776
    }, 
    {
        "accumulated_operating_revenue_yoy": 28.705706450353663, 
        "accumulated_operating_revenue": 1048465, 
        "long_term_average": 87372, 
        "date": "2013-12-31", 
        "operating_revenue": 113480, 
        "short_term_average": 98063
    }, 
    {
        "accumulated_operating_revenue_yoy": 116.1944578812798, 
        "accumulated_operating_revenue": 62571, 
        "long_term_average": 90174, 
        "date": "2014-01-31", 
        "operating_revenue": 62571, 
        "short_term_average": 84429
    }, 
    {
        "accumulated_operating_revenue_yoy": 59.42022263450835, 
        "accumulated_operating_revenue": 171855, 
        "long_term_average": 92710, 
        "date": "2014-02-28", 
        "operating_revenue": 109284, 
        "short_term_average": 95111
    }, 
    {
        "accumulated_operating_revenue_yoy": 32.61313178597561, 
        "accumulated_operating_revenue": 291790, 
        "long_term_average": 93352, 
        "date": "2014-03-31", 
        "operating_revenue": 119935, 
        "short_term_average": 97263
    }, 
    {
        "accumulated_operating_revenue_yoy": 39.80364208747248, 
        "accumulated_operating_revenue": 385468, 
        "long_term_average": 96517, 
        "date": "2014-04-30", 
        "operating_revenue": 93678, 
        "short_term_average": 107632
    }, 
    {
        "accumulated_operating_revenue_yoy": 33.77658444570953, 
        "accumulated_operating_revenue": 472329, 
        "long_term_average": 97310, 
        "date": "2014-05-31", 
        "operating_revenue": 86861, 
        "short_term_average": 100158
    }, 
    {
        "accumulated_operating_revenue_yoy": 28.892905349379582, 
        "accumulated_operating_revenue": 614011, 
        "long_term_average": 98841, 
        "date": "2014-06-30", 
        "operating_revenue": 141682, 
        "short_term_average": 107407
    }, 
    {
        "accumulated_operating_revenue_yoy": 28.159057383026763, 
        "accumulated_operating_revenue": 694162, 
        "long_term_average": 100082, 
        "date": "2014-07-31", 
        "operating_revenue": 80151, 
        "short_term_average": 102898
    }, 
    {
        "accumulated_operating_revenue_yoy": 29.031156838221996, 
        "accumulated_operating_revenue": 820193, 
        "long_term_average": 102750, 
        "date": "2014-08-31", 
        "operating_revenue": 126031, 
        "short_term_average": 115954
    }, 
    {
        "accumulated_operating_revenue_yoy": 27.492191187310745, 
        "accumulated_operating_revenue": 961643, 
        "long_term_average": 104652, 
        "date": "2014-09-30", 
        "operating_revenue": 141450, 
        "short_term_average": 115877
    }, 
    {
        "accumulated_operating_revenue_yoy": 29.49126142962568, 
        "accumulated_operating_revenue": 1110710, 
        "long_term_average": 108452, 
        "date": "2014-10-31", 
        "operating_revenue": 149067, 
        "short_term_average": 138849
    }, 
    {
        "accumulated_operating_revenue_yoy": 27.621726551762865, 
        "accumulated_operating_revenue": 1193244, 
        "long_term_average": 108893, 
        "date": "2014-11-30", 
        "operating_revenue": 82534, 
        "short_term_average": 124350
    }, 
    {
        "accumulated_operating_revenue_yoy": 29.179800947098855, 
        "accumulated_operating_revenue": 1354405, 
        "long_term_average": 112867, 
        "date": "2014-12-31", 
        "operating_revenue": 161161, 
        "short_term_average": 130920
    }, 
    {
        "accumulated_operating_revenue_yoy": 95.88307682472711, 
        "accumulated_operating_revenue": 122566, 
        "long_term_average": 117866, 
        "date": "2015-01-31", 
        "operating_revenue": 122566, 
        "short_term_average": 122087
    }, 
    {
        "accumulated_operating_revenue_yoy": 29.445171801809668, 
        "accumulated_operating_revenue": 222458, 
        "long_term_average": 117084, 
        "date": "2015-02-28", 
        "operating_revenue": 99892, 
        "short_term_average": 127873
    }, 
    {
        "accumulated_operating_revenue_yoy": 22.43257136982076, 
        "accumulated_operating_revenue": 357246, 
        "long_term_average": 118321, 
        "date": "2015-03-31", 
        "operating_revenue": 134788, 
        "short_term_average": 119082
    }, 
    {
        "accumulated_operating_revenue_yoy": 32.09293637863584, 
        "accumulated_operating_revenue": 509176, 
        "long_term_average": 123176, 
        "date": "2015-04-30", 
        "operating_revenue": 151930, 
        "short_term_average": 128870
    }, 
    {
        "accumulated_operating_revenue_yoy": 34.00659286217869, 
        "accumulated_operating_revenue": 632952, 
        "long_term_average": 126252, 
        "date": "2015-05-31", 
        "operating_revenue": 123776, 
        "short_term_average": 136831
    }, 
    {
        "accumulated_operating_revenue_yoy": 24.243539610853876, 
        "accumulated_operating_revenue": 762869, 
        "long_term_average": 125271, 
        "date": "2015-06-30", 
        "operating_revenue": 129917, 
        "short_term_average": 135207
    }, 
    {
        "accumulated_operating_revenue_yoy": 29.26751968560653, 
        "accumulated_operating_revenue": 897326, 
        "long_term_average": 129797, 
        "date": "2015-07-31", 
        "operating_revenue": 134457, 
        "short_term_average": 129383
    }, 
    {
        "accumulated_operating_revenue_yoy": 27.423789278864852, 
        "accumulated_operating_revenue": 1045121, 
        "long_term_average": 131611, 
        "date": "2015-08-31", 
        "operating_revenue": 147795, 
        "short_term_average": 137389
    }
]