[
    {
        "date": "2011-09-30", 
        "operating_revenue": 79528, 
        "accumulated_operating_revenue": 79528, 
        "long_term_average": 79528, 
        "short_term_average": 79528
    }, 
    {
        "date": "2011-10-31", 
        "operating_revenue": 79485, 
        "accumulated_operating_revenue": 159013, 
        "long_term_average": 79506, 
        "short_term_average": 79506
    }, 
    {
        "date": "2011-11-30", 
        "operating_revenue": 69892, 
        "accumulated_operating_revenue": 228905, 
        "long_term_average": 76301, 
        "short_term_average": 76301
    }, 
    {
        "date": "2011-12-31", 
        "operating_revenue": 93580, 
        "accumulated_operating_revenue": 322485, 
        "long_term_average": 80621, 
        "short_term_average": 80985
    }, 
    {
        "date": "2012-01-31", 
        "operating_revenue": 118915, 
        "accumulated_operating_revenue": 118915, 
        "long_term_average": 88280, 
        "short_term_average": 94129
    }, 
    {
        "date": "2012-02-29", 
        "operating_revenue": 64082, 
        "accumulated_operating_revenue": 182997, 
        "long_term_average": 84247, 
        "short_term_average": 92192
    }, 
    {
        "date": "2012-03-31", 
        "operating_revenue": 77905, 
        "accumulated_operating_revenue": 260902, 
        "long_term_average": 83341, 
        "short_term_average": 86967
    }, 
    {
        "date": "2012-04-30", 
        "operating_revenue": 68816, 
        "accumulated_operating_revenue": 329718, 
        "long_term_average": 81525, 
        "short_term_average": 70267
    }, 
    {
        "date": "2012-05-31", 
        "operating_revenue": 59091, 
        "accumulated_operating_revenue": 388809, 
        "long_term_average": 79032, 
        "short_term_average": 68604
    }, 
    {
        "date": "2012-06-30", 
        "operating_revenue": 52518, 
        "accumulated_operating_revenue": 441327, 
        "long_term_average": 76381, 
        "short_term_average": 60141
    }, 
    {
        "date": "2012-07-31", 
        "operating_revenue": 98416, 
        "accumulated_operating_revenue": 539743, 
        "long_term_average": 78384, 
        "short_term_average": 70008
    }, 
    {
        "date": "2012-08-31", 
        "operating_revenue": 115037, 
        "accumulated_operating_revenue": 654780, 
        "long_term_average": 81438, 
        "short_term_average": 88657
    }, 
    {
        "accumulated_operating_revenue_yoy": 837.5314354692687, 
        "accumulated_operating_revenue": 745600, 
        "long_term_average": 82379, 
        "date": "2012-09-30", 
        "operating_revenue": 90820, 
        "short_term_average": 101424
    }, 
    {
        "accumulated_operating_revenue_yoy": 421.52465521686906, 
        "accumulated_operating_revenue": 829292, 
        "long_term_average": 82730, 
        "date": "2012-10-31", 
        "operating_revenue": 83692, 
        "short_term_average": 96516
    }, 
    {
        "accumulated_operating_revenue_yoy": 299.47576505537234, 
        "accumulated_operating_revenue": 914420, 
        "long_term_average": 84000, 
        "date": "2012-11-30", 
        "operating_revenue": 85128, 
        "short_term_average": 86546
    }, 
    {
        "accumulated_operating_revenue_yoy": 213.26325255438238, 
        "accumulated_operating_revenue": 1010227, 
        "long_term_average": 84185, 
        "date": "2012-12-31", 
        "operating_revenue": 95807, 
        "short_term_average": 88209
    }, 
    {
        "accumulated_operating_revenue_yoy": -31.015431190346042, 
        "accumulated_operating_revenue": 82033, 
        "long_term_average": 81112, 
        "date": "2013-01-31", 
        "operating_revenue": 82033, 
        "short_term_average": 87656
    }, 
    {
        "accumulated_operating_revenue_yoy": -1.8437460723399837, 
        "accumulated_operating_revenue": 179623, 
        "long_term_average": 83904, 
        "date": "2013-02-28", 
        "operating_revenue": 97590, 
        "short_term_average": 91810
    }, 
    {
        "accumulated_operating_revenue_yoy": -3.8930326329426377, 
        "accumulated_operating_revenue": 250745, 
        "long_term_average": 83339, 
        "date": "2013-03-31", 
        "operating_revenue": 71122, 
        "short_term_average": 83581
    }, 
    {
        "accumulated_operating_revenue_yoy": -4.337342820228194, 
        "accumulated_operating_revenue": 315417, 
        "long_term_average": 82993, 
        "date": "2013-04-30", 
        "operating_revenue": 64672, 
        "short_term_average": 77794
    }, 
    {
        "accumulated_operating_revenue_yoy": -0.061469770504283594, 
        "accumulated_operating_revenue": 388570, 
        "long_term_average": 84165, 
        "date": "2013-05-31", 
        "operating_revenue": 73153, 
        "short_term_average": 69649
    }, 
    {
        "accumulated_operating_revenue_yoy": 2.619372936620692, 
        "accumulated_operating_revenue": 452887, 
        "long_term_average": 85148, 
        "date": "2013-06-30", 
        "operating_revenue": 64317, 
        "short_term_average": 67380
    }, 
    {
        "accumulated_operating_revenue_yoy": -5.34810085540711, 
        "accumulated_operating_revenue": 510877, 
        "long_term_average": 81780, 
        "date": "2013-07-31", 
        "operating_revenue": 57990, 
        "short_term_average": 65153
    }, 
    {
        "accumulated_operating_revenue_yoy": -4.5264058156938205, 
        "accumulated_operating_revenue": 625142, 
        "long_term_average": 81715, 
        "date": "2013-08-31", 
        "operating_revenue": 114265, 
        "short_term_average": 78857
    }, 
    {
        "accumulated_operating_revenue_yoy": 4.765289699570816, 
        "accumulated_operating_revenue": 781130, 
        "long_term_average": 87146, 
        "date": "2013-09-30", 
        "operating_revenue": 155988, 
        "short_term_average": 109414
    }, 
    {
        "accumulated_operating_revenue_yoy": 12.455082166474535, 
        "accumulated_operating_revenue": 932581, 
        "long_term_average": 92793, 
        "date": "2013-10-31", 
        "operating_revenue": 151451, 
        "short_term_average": 140568
    }, 
    {
        "accumulated_operating_revenue_yoy": 16.826950416657553, 
        "accumulated_operating_revenue": 1068289, 
        "long_term_average": 97008, 
        "date": "2013-11-30", 
        "operating_revenue": 135708, 
        "short_term_average": 147715
    }, 
    {
        "accumulated_operating_revenue_yoy": 19.07828636534165, 
        "accumulated_operating_revenue": 1202961, 
        "long_term_average": 100246, 
        "date": "2013-12-31", 
        "operating_revenue": 134672, 
        "short_term_average": 140610
    }, 
    {
        "accumulated_operating_revenue_yoy": 60.730437750661316, 
        "accumulated_operating_revenue": 131852, 
        "long_term_average": 104398, 
        "date": "2014-01-31", 
        "operating_revenue": 131852, 
        "short_term_average": 134077
    }, 
    {
        "accumulated_operating_revenue_yoy": 43.0351346987858, 
        "accumulated_operating_revenue": 256924, 
        "long_term_average": 106688, 
        "date": "2014-02-28", 
        "operating_revenue": 125072, 
        "short_term_average": 130532
    }, 
    {
        "accumulated_operating_revenue_yoy": 49.06897445612076, 
        "accumulated_operating_revenue": 373783, 
        "long_term_average": 110499, 
        "date": "2014-03-31", 
        "operating_revenue": 116859, 
        "short_term_average": 124594
    }, 
    {
        "accumulated_operating_revenue_yoy": 51.537805508263666, 
        "accumulated_operating_revenue": 477976, 
        "long_term_average": 113793, 
        "date": "2014-04-30", 
        "operating_revenue": 104193, 
        "short_term_average": 115374
    }, 
    {
        "accumulated_operating_revenue_yoy": 48.475435571454305, 
        "accumulated_operating_revenue": 576931, 
        "long_term_average": 115943, 
        "date": "2014-05-31", 
        "operating_revenue": 98955, 
        "short_term_average": 106669
    }, 
    {
        "accumulated_operating_revenue_yoy": 48.06232018141391, 
        "accumulated_operating_revenue": 670555, 
        "long_term_average": 118385, 
        "date": "2014-06-30", 
        "operating_revenue": 93624, 
        "short_term_average": 98924
    }, 
    {
        "accumulated_operating_revenue_yoy": 57.21357587051287, 
        "accumulated_operating_revenue": 803168, 
        "long_term_average": 124604, 
        "date": "2014-07-31", 
        "operating_revenue": 132613, 
        "short_term_average": 108397
    }, 
    {
        "accumulated_operating_revenue_yoy": 50.747990056659134, 
        "accumulated_operating_revenue": 942389, 
        "long_term_average": 126684, 
        "date": "2014-08-31", 
        "operating_revenue": 139221, 
        "short_term_average": 121819
    }, 
    {
        "accumulated_operating_revenue_yoy": 40.93543968353539, 
        "accumulated_operating_revenue": 1100889, 
        "long_term_average": 126893, 
        "date": "2014-09-30", 
        "operating_revenue": 158500, 
        "short_term_average": 143444
    }, 
    {
        "accumulated_operating_revenue_yoy": 30.67326055323881, 
        "accumulated_operating_revenue": 1218634, 
        "long_term_average": 124084, 
        "date": "2014-10-31", 
        "operating_revenue": 117745, 
        "short_term_average": 138488
    }, 
    {
        "accumulated_operating_revenue_yoy": 27.850328890403254, 
        "accumulated_operating_revenue": 1365811, 
        "long_term_average": 125040, 
        "date": "2014-11-30", 
        "operating_revenue": 147177, 
        "short_term_average": 141140
    }, 
    {
        "accumulated_operating_revenue_yoy": 22.534063864082043, 
        "accumulated_operating_revenue": 1474037, 
        "long_term_average": 122836, 
        "date": "2014-12-31", 
        "operating_revenue": 108226, 
        "short_term_average": 124382
    }, 
    {
        "accumulated_operating_revenue_yoy": -29.56193307647969, 
        "accumulated_operating_revenue": 92874, 
        "long_term_average": 119588, 
        "date": "2015-01-31", 
        "operating_revenue": 92874, 
        "short_term_average": 116092
    }, 
    {
        "accumulated_operating_revenue_yoy": -20.124628294748643, 
        "accumulated_operating_revenue": 205219, 
        "long_term_average": 118527, 
        "date": "2015-02-28", 
        "operating_revenue": 112345, 
        "short_term_average": 104481
    }, 
    {
        "accumulated_operating_revenue_yoy": -22.154833151855488, 
        "accumulated_operating_revenue": 290972, 
        "long_term_average": 115935, 
        "date": "2015-03-31", 
        "operating_revenue": 85753, 
        "short_term_average": 96990
    }, 
    {
        "accumulated_operating_revenue_yoy": -21.165707064789864, 
        "accumulated_operating_revenue": 376809, 
        "long_term_average": 114405, 
        "date": "2015-04-30", 
        "operating_revenue": 85837, 
        "short_term_average": 94645
    }, 
    {
        "accumulated_operating_revenue_yoy": -17.853781474734415, 
        "accumulated_operating_revenue": 473927, 
        "long_term_average": 114252, 
        "date": "2015-05-31", 
        "operating_revenue": 97118, 
        "short_term_average": 89569
    }, 
    {
        "accumulated_operating_revenue_yoy": -12.103556009574158, 
        "accumulated_operating_revenue": 589394, 
        "long_term_average": 116073, 
        "date": "2015-06-30", 
        "operating_revenue": 115467, 
        "short_term_average": 99474
    }, 
    {
        "accumulated_operating_revenue_yoy": -8.407580979321885, 
        "accumulated_operating_revenue": 735641, 
        "long_term_average": 117209, 
        "date": "2015-07-31", 
        "operating_revenue": 146247, 
        "short_term_average": 119610
    }, 
    {
        "accumulated_operating_revenue_yoy": -8.634014191591795, 
        "accumulated_operating_revenue": 861023, 
        "long_term_average": 116055, 
        "date": "2015-08-31", 
        "operating_revenue": 125382, 
        "short_term_average": 129032
    }, 
    {
        "accumulated_operating_revenue_yoy": -13.200240896221144, 
        "accumulated_operating_revenue": 955569, 
        "long_term_average": 110726, 
        "date": "2015-09-30", 
        "operating_revenue": 94546, 
        "short_term_average": 122058
    }
]