[
    {
        "date": "2012-01-31", 
        "operating_revenue": 39069, 
        "accumulated_operating_revenue": 39069, 
        "long_term_average": 39069, 
        "short_term_average": 39069
    }, 
    {
        "date": "2012-02-29", 
        "operating_revenue": 37618, 
        "accumulated_operating_revenue": 76687, 
        "long_term_average": 38343, 
        "short_term_average": 38343
    }, 
    {
        "date": "2012-03-31", 
        "operating_revenue": 43280, 
        "accumulated_operating_revenue": 119967, 
        "long_term_average": 39989, 
        "short_term_average": 39989
    }, 
    {
        "date": "2012-04-30", 
        "operating_revenue": 38762, 
        "accumulated_operating_revenue": 158729, 
        "long_term_average": 39682, 
        "short_term_average": 39886
    }, 
    {
        "date": "2012-05-31", 
        "operating_revenue": 57384, 
        "accumulated_operating_revenue": 216113, 
        "long_term_average": 43222, 
        "short_term_average": 46475
    }, 
    {
        "date": "2012-06-30", 
        "operating_revenue": 38124, 
        "accumulated_operating_revenue": 254237, 
        "long_term_average": 42372, 
        "short_term_average": 44756
    }, 
    {
        "date": "2012-07-31", 
        "operating_revenue": 37032, 
        "accumulated_operating_revenue": 291269, 
        "long_term_average": 41609, 
        "short_term_average": 44180
    }, 
    {
        "date": "2012-08-31", 
        "operating_revenue": 50984, 
        "accumulated_operating_revenue": 342253, 
        "long_term_average": 42781, 
        "short_term_average": 42046
    }, 
    {
        "date": "2012-09-30", 
        "operating_revenue": 57586, 
        "accumulated_operating_revenue": 399839, 
        "long_term_average": 44426, 
        "short_term_average": 48534
    }, 
    {
        "date": "2012-10-31", 
        "operating_revenue": 45648, 
        "accumulated_operating_revenue": 445487, 
        "long_term_average": 44548, 
        "short_term_average": 51406
    }, 
    {
        "date": "2012-11-30", 
        "operating_revenue": 34569, 
        "accumulated_operating_revenue": 480056, 
        "long_term_average": 43641, 
        "short_term_average": 45934
    }, 
    {
        "date": "2012-12-31", 
        "operating_revenue": 45928, 
        "accumulated_operating_revenue": 525984, 
        "long_term_average": 43832, 
        "short_term_average": 42048
    }, 
    {
        "accumulated_operating_revenue_yoy": 22.716220020988505, 
        "accumulated_operating_revenue": 47944, 
        "long_term_average": 44571, 
        "date": "2013-01-31", 
        "operating_revenue": 47944, 
        "short_term_average": 42813
    }, 
    {
        "accumulated_operating_revenue_yoy": 4.573134951165126, 
        "accumulated_operating_revenue": 80194, 
        "long_term_average": 44124, 
        "date": "2013-02-28", 
        "operating_revenue": 32250, 
        "short_term_average": 42040
    }, 
    {
        "accumulated_operating_revenue_yoy": 6.717680695524603, 
        "accumulated_operating_revenue": 128026, 
        "long_term_average": 44503, 
        "date": "2013-03-31", 
        "operating_revenue": 47832, 
        "short_term_average": 42675
    }, 
    {
        "accumulated_operating_revenue_yoy": 5.756352021369756, 
        "accumulated_operating_revenue": 167866, 
        "long_term_average": 44593, 
        "date": "2013-04-30", 
        "operating_revenue": 39840, 
        "short_term_average": 39974
    }, 
    {
        "accumulated_operating_revenue_yoy": 2.861928713219473, 
        "accumulated_operating_revenue": 222298, 
        "long_term_average": 44347, 
        "date": "2013-05-31", 
        "operating_revenue": 54432, 
        "short_term_average": 47368
    }, 
    {
        "accumulated_operating_revenue_yoy": 7.017074619351235, 
        "accumulated_operating_revenue": 272077, 
        "long_term_average": 45318, 
        "date": "2013-06-30", 
        "operating_revenue": 49779, 
        "short_term_average": 48017
    }, 
    {
        "accumulated_operating_revenue_yoy": 5.362053634269352, 
        "accumulated_operating_revenue": 306887, 
        "long_term_average": 45133, 
        "date": "2013-07-31", 
        "operating_revenue": 34810, 
        "short_term_average": 46340
    }, 
    {
        "accumulated_operating_revenue_yoy": 0.6647129462707412, 
        "accumulated_operating_revenue": 344528, 
        "long_term_average": 44021, 
        "date": "2013-08-31", 
        "operating_revenue": 37641, 
        "short_term_average": 40743
    }, 
    {
        "accumulated_operating_revenue_yoy": -2.8611516135244437, 
        "accumulated_operating_revenue": 388399, 
        "long_term_average": 42878, 
        "date": "2013-09-30", 
        "operating_revenue": 43871, 
        "short_term_average": 38774
    }, 
    {
        "accumulated_operating_revenue_yoy": -2.4121916015506626, 
        "accumulated_operating_revenue": 434741, 
        "long_term_average": 42936, 
        "date": "2013-10-31", 
        "operating_revenue": 46342, 
        "short_term_average": 42618
    }, 
    {
        "accumulated_operating_revenue_yoy": -1.2308980618927792, 
        "accumulated_operating_revenue": 474147, 
        "long_term_average": 43339, 
        "date": "2013-11-30", 
        "operating_revenue": 39406, 
        "short_term_average": 43206
    }, 
    {
        "accumulated_operating_revenue_yoy": 3.4293818823386264, 
        "accumulated_operating_revenue": 544022, 
        "long_term_average": 45335, 
        "date": "2013-12-31", 
        "operating_revenue": 69875, 
        "short_term_average": 51874
    }, 
    {
        "accumulated_operating_revenue_yoy": 83.85616552644753, 
        "accumulated_operating_revenue": 88148, 
        "long_term_average": 48685, 
        "date": "2014-01-31", 
        "operating_revenue": 88148, 
        "short_term_average": 65809
    }, 
    {
        "accumulated_operating_revenue_yoy": 104.88066438885701, 
        "accumulated_operating_revenue": 164302, 
        "long_term_average": 52344, 
        "date": "2014-02-28", 
        "operating_revenue": 76154, 
        "short_term_average": 78059
    }, 
    {
        "accumulated_operating_revenue_yoy": 78.08257697655165, 
        "accumulated_operating_revenue": 227992, 
        "long_term_average": 53665, 
        "date": "2014-03-31", 
        "operating_revenue": 63690, 
        "short_term_average": 75997
    }, 
    {
        "accumulated_operating_revenue_yoy": 87.05693827219329, 
        "accumulated_operating_revenue": 314005, 
        "long_term_average": 57513, 
        "date": "2014-04-30", 
        "operating_revenue": 86013, 
        "short_term_average": 75285
    }, 
    {
        "accumulated_operating_revenue_yoy": 72.07802139470441, 
        "accumulated_operating_revenue": 382526, 
        "long_term_average": 58687, 
        "date": "2014-05-31", 
        "operating_revenue": 68521, 
        "short_term_average": 72741
    }, 
    {
        "accumulated_operating_revenue_yoy": 64.95550891843118, 
        "accumulated_operating_revenue": 448806, 
        "long_term_average": 60062, 
        "date": "2014-06-30", 
        "operating_revenue": 66280, 
        "short_term_average": 73604
    }, 
    {
        "accumulated_operating_revenue_yoy": 66.89823941711445, 
        "accumulated_operating_revenue": 512189, 
        "long_term_average": 62443, 
        "date": "2014-07-31", 
        "operating_revenue": 63383, 
        "short_term_average": 66061
    }, 
    {
        "accumulated_operating_revenue_yoy": 68.55059675846375, 
        "accumulated_operating_revenue": 580704, 
        "long_term_average": 65016, 
        "date": "2014-08-31", 
        "operating_revenue": 68515, 
        "short_term_average": 66059
    }, 
    {
        "accumulated_operating_revenue_yoy": 64.61551136846387, 
        "accumulated_operating_revenue": 639365, 
        "long_term_average": 66249, 
        "date": "2014-09-30", 
        "operating_revenue": 58661, 
        "short_term_average": 63519
    }, 
    {
        "accumulated_operating_revenue_yoy": 66.62426594225067, 
        "accumulated_operating_revenue": 724384, 
        "long_term_average": 69472, 
        "date": "2014-10-31", 
        "operating_revenue": 85019, 
        "short_term_average": 70731
    }, 
    {
        "accumulated_operating_revenue_yoy": 66.40324625063535, 
        "accumulated_operating_revenue": 788996, 
        "long_term_average": 71572, 
        "date": "2014-11-30", 
        "operating_revenue": 64612, 
        "short_term_average": 69430
    }, 
    {
        "accumulated_operating_revenue_yoy": 53.956090011065726, 
        "accumulated_operating_revenue": 837555, 
        "long_term_average": 69796, 
        "date": "2014-12-31", 
        "operating_revenue": 48559, 
        "short_term_average": 66063
    }, 
    {
        "accumulated_operating_revenue_yoy": -16.80242319734991, 
        "accumulated_operating_revenue": 73337, 
        "long_term_average": 68562, 
        "date": "2015-01-31", 
        "operating_revenue": 73337, 
        "short_term_average": 62169
    }, 
    {
        "accumulated_operating_revenue_yoy": -10.66207349880099, 
        "accumulated_operating_revenue": 146784, 
        "long_term_average": 68336, 
        "date": "2015-02-28", 
        "operating_revenue": 73447, 
        "short_term_average": 65114
    }, 
    {
        "accumulated_operating_revenue_yoy": -2.049194708586266, 
        "accumulated_operating_revenue": 223320, 
        "long_term_average": 69406, 
        "date": "2015-03-31", 
        "operating_revenue": 76536, 
        "short_term_average": 74440
    }, 
    {
        "accumulated_operating_revenue_yoy": -7.120268785528892, 
        "accumulated_operating_revenue": 291647, 
        "long_term_average": 67933, 
        "date": "2015-04-30", 
        "operating_revenue": 68327, 
        "short_term_average": 72770
    }, 
    {
        "accumulated_operating_revenue_yoy": -7.966255888488625, 
        "accumulated_operating_revenue": 352053, 
        "long_term_average": 67256, 
        "date": "2015-05-31", 
        "operating_revenue": 60406, 
        "short_term_average": 68423
    }, 
    {
        "accumulated_operating_revenue_yoy": -3.2510706184854925, 
        "accumulated_operating_revenue": 434215, 
        "long_term_average": 68580, 
        "date": "2015-06-30", 
        "operating_revenue": 82162, 
        "short_term_average": 70298
    }, 
    {
        "accumulated_operating_revenue_yoy": -0.17239729865342676, 
        "accumulated_operating_revenue": 511306, 
        "long_term_average": 69722, 
        "date": "2015-07-31", 
        "operating_revenue": 77091, 
        "short_term_average": 73219
    }, 
    {
        "accumulated_operating_revenue_yoy": -1.9147448614095994, 
        "accumulated_operating_revenue": 569585, 
        "long_term_average": 68869, 
        "date": "2015-08-31", 
        "operating_revenue": 58279, 
        "short_term_average": 72510
    }, 
    {
        "accumulated_operating_revenue_yoy": -1.529486287175557, 
        "accumulated_operating_revenue": 629586, 
        "long_term_average": 68981, 
        "date": "2015-09-30", 
        "operating_revenue": 60001, 
        "short_term_average": 65123
    }
]