[
    {
        "date": "2011-09-30", 
        "operating_revenue": 118657, 
        "accumulated_operating_revenue": 118657, 
        "long_term_average": 118657, 
        "short_term_average": 118657
    }, 
    {
        "date": "2011-10-31", 
        "operating_revenue": 150768, 
        "accumulated_operating_revenue": 269425, 
        "long_term_average": 134712, 
        "short_term_average": 134712
    }, 
    {
        "date": "2011-11-30", 
        "operating_revenue": 129506, 
        "accumulated_operating_revenue": 398931, 
        "long_term_average": 132977, 
        "short_term_average": 132977
    }, 
    {
        "date": "2011-12-31", 
        "operating_revenue": 120471, 
        "accumulated_operating_revenue": 519402, 
        "long_term_average": 129850, 
        "short_term_average": 133581
    }, 
    {
        "date": "2012-01-31", 
        "operating_revenue": 112013, 
        "accumulated_operating_revenue": 112013, 
        "long_term_average": 126283, 
        "short_term_average": 120663
    }, 
    {
        "date": "2012-02-29", 
        "operating_revenue": 100964, 
        "accumulated_operating_revenue": 212977, 
        "long_term_average": 122063, 
        "short_term_average": 111149
    }, 
    {
        "date": "2012-03-31", 
        "operating_revenue": 152221, 
        "accumulated_operating_revenue": 365198, 
        "long_term_average": 126371, 
        "short_term_average": 121732
    }, 
    {
        "date": "2012-04-30", 
        "operating_revenue": 165069, 
        "accumulated_operating_revenue": 530267, 
        "long_term_average": 131208, 
        "short_term_average": 139418
    }, 
    {
        "date": "2012-05-31", 
        "operating_revenue": 183465, 
        "accumulated_operating_revenue": 713732, 
        "long_term_average": 137014, 
        "short_term_average": 166918
    }, 
    {
        "date": "2012-06-30", 
        "operating_revenue": 196667, 
        "accumulated_operating_revenue": 910399, 
        "long_term_average": 142980, 
        "short_term_average": 181733
    }, 
    {
        "date": "2012-07-31", 
        "operating_revenue": 171361, 
        "accumulated_operating_revenue": 1081760, 
        "long_term_average": 145560, 
        "short_term_average": 183831
    }, 
    {
        "date": "2012-08-31", 
        "operating_revenue": 133879, 
        "accumulated_operating_revenue": 1215639, 
        "long_term_average": 144586, 
        "short_term_average": 167302
    }, 
    {
        "accumulated_operating_revenue_yoy": 1095.6201488323486, 
        "accumulated_operating_revenue": 1418687, 
        "long_term_average": 151619, 
        "date": "2012-09-30", 
        "operating_revenue": 203048, 
        "short_term_average": 169429
    }, 
    {
        "accumulated_operating_revenue_yoy": 495.56165908880024, 
        "accumulated_operating_revenue": 1604592, 
        "long_term_average": 154547, 
        "date": "2012-10-31", 
        "operating_revenue": 185905, 
        "short_term_average": 174277
    }, 
    {
        "accumulated_operating_revenue_yoy": 357.507438629738, 
        "accumulated_operating_revenue": 1825139, 
        "long_term_average": 162134, 
        "date": "2012-11-30", 
        "operating_revenue": 220547, 
        "short_term_average": 203166
    }, 
    {
        "accumulated_operating_revenue_yoy": 283.4763824552081, 
        "accumulated_operating_revenue": 1991784, 
        "long_term_average": 165982, 
        "date": "2012-12-31", 
        "operating_revenue": 166645, 
        "short_term_average": 191032
    }, 
    {
        "accumulated_operating_revenue_yoy": 91.47598939408819, 
        "accumulated_operating_revenue": 214478, 
        "long_term_average": 174520, 
        "date": "2013-01-31", 
        "operating_revenue": 214478, 
        "short_term_average": 200556
    }, 
    {
        "accumulated_operating_revenue_yoy": 48.16905111819586, 
        "accumulated_operating_revenue": 315566, 
        "long_term_average": 174531, 
        "date": "2013-02-28", 
        "operating_revenue": 101088, 
        "short_term_average": 160737
    }, 
    {
        "accumulated_operating_revenue_yoy": 19.12250340910958, 
        "accumulated_operating_revenue": 435033, 
        "long_term_average": 171801, 
        "date": "2013-03-31", 
        "operating_revenue": 119467, 
        "short_term_average": 145011
    }, 
    {
        "accumulated_operating_revenue_yoy": 7.7992784766919305, 
        "accumulated_operating_revenue": 571624, 
        "long_term_average": 169428, 
        "date": "2013-04-30", 
        "operating_revenue": 136591, 
        "short_term_average": 119048
    }, 
    {
        "accumulated_operating_revenue_yoy": 2.0780909360936595, 
        "accumulated_operating_revenue": 728564, 
        "long_term_average": 167218, 
        "date": "2013-05-31", 
        "operating_revenue": 156940, 
        "short_term_average": 137666
    }, 
    {
        "accumulated_operating_revenue_yoy": 0.7022195762517314, 
        "accumulated_operating_revenue": 916792, 
        "long_term_average": 166514, 
        "date": "2013-06-30", 
        "operating_revenue": 188228, 
        "short_term_average": 160586
    }, 
    {
        "accumulated_operating_revenue_yoy": -0.22648276882118032, 
        "accumulated_operating_revenue": 1079310, 
        "long_term_average": 165777, 
        "date": "2013-07-31", 
        "operating_revenue": 162518, 
        "short_term_average": 169228
    }, 
    {
        "accumulated_operating_revenue_yoy": 1.9972212145217452, 
        "accumulated_operating_revenue": 1239918, 
        "long_term_average": 168005, 
        "date": "2013-08-31", 
        "operating_revenue": 160608, 
        "short_term_average": 170451
    }, 
    {
        "accumulated_operating_revenue_yoy": 2.228539487568435, 
        "accumulated_operating_revenue": 1450303, 
        "long_term_average": 168616, 
        "date": "2013-09-30", 
        "operating_revenue": 210385, 
        "short_term_average": 177837
    }, 
    {
        "accumulated_operating_revenue_yoy": 4.520650732398018, 
        "accumulated_operating_revenue": 1677130, 
        "long_term_average": 172026, 
        "date": "2013-10-31", 
        "operating_revenue": 226827, 
        "short_term_average": 199273
    }, 
    {
        "accumulated_operating_revenue_yoy": 3.2106595716819375, 
        "accumulated_operating_revenue": 1883738, 
        "long_term_average": 170865, 
        "date": "2013-11-30", 
        "operating_revenue": 206608, 
        "short_term_average": 214606
    }, 
    {
        "accumulated_operating_revenue_yoy": 5.9757483743217135, 
        "accumulated_operating_revenue": 2110808, 
        "long_term_average": 175900, 
        "date": "2013-12-31", 
        "operating_revenue": 227070, 
        "short_term_average": 220168
    }, 
    {
        "accumulated_operating_revenue_yoy": -15.236527755760498, 
        "accumulated_operating_revenue": 181799, 
        "long_term_average": 173177, 
        "date": "2014-01-31", 
        "operating_revenue": 181799, 
        "short_term_average": 205159
    }, 
    {
        "accumulated_operating_revenue_yoy": -4.175988541224339, 
        "accumulated_operating_revenue": 302388, 
        "long_term_average": 174802, 
        "date": "2014-02-28", 
        "operating_revenue": 120589, 
        "short_term_average": 176486
    }, 
    {
        "accumulated_operating_revenue_yoy": 10.335537763801826, 
        "accumulated_operating_revenue": 479996, 
        "long_term_average": 179647, 
        "date": "2014-03-31", 
        "operating_revenue": 177608, 
        "short_term_average": 159998
    }, 
    {
        "accumulated_operating_revenue_yoy": 20.609701482093122, 
        "accumulated_operating_revenue": 689434, 
        "long_term_average": 185718, 
        "date": "2014-04-30", 
        "operating_revenue": 209438, 
        "short_term_average": 169211
    }, 
    {
        "accumulated_operating_revenue_yoy": 25.121197314168693, 
        "accumulated_operating_revenue": 911588, 
        "long_term_average": 191152, 
        "date": "2014-05-31", 
        "operating_revenue": 222154, 
        "short_term_average": 203066
    }, 
    {
        "accumulated_operating_revenue_yoy": 26.218269792930133, 
        "accumulated_operating_revenue": 1157159, 
        "long_term_average": 195931, 
        "date": "2014-06-30", 
        "operating_revenue": 245571, 
        "short_term_average": 225721
    }, 
    {
        "accumulated_operating_revenue_yoy": 27.277334593397633, 
        "accumulated_operating_revenue": 1373717, 
        "long_term_average": 200434, 
        "date": "2014-07-31", 
        "operating_revenue": 216558, 
        "short_term_average": 228094
    }, 
    {
        "accumulated_operating_revenue_yoy": 25.19795663906807, 
        "accumulated_operating_revenue": 1552352, 
        "long_term_average": 201936, 
        "date": "2014-08-31", 
        "operating_revenue": 178635, 
        "short_term_average": 213588
    }, 
    {
        "accumulated_operating_revenue_yoy": 22.02381157592586, 
        "accumulated_operating_revenue": 1769715, 
        "long_term_average": 202518, 
        "date": "2014-09-30", 
        "operating_revenue": 217363, 
        "short_term_average": 204185
    }, 
    {
        "accumulated_operating_revenue_yoy": 17.903203687251434, 
        "accumulated_operating_revenue": 1977390, 
        "long_term_average": 200922, 
        "date": "2014-10-31", 
        "operating_revenue": 207675, 
        "short_term_average": 201224
    }, 
    {
        "accumulated_operating_revenue_yoy": 17.093141402891483, 
        "accumulated_operating_revenue": 2205728, 
        "long_term_average": 202733, 
        "date": "2014-11-30", 
        "operating_revenue": 228338, 
        "short_term_average": 217792
    }, 
    {
        "accumulated_operating_revenue_yoy": 14.091807497413313, 
        "accumulated_operating_revenue": 2408259, 
        "long_term_average": 200688, 
        "date": "2014-12-31", 
        "operating_revenue": 202531, 
        "short_term_average": 212848
    }, 
    {
        "accumulated_operating_revenue_yoy": 9.084758442015632, 
        "accumulated_operating_revenue": 198315, 
        "long_term_average": 202064, 
        "date": "2015-01-31", 
        "operating_revenue": 198315, 
        "short_term_average": 209728
    }, 
    {
        "accumulated_operating_revenue_yoy": 11.120811672420864, 
        "accumulated_operating_revenue": 336016, 
        "long_term_average": 203490, 
        "date": "2015-02-28", 
        "operating_revenue": 137701, 
        "short_term_average": 179515
    }, 
    {
        "accumulated_operating_revenue_yoy": 3.2594021616846804, 
        "accumulated_operating_revenue": 495641, 
        "long_term_average": 201992, 
        "date": "2015-03-31", 
        "operating_revenue": 159625, 
        "short_term_average": 165213
    }, 
    {
        "accumulated_operating_revenue_yoy": -6.060043455936319, 
        "accumulated_operating_revenue": 647654, 
        "long_term_average": 197206, 
        "date": "2015-04-30", 
        "operating_revenue": 152013, 
        "short_term_average": 149779
    }, 
    {
        "accumulated_operating_revenue_yoy": -12.53033168492784, 
        "accumulated_operating_revenue": 797363, 
        "long_term_average": 191169, 
        "date": "2015-05-31", 
        "operating_revenue": 149709, 
        "short_term_average": 153782
    }, 
    {
        "accumulated_operating_revenue_yoy": -16.224909454966863, 
        "accumulated_operating_revenue": 969411, 
        "long_term_average": 185042, 
        "date": "2015-06-30", 
        "operating_revenue": 172048, 
        "short_term_average": 157923
    }, 
    {
        "accumulated_operating_revenue_yoy": -17.296066074744655, 
        "accumulated_operating_revenue": 1136118, 
        "long_term_average": 180888, 
        "date": "2015-07-31", 
        "operating_revenue": 166707, 
        "short_term_average": 162821
    }, 
    {
        "accumulated_operating_revenue_yoy": -16.35782348333368, 
        "accumulated_operating_revenue": 1298421, 
        "long_term_average": 179527, 
        "date": "2015-08-31", 
        "operating_revenue": 162303, 
        "short_term_average": 167019
    }, 
    {
        "accumulated_operating_revenue_yoy": -13.491437886891392, 
        "accumulated_operating_revenue": 1530955, 
        "long_term_average": 180791, 
        "date": "2015-09-30", 
        "operating_revenue": 232534, 
        "short_term_average": 187181
    }
]