[
    {
        "date": "2012-01-31", 
        "operating_revenue": 432469, 
        "accumulated_operating_revenue": 432469, 
        "long_term_average": 432469, 
        "short_term_average": 432469
    }, 
    {
        "date": "2012-02-29", 
        "operating_revenue": 420260, 
        "accumulated_operating_revenue": 852729, 
        "long_term_average": 426364, 
        "short_term_average": 426364
    }, 
    {
        "date": "2012-03-31", 
        "operating_revenue": 492238, 
        "accumulated_operating_revenue": 1344967, 
        "long_term_average": 448322, 
        "short_term_average": 448322
    }, 
    {
        "date": "2012-04-30", 
        "operating_revenue": 492126, 
        "accumulated_operating_revenue": 1837093, 
        "long_term_average": 459273, 
        "short_term_average": 468208
    }, 
    {
        "date": "2012-05-31", 
        "operating_revenue": 516455, 
        "accumulated_operating_revenue": 2353548, 
        "long_term_average": 470709, 
        "short_term_average": 500273
    }, 
    {
        "date": "2012-06-30", 
        "operating_revenue": 460319, 
        "accumulated_operating_revenue": 2813867, 
        "long_term_average": 468977, 
        "short_term_average": 489633
    }, 
    {
        "date": "2012-07-31", 
        "operating_revenue": 483736, 
        "accumulated_operating_revenue": 3297603, 
        "long_term_average": 471086, 
        "short_term_average": 486836
    }, 
    {
        "date": "2012-08-31", 
        "operating_revenue": 443650, 
        "accumulated_operating_revenue": 3741253, 
        "long_term_average": 467656, 
        "short_term_average": 462568
    }, 
    {
        "date": "2012-09-30", 
        "operating_revenue": 379058, 
        "accumulated_operating_revenue": 4120311, 
        "long_term_average": 457812, 
        "short_term_average": 435481
    }, 
    {
        "date": "2012-10-31", 
        "operating_revenue": 359011, 
        "accumulated_operating_revenue": 4479322, 
        "long_term_average": 447932, 
        "short_term_average": 393906
    }, 
    {
        "date": "2012-11-30", 
        "operating_revenue": 349319, 
        "accumulated_operating_revenue": 4828641, 
        "long_term_average": 438967, 
        "short_term_average": 362462
    }, 
    {
        "date": "2012-12-31", 
        "operating_revenue": 395643, 
        "accumulated_operating_revenue": 5224284, 
        "long_term_average": 435357, 
        "short_term_average": 367991
    }, 
    {
        "accumulated_operating_revenue_yoy": 10.035401381370686, 
        "accumulated_operating_revenue": 475869, 
        "long_term_average": 438973, 
        "date": "2013-01-31", 
        "operating_revenue": 475869, 
        "short_term_average": 406943
    }, 
    {
        "accumulated_operating_revenue_yoy": 3.954362992228481, 
        "accumulated_operating_revenue": 886449, 
        "long_term_average": 438167, 
        "date": "2013-02-28", 
        "operating_revenue": 410580, 
        "short_term_average": 427364
    }, 
    {
        "accumulated_operating_revenue_yoy": 5.025253407704427, 
        "accumulated_operating_revenue": 1412555, 
        "long_term_average": 440989, 
        "date": "2013-03-31", 
        "operating_revenue": 526106, 
        "short_term_average": 470851
    }, 
    {
        "accumulated_operating_revenue_yoy": 5.771128625496913, 
        "accumulated_operating_revenue": 1943114, 
        "long_term_average": 444192, 
        "date": "2013-04-30", 
        "operating_revenue": 530559, 
        "short_term_average": 489081
    }, 
    {
        "accumulated_operating_revenue_yoy": 6.47452272059036, 
        "accumulated_operating_revenue": 2505929, 
        "long_term_average": 448055, 
        "date": "2013-05-31", 
        "operating_revenue": 562815, 
        "short_term_average": 539826
    }, 
    {
        "accumulated_operating_revenue_yoy": 8.075363903126908, 
        "accumulated_operating_revenue": 3041097, 
        "long_term_average": 454292, 
        "date": "2013-06-30", 
        "operating_revenue": 535168, 
        "short_term_average": 542847
    }, 
    {
        "accumulated_operating_revenue_yoy": 10.006086239004514, 
        "accumulated_operating_revenue": 3627564, 
        "long_term_average": 462853, 
        "date": "2013-07-31", 
        "operating_revenue": 586467, 
        "short_term_average": 561483
    }, 
    {
        "accumulated_operating_revenue_yoy": 13.319468103333296, 
        "accumulated_operating_revenue": 4239568, 
        "long_term_average": 476883, 
        "date": "2013-08-31", 
        "operating_revenue": 612004, 
        "short_term_average": 577879
    }, 
    {
        "accumulated_operating_revenue_yoy": 16.13113670303043, 
        "accumulated_operating_revenue": 4784964, 
        "long_term_average": 490744, 
        "date": "2013-09-30", 
        "operating_revenue": 545396, 
        "short_term_average": 581289
    }, 
    {
        "accumulated_operating_revenue_yoy": 19.25565967349523, 
        "accumulated_operating_revenue": 5341845, 
        "long_term_average": 507233, 
        "date": "2013-10-31", 
        "operating_revenue": 556881, 
        "short_term_average": 571427
    }, 
    {
        "accumulated_operating_revenue_yoy": 21.48730874794792, 
        "accumulated_operating_revenue": 5866186, 
        "long_term_average": 521819, 
        "date": "2013-11-30", 
        "operating_revenue": 524341, 
        "short_term_average": 542206
    }, 
    {
        "accumulated_operating_revenue_yoy": 23.487103687318683, 
        "accumulated_operating_revenue": 6451317, 
        "long_term_average": 537609, 
        "date": "2013-12-31", 
        "operating_revenue": 585131, 
        "short_term_average": 555451
    }, 
    {
        "accumulated_operating_revenue_yoy": 30.51701203482471, 
        "accumulated_operating_revenue": 621090, 
        "long_term_average": 549711, 
        "date": "2014-01-31", 
        "operating_revenue": 621090, 
        "short_term_average": 576854
    }, 
    {
        "accumulated_operating_revenue_yoy": 30.425326217300714, 
        "accumulated_operating_revenue": 1156154, 
        "long_term_average": 560085, 
        "date": "2014-02-28", 
        "operating_revenue": 535064, 
        "short_term_average": 580428
    }, 
    {
        "accumulated_operating_revenue_yoy": 25.354552566094775, 
        "accumulated_operating_revenue": 1770702, 
        "long_term_average": 567455, 
        "date": "2014-03-31", 
        "operating_revenue": 614548, 
        "short_term_average": 590234
    }, 
    {
        "accumulated_operating_revenue_yoy": 22.709166832208506, 
        "accumulated_operating_revenue": 2384379, 
        "long_term_average": 574381, 
        "date": "2014-04-30", 
        "operating_revenue": 613677, 
        "short_term_average": 587763
    }, 
    {
        "accumulated_operating_revenue_yoy": 20.102165703816826, 
        "accumulated_operating_revenue": 3009675, 
        "long_term_average": 579588, 
        "date": "2014-05-31", 
        "operating_revenue": 625296, 
        "short_term_average": 617840
    }, 
    {
        "accumulated_operating_revenue_yoy": 17.936586698812963, 
        "accumulated_operating_revenue": 3586566, 
        "long_term_average": 583065, 
        "date": "2014-06-30", 
        "operating_revenue": 576891, 
        "short_term_average": 605288
    }, 
    {
        "accumulated_operating_revenue_yoy": 16.63568168611222, 
        "accumulated_operating_revenue": 4231034, 
        "long_term_average": 587898, 
        "date": "2014-07-31", 
        "operating_revenue": 644468, 
        "short_term_average": 615551
    }, 
    {
        "accumulated_operating_revenue_yoy": 13.496964785091311, 
        "accumulated_operating_revenue": 4811781, 
        "long_term_average": 585294, 
        "date": "2014-08-31", 
        "operating_revenue": 580747, 
        "short_term_average": 600702
    }, 
    {
        "accumulated_operating_revenue_yoy": 12.907934103579462, 
        "accumulated_operating_revenue": 5402604, 
        "long_term_average": 589079, 
        "date": "2014-09-30", 
        "operating_revenue": 590823, 
        "short_term_average": 605346
    }, 
    {
        "accumulated_operating_revenue_yoy": 12.418312399554836, 
        "accumulated_operating_revenue": 6005212, 
        "long_term_average": 592890, 
        "date": "2014-10-31", 
        "operating_revenue": 602608, 
        "short_term_average": 591392
    }, 
    {
        "accumulated_operating_revenue_yoy": 11.268889189671109, 
        "accumulated_operating_revenue": 6527240, 
        "long_term_average": 592697, 
        "date": "2014-11-30", 
        "operating_revenue": 522028, 
        "short_term_average": 571819
    }, 
    {
        "accumulated_operating_revenue_yoy": 10.100681767769279, 
        "accumulated_operating_revenue": 7102944, 
        "long_term_average": 591912, 
        "date": "2014-12-31", 
        "operating_revenue": 575704, 
        "short_term_average": 566780
    }, 
    {
        "accumulated_operating_revenue_yoy": 5.836996248530809, 
        "accumulated_operating_revenue": 657343, 
        "long_term_average": 594933, 
        "date": "2015-01-31", 
        "operating_revenue": 657343, 
        "short_term_average": 585025
    }, 
    {
        "accumulated_operating_revenue_yoy": 0.6717098241237759, 
        "accumulated_operating_revenue": 1163920, 
        "long_term_average": 592559, 
        "date": "2015-02-28", 
        "operating_revenue": 506577, 
        "short_term_average": 579874
    }, 
    {
        "accumulated_operating_revenue_yoy": 3.600605861404121, 
        "accumulated_operating_revenue": 1834458, 
        "long_term_average": 597225, 
        "date": "2015-03-31", 
        "operating_revenue": 670538, 
        "short_term_average": 611486
    }, 
    {
        "accumulated_operating_revenue_yoy": 2.1159387832219623, 
        "accumulated_operating_revenue": 2434831, 
        "long_term_average": 596116, 
        "date": "2015-04-30", 
        "operating_revenue": 600373, 
        "short_term_average": 592496
    }, 
    {
        "accumulated_operating_revenue_yoy": -1.2174404213079486, 
        "accumulated_operating_revenue": 2973034, 
        "long_term_average": 588858, 
        "date": "2015-05-31", 
        "operating_revenue": 538203, 
        "short_term_average": 603038
    }, 
    {
        "accumulated_operating_revenue_yoy": -1.3653450124715396, 
        "accumulated_operating_revenue": 3537597, 
        "long_term_average": 587831, 
        "date": "2015-06-30", 
        "operating_revenue": 564563, 
        "short_term_average": 567713
    }, 
    {
        "accumulated_operating_revenue_yoy": -3.715923814367835, 
        "accumulated_operating_revenue": 4073812, 
        "long_term_average": 578810, 
        "date": "2015-07-31", 
        "operating_revenue": 536215, 
        "short_term_average": 546327
    }, 
    {
        "accumulated_operating_revenue_yoy": -4.387626951434406, 
        "accumulated_operating_revenue": 4600658, 
        "long_term_average": 574318, 
        "date": "2015-08-31", 
        "operating_revenue": 526846, 
        "short_term_average": 542541
    }
]