[
    {
        "date": "2012-01-31", 
        "operating_revenue": 867544, 
        "accumulated_operating_revenue": 867544, 
        "long_term_average": 867544, 
        "short_term_average": 867544
    }, 
    {
        "date": "2012-02-29", 
        "operating_revenue": 1044110, 
        "accumulated_operating_revenue": 1911654, 
        "long_term_average": 955827, 
        "short_term_average": 955827
    }, 
    {
        "date": "2012-03-31", 
        "operating_revenue": 1093516, 
        "accumulated_operating_revenue": 3005170, 
        "long_term_average": 1001723, 
        "short_term_average": 1001723
    }, 
    {
        "date": "2012-04-30", 
        "operating_revenue": 1110656, 
        "accumulated_operating_revenue": 4115826, 
        "long_term_average": 1028956, 
        "short_term_average": 1082760
    }, 
    {
        "date": "2012-05-31", 
        "operating_revenue": 1254906, 
        "accumulated_operating_revenue": 5370732, 
        "long_term_average": 1074146, 
        "short_term_average": 1153026
    }, 
    {
        "date": "2012-06-30", 
        "operating_revenue": 776452, 
        "accumulated_operating_revenue": 6147184, 
        "long_term_average": 1024530, 
        "short_term_average": 1047338
    }, 
    {
        "date": "2012-07-31", 
        "operating_revenue": 995286, 
        "accumulated_operating_revenue": 7142470, 
        "long_term_average": 1020352, 
        "short_term_average": 1008881
    }, 
    {
        "date": "2012-08-31", 
        "operating_revenue": 904033, 
        "accumulated_operating_revenue": 8046503, 
        "long_term_average": 1005812, 
        "short_term_average": 891923
    }, 
    {
        "date": "2012-09-30", 
        "operating_revenue": 1118048, 
        "accumulated_operating_revenue": 9164551, 
        "long_term_average": 1018283, 
        "short_term_average": 1005789
    }, 
    {
        "date": "2012-10-31", 
        "operating_revenue": 870301, 
        "accumulated_operating_revenue": 10034852, 
        "long_term_average": 1003485, 
        "short_term_average": 964127
    }, 
    {
        "date": "2012-11-30", 
        "operating_revenue": 829033, 
        "accumulated_operating_revenue": 10863885, 
        "long_term_average": 987625, 
        "short_term_average": 939127
    }, 
    {
        "date": "2012-12-31", 
        "operating_revenue": 537726, 
        "accumulated_operating_revenue": 11401611, 
        "long_term_average": 950134, 
        "short_term_average": 745686
    }, 
    {
        "accumulated_operating_revenue_yoy": -7.04909491622327, 
        "accumulated_operating_revenue": 806390, 
        "long_term_average": 945038, 
        "date": "2013-01-31", 
        "operating_revenue": 806390, 
        "short_term_average": 724383
    }, 
    {
        "accumulated_operating_revenue_yoy": -24.214266807696372, 
        "accumulated_operating_revenue": 1448761, 
        "long_term_average": 911559, 
        "date": "2013-02-28", 
        "operating_revenue": 642371, 
        "short_term_average": 662162
    }, 
    {
        "accumulated_operating_revenue_yoy": -21.1727123590346, 
        "accumulated_operating_revenue": 2368894, 
        "long_term_average": 897111, 
        "date": "2013-03-31", 
        "operating_revenue": 920133, 
        "short_term_average": 789631
    }, 
    {
        "accumulated_operating_revenue_yoy": -17.909333387757403, 
        "accumulated_operating_revenue": 3378709, 
        "long_term_average": 888707, 
        "date": "2013-04-30", 
        "operating_revenue": 1009815, 
        "short_term_average": 857439
    }, 
    {
        "accumulated_operating_revenue_yoy": -18.61033095674854, 
        "accumulated_operating_revenue": 4371221, 
        "long_term_average": 866841, 
        "date": "2013-05-31", 
        "operating_revenue": 992512, 
        "short_term_average": 974153
    }, 
    {
        "accumulated_operating_revenue_yoy": -15.972256564957224, 
        "accumulated_operating_revenue": 5165340, 
        "long_term_average": 868313, 
        "date": "2013-06-30", 
        "operating_revenue": 794119, 
        "short_term_average": 932148
    }, 
    {
        "accumulated_operating_revenue_yoy": -15.423109932558345, 
        "accumulated_operating_revenue": 6040879, 
        "long_term_average": 858335, 
        "date": "2013-07-31", 
        "operating_revenue": 875539, 
        "short_term_average": 887390
    }, 
    {
        "accumulated_operating_revenue_yoy": -12.97090176937733, 
        "accumulated_operating_revenue": 7002799, 
        "long_term_average": 863158, 
        "date": "2013-08-31", 
        "operating_revenue": 961920, 
        "short_term_average": 877192
    }, 
    {
        "accumulated_operating_revenue_yoy": -13.632168122584511, 
        "accumulated_operating_revenue": 7915224, 
        "long_term_average": 846023, 
        "date": "2013-09-30", 
        "operating_revenue": 912425, 
        "short_term_average": 916628
    }, 
    {
        "accumulated_operating_revenue_yoy": -11.699883565796485, 
        "accumulated_operating_revenue": 8860786, 
        "long_term_average": 852295, 
        "date": "2013-10-31", 
        "operating_revenue": 945562, 
        "short_term_average": 939969
    }, 
    {
        "accumulated_operating_revenue_yoy": -9.901006868169167, 
        "accumulated_operating_revenue": 9788251, 
        "long_term_average": 860498, 
        "date": "2013-11-30", 
        "operating_revenue": 927465, 
        "short_term_average": 928484
    }, 
    {
        "accumulated_operating_revenue_yoy": -5.9324598953604015, 
        "accumulated_operating_revenue": 10725215, 
        "long_term_average": 893767, 
        "date": "2013-12-31", 
        "operating_revenue": 936964, 
        "short_term_average": 936663
    }, 
    {
        "accumulated_operating_revenue_yoy": 15.854735301777056, 
        "accumulated_operating_revenue": 934241, 
        "long_term_average": 904422, 
        "date": "2014-01-31", 
        "operating_revenue": 934241, 
        "short_term_average": 932890
    }, 
    {
        "accumulated_operating_revenue_yoy": 27.02578272054535, 
        "accumulated_operating_revenue": 1840300, 
        "long_term_average": 926396, 
        "date": "2014-02-28", 
        "operating_revenue": 906059, 
        "short_term_average": 925754
    }, 
    {
        "accumulated_operating_revenue_yoy": 19.724479018478664, 
        "accumulated_operating_revenue": 2836146, 
        "long_term_average": 932705, 
        "date": "2014-03-31", 
        "operating_revenue": 995846, 
        "short_term_average": 945382
    }, 
    {
        "accumulated_operating_revenue_yoy": 13.157777127299214, 
        "accumulated_operating_revenue": 3823272, 
        "long_term_average": 930814, 
        "date": "2014-04-30", 
        "operating_revenue": 987126, 
        "short_term_average": 963010
    }, 
    {
        "accumulated_operating_revenue_yoy": 13.835127530728828, 
        "accumulated_operating_revenue": 4975985, 
        "long_term_average": 944164, 
        "date": "2014-05-31", 
        "operating_revenue": 1152713, 
        "short_term_average": 1045228
    }, 
    {
        "accumulated_operating_revenue_yoy": 15.878761127050689, 
        "accumulated_operating_revenue": 5985532, 
        "long_term_average": 962117, 
        "date": "2014-06-30", 
        "operating_revenue": 1009547, 
        "short_term_average": 1049795
    }, 
    {
        "accumulated_operating_revenue_yoy": 15.770685027791483, 
        "accumulated_operating_revenue": 6993567, 
        "long_term_average": 973158, 
        "date": "2014-07-31", 
        "operating_revenue": 1008035, 
        "short_term_average": 1056765
    }, 
    {
        "accumulated_operating_revenue_yoy": 14.942082444462566, 
        "accumulated_operating_revenue": 8049163, 
        "long_term_average": 980964, 
        "date": "2014-08-31", 
        "operating_revenue": 1055596, 
        "short_term_average": 1024392
    }, 
    {
        "accumulated_operating_revenue_yoy": 15.289914726355185, 
        "accumulated_operating_revenue": 9125455, 
        "long_term_average": 994620, 
        "date": "2014-09-30", 
        "operating_revenue": 1076292, 
        "short_term_average": 1046641
    }, 
    {
        "accumulated_operating_revenue_yoy": 14.403022485815592, 
        "accumulated_operating_revenue": 10137007, 
        "long_term_average": 1000119, 
        "date": "2014-10-31", 
        "operating_revenue": 1011552, 
        "short_term_average": 1047813
    }, 
    {
        "accumulated_operating_revenue_yoy": 13.870394210365058, 
        "accumulated_operating_revenue": 11145920, 
        "long_term_average": 1006907, 
        "date": "2014-11-30", 
        "operating_revenue": 1008913, 
        "short_term_average": 1032252
    }, 
    {
        "accumulated_operating_revenue_yoy": 13.593191371921215, 
        "accumulated_operating_revenue": 12183114, 
        "long_term_average": 1015259, 
        "date": "2014-12-31", 
        "operating_revenue": 1037194, 
        "short_term_average": 1019219
    }, 
    {
        "accumulated_operating_revenue_yoy": 11.674289610496649, 
        "accumulated_operating_revenue": 1043307, 
        "long_term_average": 1024348, 
        "date": "2015-01-31", 
        "operating_revenue": 1043307, 
        "short_term_average": 1029804
    }, 
    {
        "accumulated_operating_revenue_yoy": 5.038526327229256, 
        "accumulated_operating_revenue": 1933024, 
        "long_term_average": 1022986, 
        "date": "2015-02-28", 
        "operating_revenue": 889717, 
        "short_term_average": 990072
    }, 
    {
        "accumulated_operating_revenue_yoy": 8.152471699270771, 
        "accumulated_operating_revenue": 3067362, 
        "long_term_average": 1034527, 
        "date": "2015-03-31", 
        "operating_revenue": 1134338, 
        "short_term_average": 1022454
    }, 
    {
        "accumulated_operating_revenue_yoy": 7.363248024205444, 
        "accumulated_operating_revenue": 4104789, 
        "long_term_average": 1038719, 
        "date": "2015-04-30", 
        "operating_revenue": 1037427, 
        "short_term_average": 1020494
    }, 
    {
        "accumulated_operating_revenue_yoy": 2.6652411532591036, 
        "accumulated_operating_revenue": 5108607, 
        "long_term_average": 1026311, 
        "date": "2015-05-31", 
        "operating_revenue": 1003818, 
        "short_term_average": 1058527
    }, 
    {
        "accumulated_operating_revenue_yoy": 1.236398034460429, 
        "accumulated_operating_revenue": 6059537, 
        "long_term_average": 1021426, 
        "date": "2015-06-30", 
        "operating_revenue": 950930, 
        "short_term_average": 997391
    }, 
    {
        "accumulated_operating_revenue_yoy": -0.3071108062595239, 
        "accumulated_operating_revenue": 6972089, 
        "long_term_average": 1013469, 
        "date": "2015-07-31", 
        "operating_revenue": 912552, 
        "short_term_average": 955766
    }, 
    {
        "accumulated_operating_revenue_yoy": -1.8879851234221496, 
        "accumulated_operating_revenue": 7897196, 
        "long_term_average": 1002595, 
        "date": "2015-08-31", 
        "operating_revenue": 925107, 
        "short_term_average": 929529
    }, 
    {
        "accumulated_operating_revenue_yoy": -4.710066511752017, 
        "accumulated_operating_revenue": 8695640, 
        "long_term_average": 979441, 
        "date": "2015-09-30", 
        "operating_revenue": 798444, 
        "short_term_average": 878701
    }
]