[
    {
        "date": "2012-01-31", 
        "operating_revenue": 52198, 
        "accumulated_operating_revenue": 52198, 
        "long_term_average": 52198, 
        "short_term_average": 52198
    }, 
    {
        "date": "2012-02-29", 
        "operating_revenue": 91580, 
        "accumulated_operating_revenue": 143778, 
        "long_term_average": 71889, 
        "short_term_average": 71889
    }, 
    {
        "date": "2012-03-31", 
        "operating_revenue": 91348, 
        "accumulated_operating_revenue": 235126, 
        "long_term_average": 78375, 
        "short_term_average": 78375
    }, 
    {
        "date": "2012-04-30", 
        "operating_revenue": 94283, 
        "accumulated_operating_revenue": 329409, 
        "long_term_average": 82352, 
        "short_term_average": 92403
    }, 
    {
        "date": "2012-05-31", 
        "operating_revenue": 108333, 
        "accumulated_operating_revenue": 437742, 
        "long_term_average": 87548, 
        "short_term_average": 97988
    }, 
    {
        "date": "2012-06-30", 
        "operating_revenue": 77901, 
        "accumulated_operating_revenue": 515643, 
        "long_term_average": 85940, 
        "short_term_average": 93505
    }, 
    {
        "date": "2012-07-31", 
        "operating_revenue": 81532, 
        "accumulated_operating_revenue": 597175, 
        "long_term_average": 85310, 
        "short_term_average": 89255
    }, 
    {
        "date": "2012-08-31", 
        "operating_revenue": 67083, 
        "accumulated_operating_revenue": 664258, 
        "long_term_average": 83032, 
        "short_term_average": 75505
    }, 
    {
        "date": "2012-09-30", 
        "operating_revenue": 49612, 
        "accumulated_operating_revenue": 713870, 
        "long_term_average": 79318, 
        "short_term_average": 66075
    }, 
    {
        "date": "2012-10-31", 
        "operating_revenue": 73594, 
        "accumulated_operating_revenue": 787464, 
        "long_term_average": 78746, 
        "short_term_average": 63429
    }, 
    {
        "date": "2012-11-30", 
        "operating_revenue": 71609, 
        "accumulated_operating_revenue": 859073, 
        "long_term_average": 78097, 
        "short_term_average": 64938
    }, 
    {
        "date": "2012-12-31", 
        "operating_revenue": 70347, 
        "accumulated_operating_revenue": 929420, 
        "long_term_average": 77451, 
        "short_term_average": 71850
    }, 
    {
        "accumulated_operating_revenue_yoy": 70.76133185179508, 
        "accumulated_operating_revenue": 89134, 
        "long_term_average": 80529, 
        "date": "2013-01-31", 
        "operating_revenue": 89134, 
        "short_term_average": 77030
    }, 
    {
        "accumulated_operating_revenue_yoy": -2.709733060690787, 
        "accumulated_operating_revenue": 139882, 
        "long_term_average": 77127, 
        "date": "2013-02-28", 
        "operating_revenue": 50748, 
        "short_term_average": 70076
    }, 
    {
        "accumulated_operating_revenue_yoy": -9.643340166549, 
        "accumulated_operating_revenue": 212452, 
        "long_term_average": 75562, 
        "date": "2013-03-31", 
        "operating_revenue": 72570, 
        "short_term_average": 70817
    }, 
    {
        "accumulated_operating_revenue_yoy": -10.868555503947979, 
        "accumulated_operating_revenue": 293607, 
        "long_term_average": 74468, 
        "date": "2013-04-30", 
        "operating_revenue": 81155, 
        "short_term_average": 68157
    }, 
    {
        "accumulated_operating_revenue_yoy": -15.293711821118375, 
        "accumulated_operating_revenue": 370795, 
        "long_term_average": 71872, 
        "date": "2013-05-31", 
        "operating_revenue": 77188, 
        "short_term_average": 76971
    }, 
    {
        "accumulated_operating_revenue_yoy": -13.511673774297334, 
        "accumulated_operating_revenue": 445971, 
        "long_term_average": 71645, 
        "date": "2013-06-30", 
        "operating_revenue": 75176, 
        "short_term_average": 77839
    }, 
    {
        "accumulated_operating_revenue_yoy": -13.152928371080504, 
        "accumulated_operating_revenue": 518629, 
        "long_term_average": 70906, 
        "date": "2013-07-31", 
        "operating_revenue": 72658, 
        "short_term_average": 75007
    }, 
    {
        "accumulated_operating_revenue_yoy": -11.212360257610747, 
        "accumulated_operating_revenue": 589779, 
        "long_term_average": 71245, 
        "date": "2013-08-31", 
        "operating_revenue": 71150, 
        "short_term_average": 72994
    }, 
    {
        "accumulated_operating_revenue_yoy": -10.186168349979688, 
        "accumulated_operating_revenue": 641154, 
        "long_term_average": 71392, 
        "date": "2013-09-30", 
        "operating_revenue": 51375, 
        "short_term_average": 65061
    }, 
    {
        "accumulated_operating_revenue_yoy": -12.285894974246443, 
        "accumulated_operating_revenue": 690717, 
        "long_term_average": 69389, 
        "date": "2013-10-31", 
        "operating_revenue": 49563, 
        "short_term_average": 57362
    }, 
    {
        "accumulated_operating_revenue_yoy": -13.839918144325337, 
        "accumulated_operating_revenue": 740178, 
        "long_term_average": 67543, 
        "date": "2013-11-30", 
        "operating_revenue": 49461, 
        "short_term_average": 50133
    }, 
    {
        "accumulated_operating_revenue_yoy": -13.417615286953152, 
        "accumulated_operating_revenue": 804714, 
        "long_term_average": 67059, 
        "date": "2013-12-31", 
        "operating_revenue": 64536, 
        "short_term_average": 54520
    }, 
    {
        "accumulated_operating_revenue_yoy": 1.7883187111539929, 
        "accumulated_operating_revenue": 90728, 
        "long_term_average": 67192, 
        "date": "2014-01-31", 
        "operating_revenue": 90728, 
        "short_term_average": 68241
    }, 
    {
        "accumulated_operating_revenue_yoy": 18.376917687765403, 
        "accumulated_operating_revenue": 165588, 
        "long_term_average": 69201, 
        "date": "2014-02-28", 
        "operating_revenue": 74860, 
        "short_term_average": 76708
    }, 
    {
        "accumulated_operating_revenue_yoy": 29.229661288196862, 
        "accumulated_operating_revenue": 274551, 
        "long_term_average": 72234, 
        "date": "2014-03-31", 
        "operating_revenue": 108963, 
        "short_term_average": 91517
    }, 
    {
        "accumulated_operating_revenue_yoy": 22.911579083604956, 
        "accumulated_operating_revenue": 360877, 
        "long_term_average": 72665, 
        "date": "2014-04-30", 
        "operating_revenue": 86326, 
        "short_term_average": 90049
    }, 
    {
        "accumulated_operating_revenue_yoy": 23.11384997100824, 
        "accumulated_operating_revenue": 456500, 
        "long_term_average": 74201, 
        "date": "2014-05-31", 
        "operating_revenue": 95623, 
        "short_term_average": 96970
    }, 
    {
        "accumulated_operating_revenue_yoy": 19.208199636299224, 
        "accumulated_operating_revenue": 531634, 
        "long_term_average": 74198, 
        "date": "2014-06-30", 
        "operating_revenue": 75134, 
        "short_term_average": 85694
    }, 
    {
        "accumulated_operating_revenue_yoy": 23.310883116833033, 
        "accumulated_operating_revenue": 639526, 
        "long_term_average": 77134, 
        "date": "2014-07-31", 
        "operating_revenue": 107892, 
        "short_term_average": 92883
    }, 
    {
        "accumulated_operating_revenue_yoy": 19.559699480652924, 
        "accumulated_operating_revenue": 705138, 
        "long_term_average": 76672, 
        "date": "2014-08-31", 
        "operating_revenue": 65612, 
        "short_term_average": 82879
    }, 
    {
        "accumulated_operating_revenue_yoy": 21.63411598461524, 
        "accumulated_operating_revenue": 779862, 
        "long_term_average": 78618, 
        "date": "2014-09-30", 
        "operating_revenue": 74724, 
        "short_term_average": 82742
    }, 
    {
        "accumulated_operating_revenue_yoy": 25.460789295760783, 
        "accumulated_operating_revenue": 866579, 
        "long_term_average": 81714, 
        "date": "2014-10-31", 
        "operating_revenue": 86717, 
        "short_term_average": 75684
    }, 
    {
        "accumulated_operating_revenue_yoy": 24.350494070345242, 
        "accumulated_operating_revenue": 920415, 
        "long_term_average": 82079, 
        "date": "2014-11-30", 
        "operating_revenue": 53836, 
        "short_term_average": 71759
    }, 
    {
        "accumulated_operating_revenue_yoy": 23.66256831619681, 
        "accumulated_operating_revenue": 995130, 
        "long_term_average": 82927, 
        "date": "2014-12-31", 
        "operating_revenue": 74715, 
        "short_term_average": 71756
    }, 
    {
        "accumulated_operating_revenue_yoy": 16.259589101490167, 
        "accumulated_operating_revenue": 105480, 
        "long_term_average": 84156, 
        "date": "2015-01-31", 
        "operating_revenue": 105480, 
        "short_term_average": 78010
    }, 
    {
        "accumulated_operating_revenue_yoy": 10.208469212744884, 
        "accumulated_operating_revenue": 182492, 
        "long_term_average": 84336, 
        "date": "2015-02-28", 
        "operating_revenue": 77012, 
        "short_term_average": 85735
    }, 
    {
        "accumulated_operating_revenue_yoy": -7.837523811605129, 
        "accumulated_operating_revenue": 253033, 
        "long_term_average": 81134, 
        "date": "2015-03-31", 
        "operating_revenue": 70541, 
        "short_term_average": 84344
    }, 
    {
        "accumulated_operating_revenue_yoy": -15.02090740058247, 
        "accumulated_operating_revenue": 306670, 
        "long_term_average": 78410, 
        "date": "2015-04-30", 
        "operating_revenue": 53637, 
        "short_term_average": 67063
    }, 
    {
        "accumulated_operating_revenue_yoy": -16.19912376779847, 
        "accumulated_operating_revenue": 382551, 
        "long_term_average": 76765, 
        "date": "2015-05-31", 
        "operating_revenue": 75881, 
        "short_term_average": 66686
    }, 
    {
        "accumulated_operating_revenue_yoy": -14.292727703645742, 
        "accumulated_operating_revenue": 455649, 
        "long_term_average": 76595, 
        "date": "2015-06-30", 
        "operating_revenue": 73098, 
        "short_term_average": 67538
    }, 
    {
        "accumulated_operating_revenue_yoy": -17.0601351626048, 
        "accumulated_operating_revenue": 530422, 
        "long_term_average": 73835, 
        "date": "2015-07-31", 
        "operating_revenue": 74773, 
        "short_term_average": 74584
    }, 
    {
        "accumulated_operating_revenue_yoy": -11.554759493886303, 
        "accumulated_operating_revenue": 623661, 
        "long_term_average": 76137, 
        "date": "2015-08-31", 
        "operating_revenue": 93239, 
        "short_term_average": 80370
    }
]