[
    {
        "date": "2012-01-31", 
        "operating_revenue": 257381, 
        "accumulated_operating_revenue": 257381, 
        "long_term_average": 257381, 
        "short_term_average": 257381
    }, 
    {
        "date": "2012-02-29", 
        "operating_revenue": 360722, 
        "accumulated_operating_revenue": 618103, 
        "long_term_average": 309051, 
        "short_term_average": 309051
    }, 
    {
        "date": "2012-03-31", 
        "operating_revenue": 461788, 
        "accumulated_operating_revenue": 1079891, 
        "long_term_average": 359963, 
        "short_term_average": 359963
    }, 
    {
        "date": "2012-04-30", 
        "operating_revenue": 387871, 
        "accumulated_operating_revenue": 1467762, 
        "long_term_average": 366940, 
        "short_term_average": 403460
    }, 
    {
        "date": "2012-05-31", 
        "operating_revenue": 416668, 
        "accumulated_operating_revenue": 1884430, 
        "long_term_average": 376886, 
        "short_term_average": 422109
    }, 
    {
        "date": "2012-06-30", 
        "operating_revenue": 291165, 
        "accumulated_operating_revenue": 2175595, 
        "long_term_average": 362599, 
        "short_term_average": 365234
    }, 
    {
        "date": "2012-07-31", 
        "operating_revenue": 370201, 
        "accumulated_operating_revenue": 2545796, 
        "long_term_average": 363685, 
        "short_term_average": 359344
    }, 
    {
        "date": "2012-08-31", 
        "operating_revenue": 356739, 
        "accumulated_operating_revenue": 2902535, 
        "long_term_average": 362816, 
        "short_term_average": 339368
    }, 
    {
        "date": "2012-09-30", 
        "operating_revenue": 356545, 
        "accumulated_operating_revenue": 3259080, 
        "long_term_average": 362120, 
        "short_term_average": 361161
    }, 
    {
        "date": "2012-10-31", 
        "operating_revenue": 344657, 
        "accumulated_operating_revenue": 3603737, 
        "long_term_average": 360373, 
        "short_term_average": 352647
    }, 
    {
        "date": "2012-11-30", 
        "operating_revenue": 340863, 
        "accumulated_operating_revenue": 3944600, 
        "long_term_average": 358600, 
        "short_term_average": 347355
    }, 
    {
        "date": "2012-12-31", 
        "operating_revenue": 350591, 
        "accumulated_operating_revenue": 4295191, 
        "long_term_average": 357932, 
        "short_term_average": 345370
    }, 
    {
        "accumulated_operating_revenue_yoy": 29.704601349749982, 
        "accumulated_operating_revenue": 333835, 
        "long_term_average": 364303, 
        "date": "2013-01-31", 
        "operating_revenue": 333835, 
        "short_term_average": 341763
    }, 
    {
        "accumulated_operating_revenue_yoy": -8.810829263083985, 
        "accumulated_operating_revenue": 563643, 
        "long_term_average": 353394, 
        "date": "2013-02-28", 
        "operating_revenue": 229808, 
        "short_term_average": 304744
    }, 
    {
        "accumulated_operating_revenue_yoy": -5.061621959994111, 
        "accumulated_operating_revenue": 1025231, 
        "long_term_average": 353377, 
        "date": "2013-03-31", 
        "operating_revenue": 461588, 
        "short_term_average": 341743
    }, 
    {
        "accumulated_operating_revenue_yoy": 0.594169899479616, 
        "accumulated_operating_revenue": 1476483, 
        "long_term_average": 358659, 
        "date": "2013-04-30", 
        "operating_revenue": 451252, 
        "short_term_average": 380882
    }, 
    {
        "accumulated_operating_revenue_yoy": 2.154762978725662, 
        "accumulated_operating_revenue": 1925035, 
        "long_term_average": 361316, 
        "date": "2013-05-31", 
        "operating_revenue": 448552, 
        "short_term_average": 453797
    }, 
    {
        "accumulated_operating_revenue_yoy": 6.189892879878838, 
        "accumulated_operating_revenue": 2310262, 
        "long_term_average": 369154, 
        "date": "2013-06-30", 
        "operating_revenue": 385227, 
        "short_term_average": 428343
    }, 
    {
        "accumulated_operating_revenue_yoy": 6.7411528653513475, 
        "accumulated_operating_revenue": 2717412, 
        "long_term_average": 372233, 
        "date": "2013-07-31", 
        "operating_revenue": 407150, 
        "short_term_average": 413643
    }, 
    {
        "accumulated_operating_revenue_yoy": 7.904228545047691, 
        "accumulated_operating_revenue": 3131958, 
        "long_term_average": 377051, 
        "date": "2013-08-31", 
        "operating_revenue": 414546, 
        "short_term_average": 402307
    }, 
    {
        "accumulated_operating_revenue_yoy": 8.394055991261338, 
        "accumulated_operating_revenue": 3532649, 
        "long_term_average": 380730, 
        "date": "2013-09-30", 
        "operating_revenue": 400691, 
        "short_term_average": 407462
    }, 
    {
        "accumulated_operating_revenue_yoy": 10.52069005035606, 
        "accumulated_operating_revenue": 3982875, 
        "long_term_average": 389527, 
        "date": "2013-10-31", 
        "operating_revenue": 450226, 
        "short_term_average": 421821
    }, 
    {
        "accumulated_operating_revenue_yoy": 13.316990315874866, 
        "accumulated_operating_revenue": 4469902, 
        "long_term_average": 401707, 
        "date": "2013-11-30", 
        "operating_revenue": 487027, 
        "short_term_average": 445981
    }, 
    {
        "accumulated_operating_revenue_yoy": 15.264466702412069, 
        "accumulated_operating_revenue": 4950829, 
        "long_term_average": 412569, 
        "date": "2013-12-31", 
        "operating_revenue": 480927, 
        "short_term_average": 472726
    }, 
    {
        "accumulated_operating_revenue_yoy": 25.42303832731739, 
        "accumulated_operating_revenue": 418706, 
        "long_term_average": 419641, 
        "date": "2014-01-31", 
        "operating_revenue": 418706, 
        "short_term_average": 462220
    }, 
    {
        "accumulated_operating_revenue_yoy": 42.394033102513475, 
        "accumulated_operating_revenue": 802594, 
        "long_term_average": 432481, 
        "date": "2014-02-28", 
        "operating_revenue": 383888, 
        "short_term_average": 427840
    }, 
    {
        "accumulated_operating_revenue_yoy": 24.172503562611745, 
        "accumulated_operating_revenue": 1273055, 
        "long_term_average": 433221, 
        "date": "2014-03-31", 
        "operating_revenue": 470461, 
        "short_term_average": 424351
    }, 
    {
        "accumulated_operating_revenue_yoy": 14.706366412617008, 
        "accumulated_operating_revenue": 1693620, 
        "long_term_average": 430663, 
        "date": "2014-04-30", 
        "operating_revenue": 420565, 
        "short_term_average": 424971
    }, 
    {
        "accumulated_operating_revenue_yoy": 11.064889729277649, 
        "accumulated_operating_revenue": 2138038, 
        "long_term_average": 430319, 
        "date": "2014-05-31", 
        "operating_revenue": 444418, 
        "short_term_average": 445148
    }, 
    {
        "accumulated_operating_revenue_yoy": 12.054520223247406, 
        "accumulated_operating_revenue": 2588753, 
        "long_term_average": 435776, 
        "date": "2014-06-30", 
        "operating_revenue": 450715, 
        "short_term_average": 438566
    }, 
    {
        "accumulated_operating_revenue_yoy": 12.05154021546972, 
        "accumulated_operating_revenue": 3044902, 
        "long_term_average": 439859, 
        "date": "2014-07-31", 
        "operating_revenue": 456149, 
        "short_term_average": 450427
    }, 
    {
        "accumulated_operating_revenue_yoy": 12.70965319458307, 
        "accumulated_operating_revenue": 3530019, 
        "long_term_average": 445740, 
        "date": "2014-08-31", 
        "operating_revenue": 485117, 
        "short_term_average": 463993
    }, 
    {
        "accumulated_operating_revenue_yoy": 14.33725796137686, 
        "accumulated_operating_revenue": 4039134, 
        "long_term_average": 454776, 
        "date": "2014-09-30", 
        "operating_revenue": 509115, 
        "short_term_average": 483460
    }, 
    {
        "accumulated_operating_revenue_yoy": 14.80262373285629, 
        "accumulated_operating_revenue": 4572445, 
        "long_term_average": 461699, 
        "date": "2014-10-31", 
        "operating_revenue": 533311, 
        "short_term_average": 509181
    }, 
    {
        "accumulated_operating_revenue_yoy": 13.60624908555042, 
        "accumulated_operating_revenue": 5078088, 
        "long_term_average": 463251, 
        "date": "2014-11-30", 
        "operating_revenue": 505643, 
        "short_term_average": 516023
    }, 
    {
        "accumulated_operating_revenue_yoy": 13.573847935365976, 
        "accumulated_operating_revenue": 5622847, 
        "long_term_average": 468570, 
        "date": "2014-12-31", 
        "operating_revenue": 544759, 
        "short_term_average": 527904
    }, 
    {
        "accumulated_operating_revenue_yoy": 14.35422468271293, 
        "accumulated_operating_revenue": 478808, 
        "long_term_average": 473579, 
        "date": "2015-01-31", 
        "operating_revenue": 478808, 
        "short_term_average": 509736
    }, 
    {
        "accumulated_operating_revenue_yoy": 0.08323012631542225, 
        "accumulated_operating_revenue": 803262, 
        "long_term_average": 468626, 
        "date": "2015-02-28", 
        "operating_revenue": 324454, 
        "short_term_average": 449340
    }, 
    {
        "accumulated_operating_revenue_yoy": 3.8204947940191114, 
        "accumulated_operating_revenue": 1321692, 
        "long_term_average": 472623, 
        "date": "2015-03-31", 
        "operating_revenue": 518430, 
        "short_term_average": 440564
    }, 
    {
        "accumulated_operating_revenue_yoy": 5.024976086725476, 
        "accumulated_operating_revenue": 1778724, 
        "long_term_average": 475662, 
        "date": "2015-04-30", 
        "operating_revenue": 457032, 
        "short_term_average": 433305
    }, 
    {
        "accumulated_operating_revenue_yoy": 2.197856165325406, 
        "accumulated_operating_revenue": 2185029, 
        "long_term_average": 472486, 
        "date": "2015-05-31", 
        "operating_revenue": 406305, 
        "short_term_average": 460589
    }, 
    {
        "accumulated_operating_revenue_yoy": -0.25626237806387864, 
        "accumulated_operating_revenue": 2582119, 
        "long_term_average": 468017, 
        "date": "2015-06-30", 
        "operating_revenue": 397090, 
        "short_term_average": 420142
    }, 
    {
        "accumulated_operating_revenue_yoy": -1.5002124863131885, 
        "accumulated_operating_revenue": 2999222, 
        "long_term_average": 464763, 
        "date": "2015-07-31", 
        "operating_revenue": 417103, 
        "short_term_average": 406832
    }, 
    {
        "accumulated_operating_revenue_yoy": -4.805384900194588, 
        "accumulated_operating_revenue": 3360388, 
        "long_term_average": 454434, 
        "date": "2015-08-31", 
        "operating_revenue": 361166, 
        "short_term_average": 391786
    }, 
    {
        "accumulated_operating_revenue_yoy": -7.1836438206803725, 
        "accumulated_operating_revenue": 3748977, 
        "long_term_average": 444390, 
        "date": "2015-09-30", 
        "operating_revenue": 388589, 
        "short_term_average": 388952
    }
]