[
    {
        "date": "2012-01-31", 
        "operating_revenue": 553841, 
        "accumulated_operating_revenue": 553841, 
        "long_term_average": 553841, 
        "short_term_average": 553841
    }, 
    {
        "date": "2012-02-29", 
        "operating_revenue": 1123631, 
        "accumulated_operating_revenue": 1677472, 
        "long_term_average": 838736, 
        "short_term_average": 838736
    }, 
    {
        "date": "2012-03-31", 
        "operating_revenue": 1318285, 
        "accumulated_operating_revenue": 2995757, 
        "long_term_average": 998585, 
        "short_term_average": 998585
    }, 
    {
        "date": "2012-04-30", 
        "operating_revenue": 1173100, 
        "accumulated_operating_revenue": 4168857, 
        "long_term_average": 1042214, 
        "short_term_average": 1205005
    }, 
    {
        "date": "2012-05-31", 
        "operating_revenue": 1288470, 
        "accumulated_operating_revenue": 5457327, 
        "long_term_average": 1091465, 
        "short_term_average": 1259951
    }, 
    {
        "date": "2012-06-30", 
        "operating_revenue": 1174092, 
        "accumulated_operating_revenue": 6631419, 
        "long_term_average": 1105236, 
        "short_term_average": 1211887
    }, 
    {
        "date": "2012-07-31", 
        "operating_revenue": 935920, 
        "accumulated_operating_revenue": 7567339, 
        "long_term_average": 1081048, 
        "short_term_average": 1132827
    }, 
    {
        "date": "2012-08-31", 
        "operating_revenue": 1441277, 
        "accumulated_operating_revenue": 9008616, 
        "long_term_average": 1126077, 
        "short_term_average": 1183763
    }, 
    {
        "date": "2012-09-30", 
        "operating_revenue": 1434426, 
        "accumulated_operating_revenue": 10443042, 
        "long_term_average": 1160338, 
        "short_term_average": 1270541
    }, 
    {
        "date": "2012-10-31", 
        "operating_revenue": 946538, 
        "accumulated_operating_revenue": 11389580, 
        "long_term_average": 1138958, 
        "short_term_average": 1274080
    }, 
    {
        "date": "2012-11-30", 
        "operating_revenue": 1113011, 
        "accumulated_operating_revenue": 12502591, 
        "long_term_average": 1136599, 
        "short_term_average": 1164658
    }, 
    {
        "date": "2012-12-31", 
        "operating_revenue": 1011390, 
        "accumulated_operating_revenue": 13513981, 
        "long_term_average": 1126165, 
        "short_term_average": 1023646
    }, 
    {
        "accumulated_operating_revenue_yoy": 71.08502259673806, 
        "accumulated_operating_revenue": 947539, 
        "long_term_average": 1158973, 
        "date": "2013-01-31", 
        "operating_revenue": 947539, 
        "short_term_average": 1023980
    }, 
    {
        "accumulated_operating_revenue_yoy": -13.091664123156752, 
        "accumulated_operating_revenue": 1457863, 
        "long_term_average": 1107864, 
        "date": "2013-02-28", 
        "operating_revenue": 510324, 
        "short_term_average": 823084
    }, 
    {
        "accumulated_operating_revenue_yoy": -12.930120834233216, 
        "accumulated_operating_revenue": 2608402, 
        "long_term_average": 1093885, 
        "date": "2013-03-31", 
        "operating_revenue": 1150539, 
        "short_term_average": 869467
    }, 
    {
        "accumulated_operating_revenue_yoy": -11.060105923518124, 
        "accumulated_operating_revenue": 3707777, 
        "long_term_average": 1087741, 
        "date": "2013-04-30", 
        "operating_revenue": 1099375, 
        "short_term_average": 920079
    }, 
    {
        "accumulated_operating_revenue_yoy": -11.825148099060218, 
        "accumulated_operating_revenue": 4811990, 
        "long_term_average": 1072387, 
        "date": "2013-05-31", 
        "operating_revenue": 1104213, 
        "short_term_average": 1118042
    }, 
    {
        "accumulated_operating_revenue_yoy": -13.939716371413116, 
        "accumulated_operating_revenue": 5707018, 
        "long_term_average": 1049131, 
        "date": "2013-06-30", 
        "operating_revenue": 895028, 
        "short_term_average": 1032872
    }, 
    {
        "accumulated_operating_revenue_yoy": -13.27223479746315, 
        "accumulated_operating_revenue": 6562984, 
        "long_term_average": 1042468, 
        "date": "2013-07-31", 
        "operating_revenue": 855966, 
        "short_term_average": 951735
    }, 
    {
        "accumulated_operating_revenue_yoy": -14.276210685414942, 
        "accumulated_operating_revenue": 7722527, 
        "long_term_average": 1018991, 
        "date": "2013-08-31", 
        "operating_revenue": 1159543, 
        "short_term_average": 970179
    }, 
    {
        "accumulated_operating_revenue_yoy": -14.661657015264327, 
        "accumulated_operating_revenue": 8911919, 
        "long_term_average": 998571, 
        "date": "2013-09-30", 
        "operating_revenue": 1189392, 
        "short_term_average": 1068300
    }, 
    {
        "accumulated_operating_revenue_yoy": -13.774028541877751, 
        "accumulated_operating_revenue": 9820776, 
        "long_term_average": 995431, 
        "date": "2013-10-31", 
        "operating_revenue": 908857, 
        "short_term_average": 1085930
    }, 
    {
        "accumulated_operating_revenue_yoy": -14.398071567725443, 
        "accumulated_operating_revenue": 10702459, 
        "long_term_average": 976154, 
        "date": "2013-11-30", 
        "operating_revenue": 881683, 
        "short_term_average": 993310
    }, 
    {
        "accumulated_operating_revenue_yoy": -13.904636982988212, 
        "accumulated_operating_revenue": 11634911, 
        "long_term_average": 969575, 
        "date": "2013-12-31", 
        "operating_revenue": 932452, 
        "short_term_average": 907664
    }, 
    {
        "accumulated_operating_revenue_yoy": -19.521201765837606, 
        "accumulated_operating_revenue": 762568, 
        "long_term_average": 954161, 
        "date": "2014-01-31", 
        "operating_revenue": 762568, 
        "short_term_average": 858901
    }, 
    {
        "accumulated_operating_revenue_yoy": -6.698434626573278, 
        "accumulated_operating_revenue": 1360209, 
        "long_term_average": 961438, 
        "date": "2014-02-28", 
        "operating_revenue": 597641, 
        "short_term_average": 764220
    }, 
    {
        "accumulated_operating_revenue_yoy": -7.798606196437512, 
        "accumulated_operating_revenue": 2404983, 
        "long_term_average": 952624, 
        "date": "2014-03-31", 
        "operating_revenue": 1044774, 
        "short_term_average": 801661
    }, 
    {
        "accumulated_operating_revenue_yoy": -4.640947931874004, 
        "accumulated_operating_revenue": 3535701, 
        "long_term_average": 955236, 
        "date": "2014-04-30", 
        "operating_revenue": 1130718, 
        "short_term_average": 924377
    }, 
    {
        "accumulated_operating_revenue_yoy": 0.10559041062013844, 
        "accumulated_operating_revenue": 4817071, 
        "long_term_average": 969999, 
        "date": "2014-05-31", 
        "operating_revenue": 1281370, 
        "short_term_average": 1152287
    }, 
    {
        "accumulated_operating_revenue_yoy": 5.115859105403207, 
        "accumulated_operating_revenue": 5998981, 
        "long_term_average": 993906, 
        "date": "2014-06-30", 
        "operating_revenue": 1181910, 
        "short_term_average": 1197999
    }, 
    {
        "accumulated_operating_revenue_yoy": 10.309197767357043, 
        "accumulated_operating_revenue": 7239575, 
        "long_term_average": 1025958, 
        "date": "2014-07-31", 
        "operating_revenue": 1240594, 
        "short_term_average": 1234624
    }, 
    {
        "accumulated_operating_revenue_yoy": 7.858230861478374, 
        "accumulated_operating_revenue": 8329381, 
        "long_term_average": 1020147, 
        "date": "2014-08-31", 
        "operating_revenue": 1089806, 
        "short_term_average": 1170770
    }, 
    {
        "accumulated_operating_revenue_yoy": 10.10971935449593, 
        "accumulated_operating_revenue": 9812889, 
        "long_term_average": 1044656, 
        "date": "2014-09-30", 
        "operating_revenue": 1483508, 
        "short_term_average": 1271302
    }, 
    {
        "accumulated_operating_revenue_yoy": 9.36921888860921, 
        "accumulated_operating_revenue": 10740906, 
        "long_term_average": 1046253, 
        "date": "2014-10-31", 
        "operating_revenue": 928017, 
        "short_term_average": 1167110
    }, 
    {
        "accumulated_operating_revenue_yoy": 14.82673280972158, 
        "accumulated_operating_revenue": 12289284, 
        "long_term_average": 1101811, 
        "date": "2014-11-30", 
        "operating_revenue": 1548378, 
        "short_term_average": 1319967
    }, 
    {
        "accumulated_operating_revenue_yoy": 17.83454983024795, 
        "accumulated_operating_revenue": 13709945, 
        "long_term_average": 1142495, 
        "date": "2014-12-31", 
        "operating_revenue": 1420661, 
        "short_term_average": 1299018
    }, 
    {
        "accumulated_operating_revenue_yoy": 48.45705563307141, 
        "accumulated_operating_revenue": 1132086, 
        "long_term_average": 1173288, 
        "date": "2015-01-31", 
        "operating_revenue": 1132086, 
        "short_term_average": 1367041
    }, 
    {
        "accumulated_operating_revenue_yoy": 27.52966639685519, 
        "accumulated_operating_revenue": 1734670, 
        "long_term_average": 1173700, 
        "date": "2015-02-28", 
        "operating_revenue": 602584, 
        "short_term_average": 1051777
    }, 
    {
        "accumulated_operating_revenue_yoy": 24.631982845616786, 
        "accumulated_operating_revenue": 2997378, 
        "long_term_average": 1191861, 
        "date": "2015-03-31", 
        "operating_revenue": 1262708, 
        "short_term_average": 999126
    }, 
    {
        "accumulated_operating_revenue_yoy": 20.752914344284203, 
        "accumulated_operating_revenue": 4269462, 
        "long_term_average": 1203642, 
        "date": "2015-04-30", 
        "operating_revenue": 1272084, 
        "short_term_average": 1045792
    }, 
    {
        "accumulated_operating_revenue_yoy": 12.734335865093124, 
        "accumulated_operating_revenue": 5430493, 
        "long_term_average": 1193613, 
        "date": "2015-05-31", 
        "operating_revenue": 1161031, 
        "short_term_average": 1231941
    }, 
    {
        "accumulated_operating_revenue_yoy": 7.967619834101825, 
        "accumulated_operating_revenue": 6476957, 
        "long_term_average": 1182326, 
        "date": "2015-06-30", 
        "operating_revenue": 1046464, 
        "short_term_average": 1159859
    }, 
    {
        "accumulated_operating_revenue_yoy": 6.005587344560972, 
        "accumulated_operating_revenue": 7674354, 
        "long_term_average": 1178727, 
        "date": "2015-07-31", 
        "operating_revenue": 1197397, 
        "short_term_average": 1134964
    }, 
    {
        "accumulated_operating_revenue_yoy": 9.42432576922583, 
        "accumulated_operating_revenue": 9114369, 
        "long_term_average": 1207911, 
        "date": "2015-08-31", 
        "operating_revenue": 1440015, 
        "short_term_average": 1227958
    }, 
    {
        "accumulated_operating_revenue_yoy": 7.244900049312694, 
        "accumulated_operating_revenue": 10523823, 
        "long_term_average": 1201739, 
        "date": "2015-09-30", 
        "operating_revenue": 1409454, 
        "short_term_average": 1348955
    }
]