[
    {
        "date": "2012-01-31", 
        "operating_revenue": 188393, 
        "accumulated_operating_revenue": 188393, 
        "long_term_average": 188393, 
        "short_term_average": 188393
    }, 
    {
        "date": "2012-02-29", 
        "operating_revenue": 210250, 
        "accumulated_operating_revenue": 398643, 
        "long_term_average": 199321, 
        "short_term_average": 199321
    }, 
    {
        "date": "2012-03-31", 
        "operating_revenue": 185834, 
        "accumulated_operating_revenue": 584477, 
        "long_term_average": 194825, 
        "short_term_average": 194825
    }, 
    {
        "date": "2012-04-30", 
        "operating_revenue": 213715, 
        "accumulated_operating_revenue": 798192, 
        "long_term_average": 199548, 
        "short_term_average": 203266
    }, 
    {
        "date": "2012-05-31", 
        "operating_revenue": 232526, 
        "accumulated_operating_revenue": 1030718, 
        "long_term_average": 206143, 
        "short_term_average": 210691
    }, 
    {
        "date": "2012-06-30", 
        "operating_revenue": 158479, 
        "accumulated_operating_revenue": 1189197, 
        "long_term_average": 198199, 
        "short_term_average": 201573
    }, 
    {
        "date": "2012-07-31", 
        "operating_revenue": 161147, 
        "accumulated_operating_revenue": 1350344, 
        "long_term_average": 192906, 
        "short_term_average": 184050
    }, 
    {
        "date": "2012-08-31", 
        "operating_revenue": 236491, 
        "accumulated_operating_revenue": 1586835, 
        "long_term_average": 198354, 
        "short_term_average": 185372
    }, 
    {
        "date": "2012-09-30", 
        "operating_revenue": 173037, 
        "accumulated_operating_revenue": 1759872, 
        "long_term_average": 195541, 
        "short_term_average": 190225
    }, 
    {
        "date": "2012-10-31", 
        "operating_revenue": 218013, 
        "accumulated_operating_revenue": 1977885, 
        "long_term_average": 197788, 
        "short_term_average": 209180
    }, 
    {
        "date": "2012-11-30", 
        "operating_revenue": 194442, 
        "accumulated_operating_revenue": 2172327, 
        "long_term_average": 197484, 
        "short_term_average": 195164
    }, 
    {
        "date": "2012-12-31", 
        "operating_revenue": 158471, 
        "accumulated_operating_revenue": 2330798, 
        "long_term_average": 194233, 
        "short_term_average": 190308
    }, 
    {
        "accumulated_operating_revenue_yoy": -6.046402997988248, 
        "accumulated_operating_revenue": 177002, 
        "long_term_average": 193283, 
        "date": "2013-01-31", 
        "operating_revenue": 177002, 
        "short_term_average": 176638
    }, 
    {
        "accumulated_operating_revenue_yoy": -5.497901631284131, 
        "accumulated_operating_revenue": 376726, 
        "long_term_average": 192406, 
        "date": "2013-02-28", 
        "operating_revenue": 199724, 
        "short_term_average": 178399
    }, 
    {
        "accumulated_operating_revenue_yoy": -1.8556761001716062, 
        "accumulated_operating_revenue": 573631, 
        "long_term_average": 193329, 
        "date": "2013-03-31", 
        "operating_revenue": 196905, 
        "short_term_average": 191210
    }, 
    {
        "accumulated_operating_revenue_yoy": -1.0315813739050252, 
        "accumulated_operating_revenue": 789958, 
        "long_term_average": 193547, 
        "date": "2013-04-30", 
        "operating_revenue": 216327, 
        "short_term_average": 204318
    }, 
    {
        "accumulated_operating_revenue_yoy": 0.7507388053764463, 
        "accumulated_operating_revenue": 1038456, 
        "long_term_average": 194878, 
        "date": "2013-05-31", 
        "operating_revenue": 248498, 
        "short_term_average": 220576
    }, 
    {
        "accumulated_operating_revenue_yoy": 2.1478358926233416, 
        "accumulated_operating_revenue": 1214739, 
        "long_term_average": 196361, 
        "date": "2013-06-30", 
        "operating_revenue": 176283, 
        "short_term_average": 213702
    }, 
    {
        "accumulated_operating_revenue_yoy": 5.370113097107108, 
        "accumulated_operating_revenue": 1422859, 
        "long_term_average": 200276, 
        "date": "2013-07-31", 
        "operating_revenue": 208120, 
        "short_term_average": 210967
    }, 
    {
        "accumulated_operating_revenue_yoy": 2.8327456855942805, 
        "accumulated_operating_revenue": 1631786, 
        "long_term_average": 197979, 
        "date": "2013-08-31", 
        "operating_revenue": 208927, 
        "short_term_average": 197776
    }, 
    {
        "accumulated_operating_revenue_yoy": 5.854459869808713, 
        "accumulated_operating_revenue": 1862903, 
        "long_term_average": 202819, 
        "date": "2013-09-30", 
        "operating_revenue": 231117, 
        "short_term_average": 216054
    }, 
    {
        "accumulated_operating_revenue_yoy": 6.780424544399699, 
        "accumulated_operating_revenue": 2111994, 
        "long_term_average": 205408, 
        "date": "2013-10-31", 
        "operating_revenue": 249091, 
        "short_term_average": 229711
    }, 
    {
        "accumulated_operating_revenue_yoy": 7.017083523797292, 
        "accumulated_operating_revenue": 2324761, 
        "long_term_average": 206936, 
        "date": "2013-11-30", 
        "operating_revenue": 212767, 
        "short_term_average": 230991
    }, 
    {
        "accumulated_operating_revenue_yoy": 11.913301796208852, 
        "accumulated_operating_revenue": 2608473, 
        "long_term_average": 217372, 
        "date": "2013-12-31", 
        "operating_revenue": 283712, 
        "short_term_average": 248523
    }, 
    {
        "accumulated_operating_revenue_yoy": 18.26533033525045, 
        "accumulated_operating_revenue": 209332, 
        "long_term_average": 220066, 
        "date": "2014-01-31", 
        "operating_revenue": 209332, 
        "short_term_average": 235270
    }, 
    {
        "accumulated_operating_revenue_yoy": 19.877045916660915, 
        "accumulated_operating_revenue": 451608, 
        "long_term_average": 223612, 
        "date": "2014-02-28", 
        "operating_revenue": 242276, 
        "short_term_average": 245106
    }, 
    {
        "accumulated_operating_revenue_yoy": 23.273149463679612, 
        "accumulated_operating_revenue": 707133, 
        "long_term_average": 228497, 
        "date": "2014-03-31", 
        "operating_revenue": 255525, 
        "short_term_average": 235711
    }, 
    {
        "accumulated_operating_revenue_yoy": 21.13251590590892, 
        "accumulated_operating_revenue": 956896, 
        "long_term_average": 231284, 
        "date": "2014-04-30", 
        "operating_revenue": 249763, 
        "short_term_average": 249188
    }, 
    {
        "accumulated_operating_revenue_yoy": 15.431852673584629, 
        "accumulated_operating_revenue": 1198709, 
        "long_term_average": 230727, 
        "date": "2014-05-31", 
        "operating_revenue": 241813, 
        "short_term_average": 249033
    }, 
    {
        "accumulated_operating_revenue_yoy": 15.797055993098105, 
        "accumulated_operating_revenue": 1406632, 
        "long_term_average": 233363, 
        "date": "2014-06-30", 
        "operating_revenue": 207923, 
        "short_term_average": 233166
    }, 
    {
        "accumulated_operating_revenue_yoy": 13.09019375777923, 
        "accumulated_operating_revenue": 1609114, 
        "long_term_average": 232894, 
        "date": "2014-07-31", 
        "operating_revenue": 202482, 
        "short_term_average": 217406
    }, 
    {
        "accumulated_operating_revenue_yoy": 12.66170931727567, 
        "accumulated_operating_revenue": 1838398, 
        "long_term_average": 234590, 
        "date": "2014-08-31", 
        "operating_revenue": 229284, 
        "short_term_average": 213229
    }, 
    {
        "accumulated_operating_revenue_yoy": 10.768783989289835, 
        "accumulated_operating_revenue": 2063515, 
        "long_term_average": 234090, 
        "date": "2014-09-30", 
        "operating_revenue": 225117, 
        "short_term_average": 218961
    }, 
    {
        "accumulated_operating_revenue_yoy": 7.838185146359317, 
        "accumulated_operating_revenue": 2277536, 
        "long_term_average": 231167, 
        "date": "2014-10-31", 
        "operating_revenue": 214021, 
        "short_term_average": 222807
    }, 
    {
        "accumulated_operating_revenue_yoy": 6.735359032605932, 
        "accumulated_operating_revenue": 2481342, 
        "long_term_average": 230421, 
        "date": "2014-11-30", 
        "operating_revenue": 203806, 
        "short_term_average": 214314
    }, 
    {
        "accumulated_operating_revenue_yoy": 4.090132426135904, 
        "accumulated_operating_revenue": 2715163, 
        "long_term_average": 226263, 
        "date": "2014-12-31", 
        "operating_revenue": 233821, 
        "short_term_average": 217216
    }, 
    {
        "accumulated_operating_revenue_yoy": -11.015516022395047, 
        "accumulated_operating_revenue": 186273, 
        "long_term_average": 224342, 
        "date": "2015-01-31", 
        "operating_revenue": 186273, 
        "short_term_average": 207966
    }, 
    {
        "accumulated_operating_revenue_yoy": -32.75473419425697, 
        "accumulated_operating_revenue": 303685, 
        "long_term_average": 213936, 
        "date": "2015-02-28", 
        "operating_revenue": 117412, 
        "short_term_average": 179168
    }, 
    {
        "accumulated_operating_revenue_yoy": -32.622575951058714, 
        "accumulated_operating_revenue": 476448, 
        "long_term_average": 207039, 
        "date": "2015-03-31", 
        "operating_revenue": 172763, 
        "short_term_average": 158816
    }, 
    {
        "accumulated_operating_revenue_yoy": -36.2316280975153, 
        "accumulated_operating_revenue": 610197, 
        "long_term_average": 197372, 
        "date": "2015-04-30", 
        "operating_revenue": 133749, 
        "short_term_average": 141308
    }, 
    {
        "accumulated_operating_revenue_yoy": -37.12210386340638, 
        "accumulated_operating_revenue": 753723, 
        "long_term_average": 189181, 
        "date": "2015-05-31", 
        "operating_revenue": 143526, 
        "short_term_average": 150012
    }, 
    {
        "accumulated_operating_revenue_yoy": -36.798821582332835, 
        "accumulated_operating_revenue": 889008, 
        "long_term_average": 183128, 
        "date": "2015-06-30", 
        "operating_revenue": 135285, 
        "short_term_average": 137520
    }, 
    {
        "accumulated_operating_revenue_yoy": -34.056257045802845, 
        "accumulated_operating_revenue": 1061110, 
        "long_term_average": 180596, 
        "date": "2015-07-31", 
        "operating_revenue": 172102, 
        "short_term_average": 150304
    }, 
    {
        "accumulated_operating_revenue_yoy": -31.65767151617876, 
        "accumulated_operating_revenue": 1256404, 
        "long_term_average": 177764, 
        "date": "2015-08-31", 
        "operating_revenue": 195294, 
        "short_term_average": 167560
    }
]