[
    {
        "date": "2012-01-31", 
        "operating_revenue": 180664, 
        "accumulated_operating_revenue": 180664, 
        "long_term_average": 180664, 
        "short_term_average": 180664
    }, 
    {
        "date": "2012-02-29", 
        "operating_revenue": 228908, 
        "accumulated_operating_revenue": 409572, 
        "long_term_average": 204786, 
        "short_term_average": 204786
    }, 
    {
        "date": "2012-03-31", 
        "operating_revenue": 244084, 
        "accumulated_operating_revenue": 653656, 
        "long_term_average": 217885, 
        "short_term_average": 217885
    }, 
    {
        "date": "2012-04-30", 
        "operating_revenue": 268828, 
        "accumulated_operating_revenue": 922484, 
        "long_term_average": 230621, 
        "short_term_average": 247273
    }, 
    {
        "date": "2012-05-31", 
        "operating_revenue": 247187, 
        "accumulated_operating_revenue": 1169671, 
        "long_term_average": 233934, 
        "short_term_average": 253366
    }, 
    {
        "date": "2012-06-30", 
        "operating_revenue": 204950, 
        "accumulated_operating_revenue": 1374621, 
        "long_term_average": 229103, 
        "short_term_average": 240321
    }, 
    {
        "date": "2012-07-31", 
        "operating_revenue": 246331, 
        "accumulated_operating_revenue": 1620952, 
        "long_term_average": 231564, 
        "short_term_average": 232822
    }, 
    {
        "date": "2012-08-31", 
        "operating_revenue": 216033, 
        "accumulated_operating_revenue": 1836985, 
        "long_term_average": 229623, 
        "short_term_average": 222438
    }, 
    {
        "date": "2012-09-30", 
        "operating_revenue": 179556, 
        "accumulated_operating_revenue": 2016541, 
        "long_term_average": 224060, 
        "short_term_average": 213973
    }, 
    {
        "date": "2012-10-31", 
        "operating_revenue": 225714, 
        "accumulated_operating_revenue": 2242255, 
        "long_term_average": 224225, 
        "short_term_average": 207101
    }, 
    {
        "date": "2012-11-30", 
        "operating_revenue": 203070, 
        "accumulated_operating_revenue": 2445325, 
        "long_term_average": 222302, 
        "short_term_average": 202780
    }, 
    {
        "date": "2012-12-31", 
        "operating_revenue": 181775, 
        "accumulated_operating_revenue": 2627100, 
        "long_term_average": 218925, 
        "short_term_average": 203519
    }, 
    {
        "accumulated_operating_revenue_yoy": 42.99251649470841, 
        "accumulated_operating_revenue": 258336, 
        "long_term_average": 225397, 
        "date": "2013-01-31", 
        "operating_revenue": 258336, 
        "short_term_average": 214393
    }, 
    {
        "accumulated_operating_revenue_yoy": 0.9434238668658991, 
        "accumulated_operating_revenue": 413436, 
        "long_term_average": 219247, 
        "date": "2013-02-28", 
        "operating_revenue": 155100, 
        "short_term_average": 198403
    }, 
    {
        "accumulated_operating_revenue_yoy": -1.8183876534446253, 
        "accumulated_operating_revenue": 641770, 
        "long_term_average": 217934, 
        "date": "2013-03-31", 
        "operating_revenue": 228334, 
        "short_term_average": 213923
    }, 
    {
        "accumulated_operating_revenue_yoy": -4.907402188005429, 
        "accumulated_operating_revenue": 877214, 
        "long_term_average": 215152, 
        "date": "2013-04-30", 
        "operating_revenue": 235444, 
        "short_term_average": 206292
    }, 
    {
        "accumulated_operating_revenue_yoy": -6.488662196463792, 
        "accumulated_operating_revenue": 1093775, 
        "long_term_average": 212600, 
        "date": "2013-05-31", 
        "operating_revenue": 216561, 
        "short_term_average": 226779
    }, 
    {
        "accumulated_operating_revenue_yoy": -7.693684295525821, 
        "accumulated_operating_revenue": 1268862, 
        "long_term_average": 210111, 
        "date": "2013-06-30", 
        "operating_revenue": 175087, 
        "short_term_average": 209030
    }, 
    {
        "accumulated_operating_revenue_yoy": -7.482084602135042, 
        "accumulated_operating_revenue": 1499671, 
        "long_term_average": 208818, 
        "date": "2013-07-31", 
        "operating_revenue": 230809, 
        "short_term_average": 207485
    }, 
    {
        "accumulated_operating_revenue_yoy": -6.09204756707322, 
        "accumulated_operating_revenue": 1725075, 
        "long_term_average": 209599, 
        "date": "2013-08-31", 
        "operating_revenue": 225404, 
        "short_term_average": 210433
    }, 
    {
        "accumulated_operating_revenue_yoy": -4.138819890098937, 
        "accumulated_operating_revenue": 1933080, 
        "long_term_average": 211969, 
        "date": "2013-09-30", 
        "operating_revenue": 208005, 
        "short_term_average": 221406
    }, 
    {
        "accumulated_operating_revenue_yoy": -2.481252132339988, 
        "accumulated_operating_revenue": 2186619, 
        "long_term_average": 214288, 
        "date": "2013-10-31", 
        "operating_revenue": 253539, 
        "short_term_average": 228982
    }, 
    {
        "accumulated_operating_revenue_yoy": -1.4665126312453356, 
        "accumulated_operating_revenue": 2409464, 
        "long_term_average": 215936, 
        "date": "2013-11-30", 
        "operating_revenue": 222845, 
        "short_term_average": 228129
    }, 
    {
        "accumulated_operating_revenue_yoy": -0.012447185109055613, 
        "accumulated_operating_revenue": 2626773, 
        "long_term_average": 218897, 
        "date": "2013-12-31", 
        "operating_revenue": 217309, 
        "short_term_average": 231231
    }, 
    {
        "accumulated_operating_revenue_yoy": -9.18222779635823, 
        "accumulated_operating_revenue": 234615, 
        "long_term_average": 216921, 
        "date": "2014-01-31", 
        "operating_revenue": 234615, 
        "short_term_average": 224923
    }, 
    {
        "accumulated_operating_revenue_yoy": 4.284580926673052, 
        "accumulated_operating_revenue": 431150, 
        "long_term_average": 220373, 
        "date": "2014-02-28", 
        "operating_revenue": 196535, 
        "short_term_average": 216153
    }, 
    {
        "accumulated_operating_revenue_yoy": 3.784065942627421, 
        "accumulated_operating_revenue": 666055, 
        "long_term_average": 220921, 
        "date": "2014-03-31", 
        "operating_revenue": 234905, 
        "short_term_average": 222018
    }, 
    {
        "accumulated_operating_revenue_yoy": 1.0501428385775877, 
        "accumulated_operating_revenue": 886426, 
        "long_term_average": 219665, 
        "date": "2014-04-30", 
        "operating_revenue": 220371, 
        "short_term_average": 217270
    }, 
    {
        "accumulated_operating_revenue_yoy": 1.7339032250691413, 
        "accumulated_operating_revenue": 1112740, 
        "long_term_average": 220478, 
        "date": "2014-05-31", 
        "operating_revenue": 226314, 
        "short_term_average": 227196
    }, 
    {
        "accumulated_operating_revenue_yoy": 5.80102485534282, 
        "accumulated_operating_revenue": 1342469, 
        "long_term_average": 225031, 
        "date": "2014-06-30", 
        "operating_revenue": 229729, 
        "short_term_average": 225471
    }, 
    {
        "accumulated_operating_revenue_yoy": 5.4649319750798675, 
        "accumulated_operating_revenue": 1581627, 
        "long_term_average": 225727, 
        "date": "2014-07-31", 
        "operating_revenue": 239158, 
        "short_term_average": 231733
    }, 
    {
        "accumulated_operating_revenue_yoy": 4.01397040708375, 
        "accumulated_operating_revenue": 1794319, 
        "long_term_average": 224668, 
        "date": "2014-08-31", 
        "operating_revenue": 212692, 
        "short_term_average": 227193
    }, 
    {
        "accumulated_operating_revenue_yoy": 5.4127092515571, 
        "accumulated_operating_revenue": 2037712, 
        "long_term_average": 227617, 
        "date": "2014-09-30", 
        "operating_revenue": 243393, 
        "short_term_average": 231747
    }, 
    {
        "accumulated_operating_revenue_yoy": 4.414486474324059, 
        "accumulated_operating_revenue": 2283147, 
        "long_term_average": 226941, 
        "date": "2014-10-31", 
        "operating_revenue": 245435, 
        "short_term_average": 233840
    }, 
    {
        "accumulated_operating_revenue_yoy": 3.0923475096535995, 
        "accumulated_operating_revenue": 2483973, 
        "long_term_average": 225106, 
        "date": "2014-11-30", 
        "operating_revenue": 200826, 
        "short_term_average": 229884
    }, 
    {
        "accumulated_operating_revenue_yoy": 3.2232324605133376, 
        "accumulated_operating_revenue": 2711440, 
        "long_term_average": 225953, 
        "date": "2014-12-31", 
        "operating_revenue": 227467, 
        "short_term_average": 224576
    }, 
    {
        "accumulated_operating_revenue_yoy": -4.914434285957846, 
        "accumulated_operating_revenue": 223085, 
        "long_term_average": 224992, 
        "date": "2015-01-31", 
        "operating_revenue": 223085, 
        "short_term_average": 217126
    }, 
    {
        "accumulated_operating_revenue_yoy": -16.443001275658123, 
        "accumulated_operating_revenue": 360256, 
        "long_term_average": 220045, 
        "date": "2015-02-28", 
        "operating_revenue": 137171, 
        "short_term_average": 195907
    }, 
    {
        "accumulated_operating_revenue_yoy": -10.85916328231152, 
        "accumulated_operating_revenue": 593727, 
        "long_term_average": 219926, 
        "date": "2015-03-31", 
        "operating_revenue": 233471, 
        "short_term_average": 197909
    }, 
    {
        "accumulated_operating_revenue_yoy": -10.163961797149453, 
        "accumulated_operating_revenue": 796330, 
        "long_term_average": 218445, 
        "date": "2015-04-30", 
        "operating_revenue": 202603, 
        "short_term_average": 191081
    }, 
    {
        "accumulated_operating_revenue_yoy": -11.48740945773496, 
        "accumulated_operating_revenue": 984915, 
        "long_term_average": 215301, 
        "date": "2015-05-31", 
        "operating_revenue": 188585, 
        "short_term_average": 208219
    }, 
    {
        "accumulated_operating_revenue_yoy": -13.188535452215284, 
        "accumulated_operating_revenue": 1165417, 
        "long_term_average": 211199, 
        "date": "2015-06-30", 
        "operating_revenue": 180502, 
        "short_term_average": 190563
    }, 
    {
        "accumulated_operating_revenue_yoy": -13.894236757465572, 
        "accumulated_operating_revenue": 1361872, 
        "long_term_average": 207640, 
        "date": "2015-07-31", 
        "operating_revenue": 196455, 
        "short_term_average": 188514
    }, 
    {
        "accumulated_operating_revenue_yoy": -14.774853300890198, 
        "accumulated_operating_revenue": 1529211, 
        "long_term_average": 203861, 
        "date": "2015-08-31", 
        "operating_revenue": 167339, 
        "short_term_average": 181432
    }
]