[
    {
        "date": "2012-01-31", 
        "operating_revenue": 78298, 
        "accumulated_operating_revenue": 78298, 
        "long_term_average": 78298, 
        "short_term_average": 78298
    }, 
    {
        "date": "2012-02-29", 
        "operating_revenue": 133063, 
        "accumulated_operating_revenue": 211361, 
        "long_term_average": 105680, 
        "short_term_average": 105680
    }, 
    {
        "date": "2012-03-31", 
        "operating_revenue": 141483, 
        "accumulated_operating_revenue": 352844, 
        "long_term_average": 117614, 
        "short_term_average": 117614
    }, 
    {
        "date": "2012-04-30", 
        "operating_revenue": 139704, 
        "accumulated_operating_revenue": 492548, 
        "long_term_average": 123137, 
        "short_term_average": 138083
    }, 
    {
        "date": "2012-05-31", 
        "operating_revenue": 134116, 
        "accumulated_operating_revenue": 626664, 
        "long_term_average": 125332, 
        "short_term_average": 138434
    }, 
    {
        "date": "2012-06-30", 
        "operating_revenue": 102347, 
        "accumulated_operating_revenue": 729011, 
        "long_term_average": 121501, 
        "short_term_average": 125389
    }, 
    {
        "date": "2012-07-31", 
        "operating_revenue": 113728, 
        "accumulated_operating_revenue": 842739, 
        "long_term_average": 120391, 
        "short_term_average": 116730
    }, 
    {
        "date": "2012-08-31", 
        "operating_revenue": 136568, 
        "accumulated_operating_revenue": 979307, 
        "long_term_average": 122413, 
        "short_term_average": 117547
    }, 
    {
        "date": "2012-09-30", 
        "operating_revenue": 100512, 
        "accumulated_operating_revenue": 1079819, 
        "long_term_average": 119979, 
        "short_term_average": 116936
    }, 
    {
        "date": "2012-10-31", 
        "operating_revenue": 111898, 
        "accumulated_operating_revenue": 1191717, 
        "long_term_average": 119171, 
        "short_term_average": 116326
    }, 
    {
        "date": "2012-11-30", 
        "operating_revenue": 126241, 
        "accumulated_operating_revenue": 1317958, 
        "long_term_average": 119814, 
        "short_term_average": 112883
    }, 
    {
        "date": "2012-12-31", 
        "operating_revenue": 122182, 
        "accumulated_operating_revenue": 1440140, 
        "long_term_average": 120011, 
        "short_term_average": 120107
    }, 
    {
        "accumulated_operating_revenue_yoy": 43.615418018340186, 
        "accumulated_operating_revenue": 112448, 
        "long_term_average": 122857, 
        "date": "2013-01-31", 
        "operating_revenue": 112448, 
        "short_term_average": 120290
    }, 
    {
        "accumulated_operating_revenue_yoy": -11.993224861729459, 
        "accumulated_operating_revenue": 186012, 
        "long_term_average": 117899, 
        "date": "2013-02-28", 
        "operating_revenue": 73564, 
        "short_term_average": 102731
    }, 
    {
        "accumulated_operating_revenue_yoy": -22.611409007946857, 
        "accumulated_operating_revenue": 273061, 
        "long_term_average": 113363, 
        "date": "2013-03-31", 
        "operating_revenue": 87049, 
        "short_term_average": 91020
    }, 
    {
        "accumulated_operating_revenue_yoy": -27.89352509806151, 
        "accumulated_operating_revenue": 355159, 
        "long_term_average": 108562, 
        "date": "2013-04-30", 
        "operating_revenue": 82098, 
        "short_term_average": 80903
    }, 
    {
        "accumulated_operating_revenue_yoy": -29.507838331226942, 
        "accumulated_operating_revenue": 441749, 
        "long_term_average": 104602, 
        "date": "2013-05-31", 
        "operating_revenue": 86590, 
        "short_term_average": 85245
    }, 
    {
        "accumulated_operating_revenue_yoy": -25.279179600856505, 
        "accumulated_operating_revenue": 544723, 
        "long_term_average": 104654, 
        "date": "2013-06-30", 
        "operating_revenue": 102974, 
        "short_term_average": 90554
    }, 
    {
        "accumulated_operating_revenue_yoy": -23.05102766099587, 
        "accumulated_operating_revenue": 648479, 
        "long_term_average": 103823, 
        "date": "2013-07-31", 
        "operating_revenue": 103756, 
        "short_term_average": 97773
    }, 
    {
        "accumulated_operating_revenue_yoy": -25.013504447532796, 
        "accumulated_operating_revenue": 734348, 
        "long_term_average": 99598, 
        "date": "2013-08-31", 
        "operating_revenue": 85869, 
        "short_term_average": 97533
    }, 
    {
        "accumulated_operating_revenue_yoy": -23.983926935903146, 
        "accumulated_operating_revenue": 820836, 
        "long_term_average": 98429, 
        "date": "2013-09-30", 
        "operating_revenue": 86488, 
        "short_term_average": 92037
    }, 
    {
        "accumulated_operating_revenue_yoy": -25.08884240134193, 
        "accumulated_operating_revenue": 892729, 
        "long_term_average": 95096, 
        "date": "2013-10-31", 
        "operating_revenue": 71893, 
        "short_term_average": 81416
    }, 
    {
        "accumulated_operating_revenue_yoy": -24.833037168103992, 
        "accumulated_operating_revenue": 990669, 
        "long_term_average": 92737, 
        "date": "2013-11-30", 
        "operating_revenue": 97940, 
        "short_term_average": 85440
    }, 
    {
        "accumulated_operating_revenue_yoy": -23.559862235615984, 
        "accumulated_operating_revenue": 1100845, 
        "long_term_average": 91737, 
        "date": "2013-12-31", 
        "operating_revenue": 110176, 
        "short_term_average": 93336
    }, 
    {
        "accumulated_operating_revenue_yoy": -43.70553500284576, 
        "accumulated_operating_revenue": 63302, 
        "long_term_average": 87641, 
        "date": "2014-01-31", 
        "operating_revenue": 63302, 
        "short_term_average": 90472
    }, 
    {
        "accumulated_operating_revenue_yoy": -33.56020041717739, 
        "accumulated_operating_revenue": 123586, 
        "long_term_average": 86534, 
        "date": "2014-02-28", 
        "operating_revenue": 60284, 
        "short_term_average": 77920
    }, 
    {
        "accumulated_operating_revenue_yoy": -27.44478340004614, 
        "accumulated_operating_revenue": 198120, 
        "long_term_average": 85492, 
        "date": "2014-03-31", 
        "operating_revenue": 74534, 
        "short_term_average": 66040
    }, 
    {
        "accumulated_operating_revenue_yoy": -19.54054381277118, 
        "accumulated_operating_revenue": 285759, 
        "long_term_average": 85953, 
        "date": "2014-04-30", 
        "operating_revenue": 87639, 
        "short_term_average": 74152
    }, 
    {
        "accumulated_operating_revenue_yoy": -16.021088898899603, 
        "accumulated_operating_revenue": 370976, 
        "long_term_average": 85839, 
        "date": "2014-05-31", 
        "operating_revenue": 85217, 
        "short_term_average": 82463
    }, 
    {
        "accumulated_operating_revenue_yoy": -18.65718906673667, 
        "accumulated_operating_revenue": 443093, 
        "long_term_average": 83267, 
        "date": "2014-06-30", 
        "operating_revenue": 72117, 
        "short_term_average": 81657
    }, 
    {
        "accumulated_operating_revenue_yoy": -18.448708439286392, 
        "accumulated_operating_revenue": 528843, 
        "long_term_average": 81767, 
        "date": "2014-07-31", 
        "operating_revenue": 85750, 
        "short_term_average": 81028
    }, 
    {
        "accumulated_operating_revenue_yoy": -15.923785453218365, 
        "accumulated_operating_revenue": 617412, 
        "long_term_average": 81992, 
        "date": "2014-08-31", 
        "operating_revenue": 88569, 
        "short_term_average": 82145
    }, 
    {
        "accumulated_operating_revenue_yoy": -13.36612916587479, 
        "accumulated_operating_revenue": 711122, 
        "long_term_average": 82594, 
        "date": "2014-09-30", 
        "operating_revenue": 93710, 
        "short_term_average": 89343
    }, 
    {
        "accumulated_operating_revenue_yoy": -10.227291820922138, 
        "accumulated_operating_revenue": 801427, 
        "long_term_average": 84128, 
        "date": "2014-10-31", 
        "operating_revenue": 90305, 
        "short_term_average": 90861
    }, 
    {
        "accumulated_operating_revenue_yoy": -8.125922987395388, 
        "accumulated_operating_revenue": 910168, 
        "long_term_average": 85028, 
        "date": "2014-11-30", 
        "operating_revenue": 108741, 
        "short_term_average": 97585
    }, 
    {
        "accumulated_operating_revenue_yoy": -4.768791246724107, 
        "accumulated_operating_revenue": 1048348, 
        "long_term_average": 87362, 
        "date": "2014-12-31", 
        "operating_revenue": 138180, 
        "short_term_average": 112408
    }, 
    {
        "accumulated_operating_revenue_yoy": 30.296041199330194, 
        "accumulated_operating_revenue": 82480, 
        "long_term_average": 88960, 
        "date": "2015-01-31", 
        "operating_revenue": 82480, 
        "short_term_average": 109800
    }, 
    {
        "accumulated_operating_revenue_yoy": 5.65355299143916, 
        "accumulated_operating_revenue": 130573, 
        "long_term_average": 87944, 
        "date": "2015-02-28", 
        "operating_revenue": 48093, 
        "short_term_average": 89584
    }, 
    {
        "accumulated_operating_revenue_yoy": -3.1021603068847163, 
        "accumulated_operating_revenue": 191974, 
        "long_term_average": 86850, 
        "date": "2015-03-31", 
        "operating_revenue": 61401, 
        "short_term_average": 63991
    }, 
    {
        "accumulated_operating_revenue_yoy": -11.072967080651878, 
        "accumulated_operating_revenue": 254117, 
        "long_term_average": 84725, 
        "date": "2015-04-30", 
        "operating_revenue": 62143, 
        "short_term_average": 57212
    }, 
    {
        "accumulated_operating_revenue_yoy": -15.06647330285517, 
        "accumulated_operating_revenue": 315083, 
        "long_term_average": 82704, 
        "date": "2015-05-31", 
        "operating_revenue": 60966, 
        "short_term_average": 61503
    }, 
    {
        "accumulated_operating_revenue_yoy": -15.516155750598633, 
        "accumulated_operating_revenue": 374342, 
        "long_term_average": 81633, 
        "date": "2015-06-30", 
        "operating_revenue": 59259, 
        "short_term_average": 60789
    }, 
    {
        "accumulated_operating_revenue_yoy": -19.92368245396082, 
        "accumulated_operating_revenue": 423478, 
        "long_term_average": 78581, 
        "date": "2015-07-31", 
        "operating_revenue": 49136, 
        "short_term_average": 56453
    }, 
    {
        "accumulated_operating_revenue_yoy": -23.22857346472048, 
        "accumulated_operating_revenue": 473996, 
        "long_term_average": 75411, 
        "date": "2015-08-31", 
        "operating_revenue": 50518, 
        "short_term_average": 52971
    }, 
    {
        "accumulated_operating_revenue_yoy": -25.07755349996203, 
        "accumulated_operating_revenue": 532790, 
        "long_term_average": 72501, 
        "date": "2015-09-30", 
        "operating_revenue": 58794, 
        "short_term_average": 52816
    }
]