[
    {
        "date": "2012-01-31", 
        "operating_revenue": 13231, 
        "accumulated_operating_revenue": 13231, 
        "long_term_average": 13231, 
        "short_term_average": 13231
    }, 
    {
        "date": "2012-02-29", 
        "operating_revenue": 15061, 
        "accumulated_operating_revenue": 28292, 
        "long_term_average": 14146, 
        "short_term_average": 14146
    }, 
    {
        "date": "2012-03-31", 
        "operating_revenue": 17188, 
        "accumulated_operating_revenue": 45480, 
        "long_term_average": 15160, 
        "short_term_average": 15160
    }, 
    {
        "date": "2012-04-30", 
        "operating_revenue": 18244, 
        "accumulated_operating_revenue": 63724, 
        "long_term_average": 15931, 
        "short_term_average": 16831
    }, 
    {
        "date": "2012-05-31", 
        "operating_revenue": 15050, 
        "accumulated_operating_revenue": 78774, 
        "long_term_average": 15754, 
        "short_term_average": 16827
    }, 
    {
        "date": "2012-06-30", 
        "operating_revenue": 23710, 
        "accumulated_operating_revenue": 102484, 
        "long_term_average": 17080, 
        "short_term_average": 19001
    }, 
    {
        "date": "2012-07-31", 
        "operating_revenue": 21317, 
        "accumulated_operating_revenue": 123801, 
        "long_term_average": 17685, 
        "short_term_average": 20025
    }, 
    {
        "date": "2012-08-31", 
        "operating_revenue": 16356, 
        "accumulated_operating_revenue": 140157, 
        "long_term_average": 17519, 
        "short_term_average": 20461
    }, 
    {
        "date": "2012-09-30", 
        "operating_revenue": 20691, 
        "accumulated_operating_revenue": 160848, 
        "long_term_average": 17872, 
        "short_term_average": 19454
    }, 
    {
        "date": "2012-10-31", 
        "operating_revenue": 14567, 
        "accumulated_operating_revenue": 175415, 
        "long_term_average": 17541, 
        "short_term_average": 17204
    }, 
    {
        "date": "2012-11-30", 
        "operating_revenue": 19352, 
        "accumulated_operating_revenue": 194767, 
        "long_term_average": 17706, 
        "short_term_average": 18203
    }, 
    {
        "date": "2012-12-31", 
        "operating_revenue": 31264, 
        "accumulated_operating_revenue": 226031, 
        "long_term_average": 18835, 
        "short_term_average": 21727
    }, 
    {
        "accumulated_operating_revenue_yoy": 8.177764341319628, 
        "accumulated_operating_revenue": 14313, 
        "long_term_average": 18926, 
        "date": "2013-01-31", 
        "operating_revenue": 14313, 
        "short_term_average": 21643
    }, 
    {
        "accumulated_operating_revenue_yoy": -3.4037890569772378, 
        "accumulated_operating_revenue": 27329, 
        "long_term_average": 18755, 
        "date": "2013-02-28", 
        "operating_revenue": 13016, 
        "short_term_average": 19531
    }, 
    {
        "accumulated_operating_revenue_yoy": -6.075197889182058, 
        "accumulated_operating_revenue": 42717, 
        "long_term_average": 18605, 
        "date": "2013-03-31", 
        "operating_revenue": 15388, 
        "short_term_average": 14239
    }, 
    {
        "accumulated_operating_revenue_yoy": -10.509384219446362, 
        "accumulated_operating_revenue": 57027, 
        "long_term_average": 18277, 
        "date": "2013-04-30", 
        "operating_revenue": 14310, 
        "short_term_average": 14238
    }, 
    {
        "accumulated_operating_revenue_yoy": 0.7083555487851322, 
        "accumulated_operating_revenue": 79332, 
        "long_term_average": 18882, 
        "date": "2013-05-31", 
        "operating_revenue": 22305, 
        "short_term_average": 17334
    }, 
    {
        "accumulated_operating_revenue_yoy": -2.278404433862847, 
        "accumulated_operating_revenue": 100149, 
        "long_term_average": 18641, 
        "date": "2013-06-30", 
        "operating_revenue": 20817, 
        "short_term_average": 19144
    }, 
    {
        "accumulated_operating_revenue_yoy": -2.7738063505141315, 
        "accumulated_operating_revenue": 120367, 
        "long_term_average": 18549, 
        "date": "2013-07-31", 
        "operating_revenue": 20218, 
        "short_term_average": 21113
    }, 
    {
        "accumulated_operating_revenue_yoy": -1.8051185456309708, 
        "accumulated_operating_revenue": 137627, 
        "long_term_average": 18625, 
        "date": "2013-08-31", 
        "operating_revenue": 17260, 
        "short_term_average": 19431
    }, 
    {
        "accumulated_operating_revenue_yoy": -2.9419078881925795, 
        "accumulated_operating_revenue": 156116, 
        "long_term_average": 18441, 
        "date": "2013-09-30", 
        "operating_revenue": 18489, 
        "short_term_average": 18655
    }, 
    {
        "accumulated_operating_revenue_yoy": -0.5695065986375167, 
        "accumulated_operating_revenue": 174416, 
        "long_term_average": 18752, 
        "date": "2013-10-31", 
        "operating_revenue": 18300, 
        "short_term_average": 18016
    }, 
    {
        "accumulated_operating_revenue_yoy": -1.5259258498616295, 
        "accumulated_operating_revenue": 191795, 
        "long_term_average": 18588, 
        "date": "2013-11-30", 
        "operating_revenue": 17379, 
        "short_term_average": 18056
    }, 
    {
        "accumulated_operating_revenue_yoy": -5.232910529971552, 
        "accumulated_operating_revenue": 214203, 
        "long_term_average": 17850, 
        "date": "2013-12-31", 
        "operating_revenue": 22408, 
        "short_term_average": 19362
    }, 
    {
        "accumulated_operating_revenue_yoy": 60.99350241039614, 
        "accumulated_operating_revenue": 23043, 
        "long_term_average": 18577, 
        "date": "2014-01-31", 
        "operating_revenue": 23043, 
        "short_term_average": 20943
    }, 
    {
        "accumulated_operating_revenue_yoy": 37.3303084635369, 
        "accumulated_operating_revenue": 37531, 
        "long_term_average": 18700, 
        "date": "2014-02-28", 
        "operating_revenue": 14488, 
        "short_term_average": 19979
    }, 
    {
        "accumulated_operating_revenue_yoy": 33.42931385631013, 
        "accumulated_operating_revenue": 56997, 
        "long_term_average": 19040, 
        "date": "2014-03-31", 
        "operating_revenue": 19466, 
        "short_term_average": 18999
    }, 
    {
        "accumulated_operating_revenue_yoy": 32.78973117996738, 
        "accumulated_operating_revenue": 75726, 
        "long_term_average": 19408, 
        "date": "2014-04-30", 
        "operating_revenue": 18729, 
        "short_term_average": 17561
    }, 
    {
        "accumulated_operating_revenue_yoy": 27.454242928452576, 
        "accumulated_operating_revenue": 101112, 
        "long_term_average": 19665, 
        "date": "2014-05-31", 
        "operating_revenue": 25386, 
        "short_term_average": 21193
    }, 
    {
        "accumulated_operating_revenue_yoy": 34.71826977803074, 
        "accumulated_operating_revenue": 134919, 
        "long_term_average": 20747, 
        "date": "2014-06-30", 
        "operating_revenue": 33807, 
        "short_term_average": 25974
    }, 
    {
        "accumulated_operating_revenue_yoy": 26.061960504124887, 
        "accumulated_operating_revenue": 151737, 
        "long_term_average": 20464, 
        "date": "2014-07-31", 
        "operating_revenue": 16818, 
        "short_term_average": 25337
    }, 
    {
        "accumulated_operating_revenue_yoy": 25.17819904524548, 
        "accumulated_operating_revenue": 172279, 
        "long_term_average": 20737, 
        "date": "2014-08-31", 
        "operating_revenue": 20542, 
        "short_term_average": 23722
    }, 
    {
        "accumulated_operating_revenue_yoy": 23.295498219272847, 
        "accumulated_operating_revenue": 192484, 
        "long_term_average": 20880, 
        "date": "2014-09-30", 
        "operating_revenue": 20205, 
        "short_term_average": 19188
    }, 
    {
        "accumulated_operating_revenue_yoy": 20.52965324282176, 
        "accumulated_operating_revenue": 210223, 
        "long_term_average": 20834, 
        "date": "2014-10-31", 
        "operating_revenue": 17739, 
        "short_term_average": 19495
    }, 
    {
        "accumulated_operating_revenue_yoy": 21.636643291013844, 
        "accumulated_operating_revenue": 233293, 
        "long_term_average": 21308, 
        "date": "2014-11-30", 
        "operating_revenue": 23070, 
        "short_term_average": 20338
    }, 
    {
        "accumulated_operating_revenue_yoy": 20.979164624211613, 
        "accumulated_operating_revenue": 259141, 
        "long_term_average": 21595, 
        "date": "2014-12-31", 
        "operating_revenue": 25848, 
        "short_term_average": 22219
    }, 
    {
        "accumulated_operating_revenue_yoy": 42.572581695091785, 
        "accumulated_operating_revenue": 32853, 
        "long_term_average": 22412, 
        "date": "2015-01-31", 
        "operating_revenue": 32853, 
        "short_term_average": 27257
    }, 
    {
        "accumulated_operating_revenue_yoy": 46.70272574671605, 
        "accumulated_operating_revenue": 55059, 
        "long_term_average": 23055, 
        "date": "2015-02-28", 
        "operating_revenue": 22206, 
        "short_term_average": 26969
    }, 
    {
        "accumulated_operating_revenue_yoy": 22.916995631349018, 
        "accumulated_operating_revenue": 70059, 
        "long_term_average": 22683, 
        "date": "2015-03-31", 
        "operating_revenue": 15000, 
        "short_term_average": 23353
    }, 
    {
        "accumulated_operating_revenue_yoy": 15.680215513826163, 
        "accumulated_operating_revenue": 87600, 
        "long_term_average": 22584, 
        "date": "2015-04-30", 
        "operating_revenue": 17541, 
        "short_term_average": 18249
    }, 
    {
        "accumulated_operating_revenue_yoy": 5.329733364981407, 
        "accumulated_operating_revenue": 106501, 
        "long_term_average": 22044, 
        "date": "2015-05-31", 
        "operating_revenue": 18901, 
        "short_term_average": 17147
    }, 
    {
        "accumulated_operating_revenue_yoy": -5.909471608891261, 
        "accumulated_operating_revenue": 126946, 
        "long_term_average": 20930, 
        "date": "2015-06-30", 
        "operating_revenue": 20445, 
        "short_term_average": 18962
    }, 
    {
        "accumulated_operating_revenue_yoy": -3.18313924751379, 
        "accumulated_operating_revenue": 146907, 
        "long_term_average": 21192, 
        "date": "2015-07-31", 
        "operating_revenue": 19961, 
        "short_term_average": 19769
    }, 
    {
        "accumulated_operating_revenue_yoy": -4.448017460050267, 
        "accumulated_operating_revenue": 164616, 
        "long_term_average": 20956, 
        "date": "2015-08-31", 
        "operating_revenue": 17709, 
        "short_term_average": 19371
    }
]