[
    {
        "date": "2012-01-31", 
        "operating_revenue": 16637, 
        "accumulated_operating_revenue": 16637, 
        "long_term_average": 16637, 
        "short_term_average": 16637
    }, 
    {
        "date": "2012-02-29", 
        "operating_revenue": 16164, 
        "accumulated_operating_revenue": 32801, 
        "long_term_average": 16400, 
        "short_term_average": 16400
    }, 
    {
        "date": "2012-03-31", 
        "operating_revenue": 20777, 
        "accumulated_operating_revenue": 53578, 
        "long_term_average": 17859, 
        "short_term_average": 17859
    }, 
    {
        "date": "2012-04-30", 
        "operating_revenue": 14497, 
        "accumulated_operating_revenue": 68075, 
        "long_term_average": 17018, 
        "short_term_average": 17146
    }, 
    {
        "date": "2012-05-31", 
        "operating_revenue": 15214, 
        "accumulated_operating_revenue": 83289, 
        "long_term_average": 16657, 
        "short_term_average": 16829
    }, 
    {
        "date": "2012-06-30", 
        "operating_revenue": 21601, 
        "accumulated_operating_revenue": 104890, 
        "long_term_average": 17481, 
        "short_term_average": 17104
    }, 
    {
        "date": "2012-07-31", 
        "operating_revenue": 18995, 
        "accumulated_operating_revenue": 123885, 
        "long_term_average": 17697, 
        "short_term_average": 18603
    }, 
    {
        "date": "2012-08-31", 
        "operating_revenue": 18451, 
        "accumulated_operating_revenue": 142336, 
        "long_term_average": 17792, 
        "short_term_average": 19682
    }, 
    {
        "date": "2012-09-30", 
        "operating_revenue": 20586, 
        "accumulated_operating_revenue": 162922, 
        "long_term_average": 18102, 
        "short_term_average": 19344
    }, 
    {
        "date": "2012-10-31", 
        "operating_revenue": 33814, 
        "accumulated_operating_revenue": 196736, 
        "long_term_average": 19673, 
        "short_term_average": 24283
    }, 
    {
        "date": "2012-11-30", 
        "operating_revenue": 19004, 
        "accumulated_operating_revenue": 215740, 
        "long_term_average": 19612, 
        "short_term_average": 24468
    }, 
    {
        "date": "2012-12-31", 
        "operating_revenue": 34380, 
        "accumulated_operating_revenue": 250120, 
        "long_term_average": 20843, 
        "short_term_average": 29066
    }, 
    {
        "accumulated_operating_revenue_yoy": 12.273847448458255, 
        "accumulated_operating_revenue": 18679, 
        "long_term_average": 21013, 
        "date": "2013-01-31", 
        "operating_revenue": 18679, 
        "short_term_average": 24021
    }, 
    {
        "accumulated_operating_revenue_yoy": 3.2041706045547387, 
        "accumulated_operating_revenue": 33852, 
        "long_term_average": 20930, 
        "date": "2013-02-28", 
        "operating_revenue": 15173, 
        "short_term_average": 22744
    }, 
    {
        "accumulated_operating_revenue_yoy": 9.09888387024525, 
        "accumulated_operating_revenue": 58453, 
        "long_term_average": 21249, 
        "date": "2013-03-31", 
        "operating_revenue": 24601, 
        "short_term_average": 19484
    }, 
    {
        "accumulated_operating_revenue_yoy": 15.128901946382667, 
        "accumulated_operating_revenue": 78374, 
        "long_term_average": 21701, 
        "date": "2013-04-30", 
        "operating_revenue": 19921, 
        "short_term_average": 19898
    }, 
    {
        "accumulated_operating_revenue_yoy": 13.742511015860437, 
        "accumulated_operating_revenue": 94735, 
        "long_term_average": 21797, 
        "date": "2013-05-31", 
        "operating_revenue": 16361, 
        "short_term_average": 20294
    }, 
    {
        "accumulated_operating_revenue_yoy": 9.781676041567357, 
        "accumulated_operating_revenue": 115150, 
        "long_term_average": 21698, 
        "date": "2013-06-30", 
        "operating_revenue": 20415, 
        "short_term_average": 18899
    }, 
    {
        "accumulated_operating_revenue_yoy": 6.394640190499254, 
        "accumulated_operating_revenue": 131807, 
        "long_term_average": 21503, 
        "date": "2013-07-31", 
        "operating_revenue": 16657, 
        "short_term_average": 17811
    }, 
    {
        "accumulated_operating_revenue_yoy": 13.44986510791367, 
        "accumulated_operating_revenue": 161480, 
        "long_term_average": 22438, 
        "date": "2013-08-31", 
        "operating_revenue": 29673, 
        "short_term_average": 22248
    }, 
    {
        "accumulated_operating_revenue_yoy": 18.76051116485189, 
        "accumulated_operating_revenue": 193487, 
        "long_term_average": 23390, 
        "date": "2013-09-30", 
        "operating_revenue": 32007, 
        "short_term_average": 26112
    }, 
    {
        "accumulated_operating_revenue_yoy": 9.644396551724139, 
        "accumulated_operating_revenue": 215710, 
        "long_term_average": 22424, 
        "date": "2013-10-31", 
        "operating_revenue": 22223, 
        "short_term_average": 27967
    }, 
    {
        "accumulated_operating_revenue_yoy": 14.431259849819227, 
        "accumulated_operating_revenue": 246874, 
        "long_term_average": 23437, 
        "date": "2013-11-30", 
        "operating_revenue": 31164, 
        "short_term_average": 28464
    }, 
    {
        "accumulated_operating_revenue_yoy": 10.654885654885655, 
        "accumulated_operating_revenue": 276770, 
        "long_term_average": 23064, 
        "date": "2013-12-31", 
        "operating_revenue": 29896, 
        "short_term_average": 27761
    }, 
    {
        "accumulated_operating_revenue_yoy": 12.163392044541999, 
        "accumulated_operating_revenue": 20951, 
        "long_term_average": 23253, 
        "date": "2014-01-31", 
        "operating_revenue": 20951, 
        "short_term_average": 27337
    }, 
    {
        "accumulated_operating_revenue_yoy": 8.197447713576747, 
        "accumulated_operating_revenue": 36627, 
        "long_term_average": 23295, 
        "date": "2014-02-28", 
        "operating_revenue": 15676, 
        "short_term_average": 22174
    }, 
    {
        "accumulated_operating_revenue_yoy": 4.63962499786153, 
        "accumulated_operating_revenue": 61165, 
        "long_term_average": 23290, 
        "date": "2014-03-31", 
        "operating_revenue": 24538, 
        "short_term_average": 20388
    }, 
    {
        "accumulated_operating_revenue_yoy": -3.503712966034654, 
        "accumulated_operating_revenue": 75628, 
        "long_term_average": 22835, 
        "date": "2014-04-30", 
        "operating_revenue": 14463, 
        "short_term_average": 18225
    }, 
    {
        "accumulated_operating_revenue_yoy": 0.23011558558083076, 
        "accumulated_operating_revenue": 94953, 
        "long_term_average": 23082, 
        "date": "2014-05-31", 
        "operating_revenue": 19325, 
        "short_term_average": 19442
    }, 
    {
        "accumulated_operating_revenue_yoy": -1.1306990881458967, 
        "accumulated_operating_revenue": 113848, 
        "long_term_average": 22955, 
        "date": "2014-06-30", 
        "operating_revenue": 18895, 
        "short_term_average": 17561
    }, 
    {
        "accumulated_operating_revenue_yoy": 7.459391382855235, 
        "accumulated_operating_revenue": 141639, 
        "long_term_average": 23883, 
        "date": "2014-07-31", 
        "operating_revenue": 27791, 
        "short_term_average": 22003
    }, 
    {
        "accumulated_operating_revenue_yoy": 5.050161010651474, 
        "accumulated_operating_revenue": 169635, 
        "long_term_average": 23743, 
        "date": "2014-08-31", 
        "operating_revenue": 27996, 
        "short_term_average": 24894
    }, 
    {
        "accumulated_operating_revenue_yoy": 0.5266503692754552, 
        "accumulated_operating_revenue": 194506, 
        "long_term_average": 23149, 
        "date": "2014-09-30", 
        "operating_revenue": 24871, 
        "short_term_average": 26886
    }, 
    {
        "accumulated_operating_revenue_yoy": 1.0852533494042926, 
        "accumulated_operating_revenue": 218051, 
        "long_term_average": 23259, 
        "date": "2014-10-31", 
        "operating_revenue": 23545, 
        "short_term_average": 25470
    }, 
    {
        "accumulated_operating_revenue_yoy": -4.595866717434804, 
        "accumulated_operating_revenue": 235528, 
        "long_term_average": 22118, 
        "date": "2014-11-30", 
        "operating_revenue": 17477, 
        "short_term_average": 21964
    }, 
    {
        "accumulated_operating_revenue_yoy": -4.000433573002855, 
        "accumulated_operating_revenue": 265698, 
        "long_term_average": 22141, 
        "date": "2014-12-31", 
        "operating_revenue": 30170, 
        "short_term_average": 23730
    }, 
    {
        "accumulated_operating_revenue_yoy": -13.326332871939286, 
        "accumulated_operating_revenue": 18159, 
        "long_term_average": 21908, 
        "date": "2015-01-31", 
        "operating_revenue": 18159, 
        "short_term_average": 21935
    }, 
    {
        "accumulated_operating_revenue_yoy": 16.59158544243318, 
        "accumulated_operating_revenue": 42704, 
        "long_term_average": 22647, 
        "date": "2015-02-28", 
        "operating_revenue": 24545, 
        "short_term_average": 24291
    }, 
    {
        "accumulated_operating_revenue_yoy": 13.615629853674488, 
        "accumulated_operating_revenue": 69493, 
        "long_term_average": 22835, 
        "date": "2015-03-31", 
        "operating_revenue": 26789, 
        "short_term_average": 23164
    }, 
    {
        "accumulated_operating_revenue_yoy": 12.870894377743694, 
        "accumulated_operating_revenue": 85362, 
        "long_term_average": 22952, 
        "date": "2015-04-30", 
        "operating_revenue": 15869, 
        "short_term_average": 22401
    }, 
    {
        "accumulated_operating_revenue_yoy": 10.81903678662075, 
        "accumulated_operating_revenue": 105226, 
        "long_term_average": 22997, 
        "date": "2015-05-31", 
        "operating_revenue": 19864, 
        "short_term_average": 20840
    }, 
    {
        "accumulated_operating_revenue_yoy": 16.570339399901624, 
        "accumulated_operating_revenue": 132713, 
        "long_term_average": 23713, 
        "date": "2015-06-30", 
        "operating_revenue": 27487, 
        "short_term_average": 21073
    }, 
    {
        "accumulated_operating_revenue_yoy": 9.159200502686407, 
        "accumulated_operating_revenue": 154612, 
        "long_term_average": 23222, 
        "date": "2015-07-31", 
        "operating_revenue": 21899, 
        "short_term_average": 23083
    }, 
    {
        "accumulated_operating_revenue_yoy": 6.271111504111769, 
        "accumulated_operating_revenue": 180273, 
        "long_term_average": 23028, 
        "date": "2015-08-31", 
        "operating_revenue": 25661, 
        "short_term_average": 25015
    }, 
    {
        "accumulated_operating_revenue_yoy": 6.282068419483204, 
        "accumulated_operating_revenue": 206725, 
        "long_term_average": 23159, 
        "date": "2015-09-30", 
        "operating_revenue": 26452, 
        "short_term_average": 24670
    }
]