[
    {
        "date": "2011-10-31", 
        "operating_revenue": 237666, 
        "accumulated_operating_revenue": 237666, 
        "long_term_average": 237666, 
        "short_term_average": 237666
    }, 
    {
        "date": "2011-12-31", 
        "operating_revenue": 597765, 
        "accumulated_operating_revenue": 835431, 
        "long_term_average": 417715, 
        "short_term_average": 417715
    }, 
    {
        "date": "2012-01-31", 
        "operating_revenue": 212240, 
        "accumulated_operating_revenue": 212240, 
        "long_term_average": 349223, 
        "short_term_average": 349223
    }, 
    {
        "date": "2012-02-29", 
        "operating_revenue": 216382, 
        "accumulated_operating_revenue": 428622, 
        "long_term_average": 316013, 
        "short_term_average": 342129
    }, 
    {
        "date": "2012-03-31", 
        "operating_revenue": 478916, 
        "accumulated_operating_revenue": 907538, 
        "long_term_average": 348593, 
        "short_term_average": 302512
    }, 
    {
        "date": "2012-04-30", 
        "operating_revenue": 274671, 
        "accumulated_operating_revenue": 1182209, 
        "long_term_average": 336273, 
        "short_term_average": 323323
    }, 
    {
        "date": "2012-05-31", 
        "operating_revenue": 210299, 
        "accumulated_operating_revenue": 1392508, 
        "long_term_average": 318277, 
        "short_term_average": 321295
    }, 
    {
        "date": "2012-06-30", 
        "operating_revenue": 358163, 
        "accumulated_operating_revenue": 1750671, 
        "long_term_average": 323262, 
        "short_term_average": 281044
    }, 
    {
        "date": "2012-07-31", 
        "operating_revenue": 224920, 
        "accumulated_operating_revenue": 1975591, 
        "long_term_average": 312335, 
        "short_term_average": 264460
    }, 
    {
        "date": "2012-08-31", 
        "operating_revenue": 228812, 
        "accumulated_operating_revenue": 2204403, 
        "long_term_average": 303983, 
        "short_term_average": 270631
    }, 
    {
        "date": "2012-09-30", 
        "operating_revenue": 368527, 
        "accumulated_operating_revenue": 2572930, 
        "long_term_average": 309851, 
        "short_term_average": 274086
    }, 
    {
        "accumulated_operating_revenue_yoy": 1083.4086491126202, 
        "accumulated_operating_revenue": 2812560, 
        "long_term_average": 303999, 
        "date": "2012-10-31", 
        "operating_revenue": 239630, 
        "short_term_average": 278989
    }, 
    {
        "date": "2012-11-30", 
        "operating_revenue": 195471, 
        "accumulated_operating_revenue": 3008031, 
        "long_term_average": 300483, 
        "short_term_average": 267876
    }, 
    {
        "accumulated_operating_revenue_yoy": 313.5812532692706, 
        "accumulated_operating_revenue": 3455186, 
        "long_term_average": 287932, 
        "date": "2012-12-31", 
        "operating_revenue": 447155, 
        "short_term_average": 294085
    }, 
    {
        "accumulated_operating_revenue_yoy": -31.601960045231813, 
        "accumulated_operating_revenue": 145168, 
        "long_term_average": 282342, 
        "date": "2013-01-31", 
        "operating_revenue": 145168, 
        "short_term_average": 262598
    }, 
    {
        "accumulated_operating_revenue_yoy": -16.348670856838893, 
        "accumulated_operating_revenue": 358548, 
        "long_term_average": 282092, 
        "date": "2013-02-28", 
        "operating_revenue": 213380, 
        "short_term_average": 268567
    }, 
    {
        "accumulated_operating_revenue_yoy": -30.146065509102648, 
        "accumulated_operating_revenue": 633951, 
        "long_term_average": 265133, 
        "date": "2013-03-31", 
        "operating_revenue": 275403, 
        "short_term_average": 211317
    }, 
    {
        "accumulated_operating_revenue_yoy": -31.208441147039146, 
        "accumulated_operating_revenue": 813260, 
        "long_term_average": 257186, 
        "date": "2013-04-30", 
        "operating_revenue": 179309, 
        "short_term_average": 222697
    }, 
    {
        "accumulated_operating_revenue_yoy": -30.21375819743944, 
        "accumulated_operating_revenue": 971779, 
        "long_term_average": 252871, 
        "date": "2013-05-31", 
        "operating_revenue": 158519, 
        "short_term_average": 204410
    }, 
    {
        "accumulated_operating_revenue_yoy": -27.90570015725399, 
        "accumulated_operating_revenue": 1262134, 
        "long_term_average": 247220, 
        "date": "2013-06-30", 
        "operating_revenue": 290355, 
        "short_term_average": 209394
    }, 
    {
        "accumulated_operating_revenue_yoy": -27.932755312207842, 
        "accumulated_operating_revenue": 1423754, 
        "long_term_average": 241945, 
        "date": "2013-07-31", 
        "operating_revenue": 161620, 
        "short_term_average": 203498
    }, 
    {
        "accumulated_operating_revenue_yoy": -28.713579141382045, 
        "accumulated_operating_revenue": 1571440, 
        "long_term_average": 235185, 
        "date": "2013-08-31", 
        "operating_revenue": 147686, 
        "short_term_average": 199887
    }, 
    {
        "accumulated_operating_revenue_yoy": -25.36804343685992, 
        "accumulated_operating_revenue": 1920228, 
        "long_term_average": 233540, 
        "date": "2013-09-30", 
        "operating_revenue": 348788, 
        "short_term_average": 219364
    }, 
    {
        "accumulated_operating_revenue_yoy": -25.355903518502714, 
        "accumulated_operating_revenue": 2099410, 
        "long_term_average": 228503, 
        "date": "2013-10-31", 
        "operating_revenue": 179182, 
        "short_term_average": 225218
    }, 
    {
        "accumulated_operating_revenue_yoy": -26.648960732120113, 
        "accumulated_operating_revenue": 2206422, 
        "long_term_average": 221131, 
        "date": "2013-11-30", 
        "operating_revenue": 107012, 
        "short_term_average": 211660
    }, 
    {
        "accumulated_operating_revenue_yoy": -25.32396229899056, 
        "accumulated_operating_revenue": 2580196, 
        "long_term_average": 215016, 
        "date": "2013-12-31", 
        "operating_revenue": 373774, 
        "short_term_average": 219989
    }, 
    {
        "accumulated_operating_revenue_yoy": 14.342003747382343, 
        "accumulated_operating_revenue": 165988, 
        "long_term_average": 216751, 
        "date": "2014-01-31", 
        "operating_revenue": 165988, 
        "short_term_average": 215591
    }, 
    {
        "accumulated_operating_revenue_yoy": -20.825384606802995, 
        "accumulated_operating_revenue": 283879, 
        "long_term_average": 208793, 
        "date": "2014-02-28", 
        "operating_revenue": 117891, 
        "short_term_average": 219217
    }, 
    {
        "accumulated_operating_revenue_yoy": -13.943348933908142, 
        "accumulated_operating_revenue": 545557, 
        "long_term_average": 207650, 
        "date": "2014-03-31", 
        "operating_revenue": 261678, 
        "short_term_average": 181852
    }, 
    {
        "accumulated_operating_revenue_yoy": -4.622015099722106, 
        "accumulated_operating_revenue": 775671, 
        "long_term_average": 211883, 
        "date": "2014-04-30", 
        "operating_revenue": 230114, 
        "short_term_average": 203227
    }, 
    {
        "accumulated_operating_revenue_yoy": -7.603786457620508, 
        "accumulated_operating_revenue": 897887, 
        "long_term_average": 208858, 
        "date": "2014-05-31", 
        "operating_revenue": 122216, 
        "short_term_average": 204669
    }, 
    {
        "accumulated_operating_revenue_yoy": -11.550199899535231, 
        "accumulated_operating_revenue": 1116355, 
        "long_term_average": 202868, 
        "date": "2014-06-30", 
        "operating_revenue": 218468, 
        "short_term_average": 190266
    }, 
    {
        "accumulated_operating_revenue_yoy": -8.032005529045046, 
        "accumulated_operating_revenue": 1309398, 
        "long_term_average": 205486, 
        "date": "2014-07-31", 
        "operating_revenue": 193043, 
        "short_term_average": 177909
    }, 
    {
        "accumulated_operating_revenue_yoy": -8.978071068574046, 
        "accumulated_operating_revenue": 1430355, 
        "long_term_average": 203259, 
        "date": "2014-08-31", 
        "operating_revenue": 120957, 
        "short_term_average": 177489
    }, 
    {
        "accumulated_operating_revenue_yoy": -13.777999279252256, 
        "accumulated_operating_revenue": 1655659, 
        "long_term_average": 192968, 
        "date": "2014-09-30", 
        "operating_revenue": 225304, 
        "short_term_average": 179768
    }, 
    {
        "accumulated_operating_revenue_yoy": -12.254395282484126, 
        "accumulated_operating_revenue": 1842140, 
        "long_term_average": 193577, 
        "date": "2014-10-31", 
        "operating_revenue": 186481, 
        "short_term_average": 177580
    }, 
    {
        "accumulated_operating_revenue_yoy": -10.15272690355698, 
        "accumulated_operating_revenue": 1982410, 
        "long_term_average": 196348, 
        "date": "2014-11-30", 
        "operating_revenue": 140270, 
        "short_term_average": 184018
    }, 
    {
        "accumulated_operating_revenue_yoy": -13.89282054541593, 
        "accumulated_operating_revenue": 2221734, 
        "long_term_average": 185144, 
        "date": "2014-12-31", 
        "operating_revenue": 239324, 
        "short_term_average": 188691
    }, 
    {
        "accumulated_operating_revenue_yoy": -9.485023013711835, 
        "accumulated_operating_revenue": 150244, 
        "long_term_average": 183832, 
        "date": "2015-01-31", 
        "operating_revenue": 150244, 
        "short_term_average": 176612
    }, 
    {
        "accumulated_operating_revenue_yoy": -2.988244991704212, 
        "accumulated_operating_revenue": 275396, 
        "long_term_average": 184437, 
        "date": "2015-02-28", 
        "operating_revenue": 125152, 
        "short_term_average": 171573
    }, 
    {
        "accumulated_operating_revenue_yoy": -11.055490077113848, 
        "accumulated_operating_revenue": 485243, 
        "long_term_average": 180118, 
        "date": "2015-03-31", 
        "operating_revenue": 209847, 
        "short_term_average": 161747
    }, 
    {
        "accumulated_operating_revenue_yoy": -16.897885830461625, 
        "accumulated_operating_revenue": 644599, 
        "long_term_average": 174221, 
        "date": "2015-04-30", 
        "operating_revenue": 159356, 
        "short_term_average": 164785
    }, 
    {
        "accumulated_operating_revenue_yoy": -15.144667424742758, 
        "accumulated_operating_revenue": 761905, 
        "long_term_average": 173812, 
        "date": "2015-05-31", 
        "operating_revenue": 117306, 
        "short_term_average": 162169
    }, 
    {
        "accumulated_operating_revenue_yoy": -15.112307464919313, 
        "accumulated_operating_revenue": 947648, 
        "long_term_average": 171085, 
        "date": "2015-06-30", 
        "operating_revenue": 185743, 
        "short_term_average": 154135
    }, 
    {
        "accumulated_operating_revenue_yoy": -17.144137993184653, 
        "accumulated_operating_revenue": 1084913, 
        "long_term_average": 166437, 
        "date": "2015-07-31", 
        "operating_revenue": 137265, 
        "short_term_average": 146771
    }, 
    {
        "accumulated_operating_revenue_yoy": -16.197727137668622, 
        "accumulated_operating_revenue": 1198670, 
        "long_term_average": 165837, 
        "date": "2015-08-31", 
        "operating_revenue": 113757, 
        "short_term_average": 145588
    }, 
    {
        "accumulated_operating_revenue_yoy": -15.060347571571201, 
        "accumulated_operating_revenue": 1406311, 
        "long_term_average": 164365, 
        "date": "2015-09-30", 
        "operating_revenue": 207641, 
        "short_term_average": 152887
    }, 
    {
        "accumulated_operating_revenue_yoy": -14.152073132335218, 
        "accumulated_operating_revenue": 1581439, 
        "long_term_average": 163419, 
        "date": "2015-10-31", 
        "operating_revenue": 175128, 
        "short_term_average": 165508
    }
]