[
    {
        "date": "2012-01-31", 
        "operating_revenue": 3366, 
        "accumulated_operating_revenue": 3366, 
        "long_term_average": 3366, 
        "short_term_average": 3366
    }, 
    {
        "date": "2012-02-29", 
        "operating_revenue": 12788, 
        "accumulated_operating_revenue": 16154, 
        "long_term_average": 8077, 
        "short_term_average": 8077
    }, 
    {
        "date": "2012-03-31", 
        "operating_revenue": 15850, 
        "accumulated_operating_revenue": 32004, 
        "long_term_average": 10668, 
        "short_term_average": 10668
    }, 
    {
        "date": "2012-04-30", 
        "operating_revenue": 17985, 
        "accumulated_operating_revenue": 49989, 
        "long_term_average": 12497, 
        "short_term_average": 15541
    }, 
    {
        "date": "2012-05-31", 
        "operating_revenue": 25087, 
        "accumulated_operating_revenue": 75076, 
        "long_term_average": 15015, 
        "short_term_average": 19640
    }, 
    {
        "date": "2012-06-30", 
        "operating_revenue": 24282, 
        "accumulated_operating_revenue": 99358, 
        "long_term_average": 16559, 
        "short_term_average": 22451
    }, 
    {
        "date": "2012-07-31", 
        "operating_revenue": 17572, 
        "accumulated_operating_revenue": 116930, 
        "long_term_average": 16704, 
        "short_term_average": 22313
    }, 
    {
        "date": "2012-08-31", 
        "operating_revenue": 14332, 
        "accumulated_operating_revenue": 131262, 
        "long_term_average": 16407, 
        "short_term_average": 18728
    }, 
    {
        "date": "2012-09-30", 
        "operating_revenue": 2479, 
        "accumulated_operating_revenue": 133741, 
        "long_term_average": 14860, 
        "short_term_average": 11461
    }, 
    {
        "date": "2012-10-31", 
        "operating_revenue": 1818, 
        "accumulated_operating_revenue": 135559, 
        "long_term_average": 13555, 
        "short_term_average": 6209
    }, 
    {
        "date": "2012-11-30", 
        "operating_revenue": 4761, 
        "accumulated_operating_revenue": 140320, 
        "long_term_average": 12756, 
        "short_term_average": 3019
    }, 
    {
        "date": "2012-12-31", 
        "operating_revenue": 4836, 
        "accumulated_operating_revenue": 145156, 
        "long_term_average": 12096, 
        "short_term_average": 3805
    }, 
    {
        "accumulated_operating_revenue_yoy": -8.318478906714201, 
        "accumulated_operating_revenue": 3086, 
        "long_term_average": 12073, 
        "date": "2013-01-31", 
        "operating_revenue": 3086, 
        "short_term_average": 4227
    }, 
    {
        "accumulated_operating_revenue_yoy": -77.85687755354711, 
        "accumulated_operating_revenue": 3577, 
        "long_term_average": 11048, 
        "date": "2013-02-28", 
        "operating_revenue": 491, 
        "short_term_average": 2804
    }, 
    {
        "accumulated_operating_revenue_yoy": -79.3557055368079, 
        "accumulated_operating_revenue": 6607, 
        "long_term_average": 9979, 
        "date": "2013-03-31", 
        "operating_revenue": 3030, 
        "short_term_average": 2202
    }, 
    {
        "accumulated_operating_revenue_yoy": -82.23209106003321, 
        "accumulated_operating_revenue": 8882, 
        "long_term_average": 8670, 
        "date": "2013-04-30", 
        "operating_revenue": 2275, 
        "short_term_average": 1932
    }, 
    {
        "accumulated_operating_revenue_yoy": -86.60424103575043, 
        "accumulated_operating_revenue": 10057, 
        "long_term_average": 6678, 
        "date": "2013-05-31", 
        "operating_revenue": 1175, 
        "short_term_average": 2160
    }, 
    {
        "accumulated_operating_revenue_yoy": -87.82382898206485, 
        "accumulated_operating_revenue": 12098, 
        "long_term_average": 4824, 
        "date": "2013-06-30", 
        "operating_revenue": 2041, 
        "short_term_average": 1830
    }, 
    {
        "accumulated_operating_revenue_yoy": -87.29325237321474, 
        "accumulated_operating_revenue": 14858, 
        "long_term_average": 3590, 
        "date": "2013-07-31", 
        "operating_revenue": 2760, 
        "short_term_average": 1992
    }, 
    {
        "accumulated_operating_revenue_yoy": -87.73521658972132, 
        "accumulated_operating_revenue": 16099, 
        "long_term_average": 2499, 
        "date": "2013-08-31", 
        "operating_revenue": 1241, 
        "short_term_average": 2014
    }, 
    {
        "accumulated_operating_revenue_yoy": -85.2618120097801, 
        "accumulated_operating_revenue": 19711, 
        "long_term_average": 2593, 
        "date": "2013-09-30", 
        "operating_revenue": 3612, 
        "short_term_average": 2537
    }, 
    {
        "accumulated_operating_revenue_yoy": -85.32004514639382, 
        "accumulated_operating_revenue": 19900, 
        "long_term_average": 2458, 
        "date": "2013-10-31", 
        "operating_revenue": 189, 
        "short_term_average": 1680
    }, 
    {
        "accumulated_operating_revenue_yoy": -85.54304446978335, 
        "accumulated_operating_revenue": 20286, 
        "long_term_average": 2093, 
        "date": "2013-11-30", 
        "operating_revenue": 386, 
        "short_term_average": 1395
    }, 
    {
        "accumulated_operating_revenue_yoy": -83.95588194769765, 
        "accumulated_operating_revenue": 23289, 
        "long_term_average": 1940, 
        "date": "2013-12-31", 
        "operating_revenue": 3003, 
        "short_term_average": 1192
    }, 
    {
        "accumulated_operating_revenue_yoy": -73.65521710952689, 
        "accumulated_operating_revenue": 813, 
        "long_term_average": 1751, 
        "date": "2014-01-31", 
        "operating_revenue": 813, 
        "short_term_average": 1400
    }, 
    {
        "accumulated_operating_revenue_yoy": 5.423539278725189, 
        "accumulated_operating_revenue": 3771, 
        "long_term_average": 1956, 
        "date": "2014-02-28", 
        "operating_revenue": 2958, 
        "short_term_average": 2258
    }, 
    {
        "accumulated_operating_revenue_yoy": -39.685182382321784, 
        "accumulated_operating_revenue": 3985, 
        "long_term_average": 1722, 
        "date": "2014-03-31", 
        "operating_revenue": 214, 
        "short_term_average": 1328
    }, 
    {
        "accumulated_operating_revenue_yoy": -52.10538167079487, 
        "accumulated_operating_revenue": 4254, 
        "long_term_average": 1555, 
        "date": "2014-04-30", 
        "operating_revenue": 269, 
        "short_term_average": 1147
    }, 
    {
        "accumulated_operating_revenue_yoy": -57.134334294521224, 
        "accumulated_operating_revenue": 4311, 
        "long_term_average": 1461, 
        "date": "2014-05-31", 
        "operating_revenue": 57, 
        "short_term_average": 180
    }, 
    {
        "accumulated_operating_revenue_yoy": -56.678789882625225, 
        "accumulated_operating_revenue": 5241, 
        "long_term_average": 1369, 
        "date": "2014-06-30", 
        "operating_revenue": 930, 
        "short_term_average": 418
    }, 
    {
        "accumulated_operating_revenue_yoy": -61.461838740072686, 
        "accumulated_operating_revenue": 5726, 
        "long_term_average": 1179, 
        "date": "2014-07-31", 
        "operating_revenue": 485, 
        "short_term_average": 490
    }, 
    {
        "accumulated_operating_revenue_yoy": -63.91080191316231, 
        "accumulated_operating_revenue": 5810, 
        "long_term_average": 1083, 
        "date": "2014-08-31", 
        "operating_revenue": 84, 
        "short_term_average": 499
    }, 
    {
        "accumulated_operating_revenue_yoy": -67.62213992187104, 
        "accumulated_operating_revenue": 6382, 
        "long_term_average": 830, 
        "date": "2014-09-30", 
        "operating_revenue": 572, 
        "short_term_average": 380
    }, 
    {
        "accumulated_operating_revenue_yoy": -67.7035175879397, 
        "accumulated_operating_revenue": 6427, 
        "long_term_average": 818, 
        "date": "2014-10-31", 
        "operating_revenue": 45, 
        "short_term_average": 233
    }, 
    {
        "accumulated_operating_revenue_yoy": -67.90890269151139, 
        "accumulated_operating_revenue": 6510, 
        "long_term_average": 792, 
        "date": "2014-11-30", 
        "operating_revenue": 83, 
        "short_term_average": 233
    }, 
    {
        "accumulated_operating_revenue_yoy": -67.5082657048392, 
        "accumulated_operating_revenue": 7567, 
        "long_term_average": 630, 
        "date": "2014-12-31", 
        "operating_revenue": 1057, 
        "short_term_average": 395
    }, 
    {
        "accumulated_operating_revenue_yoy": -72.69372693726937, 
        "accumulated_operating_revenue": 222, 
        "long_term_average": 581, 
        "date": "2015-01-31", 
        "operating_revenue": 222, 
        "short_term_average": 454
    }, 
    {
        "accumulated_operating_revenue_yoy": -91.93847785733227, 
        "accumulated_operating_revenue": 304, 
        "long_term_average": 341, 
        "date": "2015-02-28", 
        "operating_revenue": 82, 
        "short_term_average": 453
    }, 
    {
        "accumulated_operating_revenue_yoy": -81.65621079046424, 
        "accumulated_operating_revenue": 731, 
        "long_term_average": 359, 
        "date": "2015-03-31", 
        "operating_revenue": 427, 
        "short_term_average": 243
    }, 
    {
        "accumulated_operating_revenue_yoy": -78.60836859426422, 
        "accumulated_operating_revenue": 910, 
        "long_term_average": 351, 
        "date": "2015-04-30", 
        "operating_revenue": 179, 
        "short_term_average": 229
    }, 
    {
        "accumulated_operating_revenue_yoy": -77.98654604500116, 
        "accumulated_operating_revenue": 949, 
        "long_term_average": 350, 
        "date": "2015-05-31", 
        "operating_revenue": 39, 
        "short_term_average": 215
    }, 
    {
        "accumulated_operating_revenue_yoy": -80.19461934745277, 
        "accumulated_operating_revenue": 1038, 
        "long_term_average": 280, 
        "date": "2015-06-30", 
        "operating_revenue": 89, 
        "short_term_average": 102
    }, 
    {
        "accumulated_operating_revenue_yoy": -79.0080335312609, 
        "accumulated_operating_revenue": 1202, 
        "long_term_average": 253, 
        "date": "2015-07-31", 
        "operating_revenue": 164, 
        "short_term_average": 97
    }, 
    {
        "accumulated_operating_revenue_yoy": -67.26333907056798, 
        "accumulated_operating_revenue": 1902, 
        "long_term_average": 304, 
        "date": "2015-08-31", 
        "operating_revenue": 700, 
        "short_term_average": 317
    }
]