[
    {
        "date": "2011-09-30", 
        "operating_revenue": 5114, 
        "accumulated_operating_revenue": 5114, 
        "long_term_average": 5114, 
        "short_term_average": 5114
    }, 
    {
        "date": "2011-10-31", 
        "operating_revenue": 7406, 
        "accumulated_operating_revenue": 12520, 
        "long_term_average": 6260, 
        "short_term_average": 6260
    }, 
    {
        "date": "2011-11-30", 
        "operating_revenue": 7010, 
        "accumulated_operating_revenue": 19530, 
        "long_term_average": 6510, 
        "short_term_average": 6510
    }, 
    {
        "date": "2011-12-31", 
        "operating_revenue": 5898, 
        "accumulated_operating_revenue": 25428, 
        "long_term_average": 6357, 
        "short_term_average": 6771
    }, 
    {
        "date": "2012-01-31", 
        "operating_revenue": 1470, 
        "accumulated_operating_revenue": 1470, 
        "long_term_average": 5379, 
        "short_term_average": 4792
    }, 
    {
        "date": "2012-02-29", 
        "operating_revenue": 284953, 
        "accumulated_operating_revenue": 286423, 
        "long_term_average": 51975, 
        "short_term_average": 97440
    }, 
    {
        "date": "2012-03-31", 
        "operating_revenue": 56388, 
        "accumulated_operating_revenue": 342811, 
        "long_term_average": 52605, 
        "short_term_average": 114270
    }, 
    {
        "date": "2012-04-30", 
        "operating_revenue": 69509, 
        "accumulated_operating_revenue": 412320, 
        "long_term_average": 54718, 
        "short_term_average": 136950
    }, 
    {
        "date": "2012-05-31", 
        "operating_revenue": 42549, 
        "accumulated_operating_revenue": 454869, 
        "long_term_average": 53366, 
        "short_term_average": 56148
    }, 
    {
        "date": "2012-06-30", 
        "operating_revenue": 98, 
        "accumulated_operating_revenue": 454967, 
        "long_term_average": 48039, 
        "short_term_average": 37385
    }, 
    {
        "date": "2012-07-31", 
        "operating_revenue": 286, 
        "accumulated_operating_revenue": 455253, 
        "long_term_average": 43698, 
        "short_term_average": 14311
    }, 
    {
        "date": "2012-08-31", 
        "operating_revenue": 3121, 
        "accumulated_operating_revenue": 458374, 
        "long_term_average": 40316, 
        "short_term_average": 1168
    }, 
    {
        "accumulated_operating_revenue_yoy": 1817.6852288815478, 
        "accumulated_operating_revenue": 487629, 
        "long_term_average": 42328, 
        "date": "2012-12-31", 
        "operating_revenue": 29255, 
        "short_term_average": 10887
    }, 
    {
        "accumulated_operating_revenue_yoy": -98.50354860258277, 
        "accumulated_operating_revenue": 5130, 
        "long_term_average": 42138, 
        "date": "2013-03-31", 
        "operating_revenue": 5130, 
        "short_term_average": 12502
    }, 
    {
        "accumulated_operating_revenue_yoy": 0.33275126115638337, 
        "accumulated_operating_revenue": 413692, 
        "long_term_average": 75601, 
        "date": "2013-04-30", 
        "operating_revenue": 408562, 
        "short_term_average": 147649
    }, 
    {
        "accumulated_operating_revenue_yoy": 36.729475959012376, 
        "accumulated_operating_revenue": 621940, 
        "long_term_average": 92464, 
        "date": "2013-05-31", 
        "operating_revenue": 208248, 
        "short_term_average": 207313
    }, 
    {
        "accumulated_operating_revenue_yoy": 52.359841483008665, 
        "accumulated_operating_revenue": 693187, 
        "long_term_average": 98278, 
        "date": "2013-06-30", 
        "operating_revenue": 71247, 
        "short_term_average": 229352
    }, 
    {
        "accumulated_operating_revenue_yoy": 62.12875038714737, 
        "accumulated_operating_revenue": 738096, 
        "long_term_average": 78275, 
        "date": "2013-07-31", 
        "operating_revenue": 44909, 
        "short_term_average": 108134
    }, 
    {
        "accumulated_operating_revenue_yoy": 111.38917128807479, 
        "accumulated_operating_revenue": 968953, 
        "long_term_average": 92814, 
        "date": "2013-08-31", 
        "operating_revenue": 230857, 
        "short_term_average": 115671
    }, 
    {
        "date": "2013-09-30", 
        "operating_revenue": 108966, 
        "accumulated_operating_revenue": 1077919, 
        "long_term_average": 96102, 
        "short_term_average": 128244
    }, 
    {
        "date": "2013-10-31", 
        "operating_revenue": 168966, 
        "accumulated_operating_revenue": 1246885, 
        "long_term_average": 106637, 
        "short_term_average": 169596
    }, 
    {
        "date": "2013-11-30", 
        "operating_revenue": 14659, 
        "accumulated_operating_revenue": 1261544, 
        "long_term_average": 107850, 
        "short_term_average": 97530
    }, 
    {
        "accumulated_operating_revenue_yoy": 161.91715422995762, 
        "accumulated_operating_revenue": 1277184, 
        "long_term_average": 109130, 
        "date": "2013-12-31", 
        "operating_revenue": 15640, 
        "short_term_average": 66421
    }, 
    {
        "date": "2014-01-31", 
        "operating_revenue": 8607, 
        "accumulated_operating_revenue": 8607, 
        "long_term_average": 109587, 
        "short_term_average": 12968
    }, 
    {
        "date": "2014-02-28", 
        "operating_revenue": 1101, 
        "accumulated_operating_revenue": 9708, 
        "long_term_average": 107241, 
        "short_term_average": 8449
    }, 
    {
        "accumulated_operating_revenue_yoy": 276.9395711500975, 
        "accumulated_operating_revenue": 19337, 
        "long_term_average": 107615, 
        "date": "2014-03-31", 
        "operating_revenue": 9629, 
        "short_term_average": 6445
    }, 
    {
        "accumulated_operating_revenue_yoy": -93.22926234976747, 
        "accumulated_operating_revenue": 28010, 
        "long_term_average": 74291, 
        "date": "2014-04-30", 
        "operating_revenue": 8673, 
        "short_term_average": 6467
    }, 
    {
        "accumulated_operating_revenue_yoy": -93.22571309129498, 
        "accumulated_operating_revenue": 42132, 
        "long_term_average": 58114, 
        "date": "2014-05-31", 
        "operating_revenue": 14122, 
        "short_term_average": 10808
    }, 
    {
        "accumulated_operating_revenue_yoy": -88.65298974158489, 
        "accumulated_operating_revenue": 78656, 
        "long_term_average": 55221, 
        "date": "2014-06-30", 
        "operating_revenue": 36524, 
        "short_term_average": 19773
    }, 
    {
        "accumulated_operating_revenue_yoy": -32.506205154885, 
        "accumulated_operating_revenue": 498169, 
        "long_term_average": 86438, 
        "date": "2014-07-31", 
        "operating_revenue": 419513, 
        "short_term_average": 156719
    }, 
    {
        "accumulated_operating_revenue_yoy": -36.51415496933288, 
        "accumulated_operating_revenue": 615148, 
        "long_term_average": 76948, 
        "date": "2014-08-31", 
        "operating_revenue": 116979, 
        "short_term_average": 191005
    }, 
    {
        "accumulated_operating_revenue_yoy": -41.3005058821674, 
        "accumulated_operating_revenue": 632733, 
        "long_term_average": 69333, 
        "date": "2014-09-30", 
        "operating_revenue": 17585, 
        "short_term_average": 184692
    }, 
    {
        "accumulated_operating_revenue_yoy": -47.238999586970735, 
        "accumulated_operating_revenue": 657869, 
        "long_term_average": 57347, 
        "date": "2014-10-31", 
        "operating_revenue": 25136, 
        "short_term_average": 53233
    }, 
    {
        "accumulated_operating_revenue_yoy": -45.85079870381057, 
        "accumulated_operating_revenue": 683116, 
        "long_term_average": 58229, 
        "date": "2014-11-30", 
        "operating_revenue": 25247, 
        "short_term_average": 22656
    }, 
    {
        "accumulated_operating_revenue_yoy": -42.72125238023652, 
        "accumulated_operating_revenue": 731555, 
        "long_term_average": 60962, 
        "date": "2014-12-31", 
        "operating_revenue": 48439, 
        "short_term_average": 32940
    }, 
    {
        "accumulated_operating_revenue_yoy": -87.44045544324386, 
        "accumulated_operating_revenue": 1081, 
        "long_term_average": 60335, 
        "date": "2015-01-31", 
        "operating_revenue": 1081, 
        "short_term_average": 24922
    }, 
    {
        "accumulated_operating_revenue_yoy": 89.70951792336218, 
        "accumulated_operating_revenue": 18417, 
        "long_term_average": 61688, 
        "date": "2015-02-28", 
        "operating_revenue": 17336, 
        "short_term_average": 22285
    }, 
    {
        "accumulated_operating_revenue_yoy": 37.363603454517246, 
        "accumulated_operating_revenue": 26562, 
        "long_term_average": 61565, 
        "date": "2015-03-31", 
        "operating_revenue": 8145, 
        "short_term_average": 8854
    }, 
    {
        "accumulated_operating_revenue_yoy": 41.80649767940021, 
        "accumulated_operating_revenue": 39720, 
        "long_term_average": 61938, 
        "date": "2015-04-30", 
        "operating_revenue": 13158, 
        "short_term_average": 12879
    }, 
    {
        "accumulated_operating_revenue_yoy": 19.265641317763222, 
        "accumulated_operating_revenue": 50249, 
        "long_term_average": 61639, 
        "date": "2015-05-31", 
        "operating_revenue": 10529, 
        "short_term_average": 10610
    }, 
    {
        "accumulated_operating_revenue_yoy": 254.86930431244917, 
        "accumulated_operating_revenue": 279126, 
        "long_term_average": 77668, 
        "date": "2015-06-30", 
        "operating_revenue": 228877, 
        "short_term_average": 84188
    }, 
    {
        "accumulated_operating_revenue_yoy": 31.888575965184508, 
        "accumulated_operating_revenue": 657028, 
        "long_term_average": 74201, 
        "date": "2015-07-31", 
        "operating_revenue": 377902, 
        "short_term_average": 205769
    }, 
    {
        "accumulated_operating_revenue_yoy": 37.11578351876296, 
        "accumulated_operating_revenue": 843465, 
        "long_term_average": 79989, 
        "date": "2015-08-31", 
        "operating_revenue": 186437, 
        "short_term_average": 264405
    }, 
    {
        "accumulated_operating_revenue_yoy": 39.519829059018576, 
        "accumulated_operating_revenue": 882788, 
        "long_term_average": 81800, 
        "date": "2015-09-30", 
        "operating_revenue": 39323, 
        "short_term_average": 201220
    }
]