[
    {
        "date": "2012-01-31", 
        "operating_revenue": 99232, 
        "accumulated_operating_revenue": 99232, 
        "long_term_average": 99232, 
        "short_term_average": 99232
    }, 
    {
        "date": "2012-02-29", 
        "operating_revenue": 115015, 
        "accumulated_operating_revenue": 214247, 
        "long_term_average": 107123, 
        "short_term_average": 107123
    }, 
    {
        "date": "2012-03-31", 
        "operating_revenue": 152899, 
        "accumulated_operating_revenue": 367146, 
        "long_term_average": 122382, 
        "short_term_average": 122382
    }, 
    {
        "date": "2012-04-30", 
        "operating_revenue": 141620, 
        "accumulated_operating_revenue": 508766, 
        "long_term_average": 127191, 
        "short_term_average": 136511
    }, 
    {
        "date": "2012-05-31", 
        "operating_revenue": 165027, 
        "accumulated_operating_revenue": 673793, 
        "long_term_average": 134758, 
        "short_term_average": 153182
    }, 
    {
        "date": "2012-06-30", 
        "operating_revenue": 136587, 
        "accumulated_operating_revenue": 810380, 
        "long_term_average": 135063, 
        "short_term_average": 147744
    }, 
    {
        "date": "2012-07-31", 
        "operating_revenue": 127758, 
        "accumulated_operating_revenue": 938138, 
        "long_term_average": 134019, 
        "short_term_average": 143124
    }, 
    {
        "date": "2012-08-31", 
        "operating_revenue": 105407, 
        "accumulated_operating_revenue": 1043545, 
        "long_term_average": 130443, 
        "short_term_average": 123250
    }, 
    {
        "date": "2012-09-30", 
        "operating_revenue": 105730, 
        "accumulated_operating_revenue": 1149275, 
        "long_term_average": 127697, 
        "short_term_average": 112965
    }, 
    {
        "date": "2012-10-31", 
        "operating_revenue": 82264, 
        "accumulated_operating_revenue": 1231539, 
        "long_term_average": 123153, 
        "short_term_average": 97800
    }, 
    {
        "date": "2012-11-30", 
        "operating_revenue": 69404, 
        "accumulated_operating_revenue": 1300943, 
        "long_term_average": 118267, 
        "short_term_average": 85799
    }, 
    {
        "date": "2012-12-31", 
        "operating_revenue": 83258, 
        "accumulated_operating_revenue": 1384201, 
        "long_term_average": 115350, 
        "short_term_average": 78308
    }, 
    {
        "accumulated_operating_revenue_yoy": -16.41305224121251, 
        "accumulated_operating_revenue": 82945, 
        "long_term_average": 113992, 
        "date": "2013-01-31", 
        "operating_revenue": 82945, 
        "short_term_average": 78535
    }, 
    {
        "accumulated_operating_revenue_yoy": -27.097695650347497, 
        "accumulated_operating_revenue": 156191, 
        "long_term_average": 110512, 
        "date": "2013-02-28", 
        "operating_revenue": 73246, 
        "short_term_average": 79816
    }, 
    {
        "accumulated_operating_revenue_yoy": -34.397487647965654, 
        "accumulated_operating_revenue": 240857, 
        "long_term_average": 104826, 
        "date": "2013-03-31", 
        "operating_revenue": 84666, 
        "short_term_average": 80285
    }, 
    {
        "accumulated_operating_revenue_yoy": -34.09072147116749, 
        "accumulated_operating_revenue": 335324, 
        "long_term_average": 100896, 
        "date": "2013-04-30", 
        "operating_revenue": 94467, 
        "short_term_average": 84126
    }, 
    {
        "accumulated_operating_revenue_yoy": -36.72760031641765, 
        "accumulated_operating_revenue": 426325, 
        "long_term_average": 94727, 
        "date": "2013-05-31", 
        "operating_revenue": 91001, 
        "short_term_average": 90044
    }, 
    {
        "accumulated_operating_revenue_yoy": -36.00927959722599, 
        "accumulated_operating_revenue": 518568, 
        "long_term_average": 91032, 
        "date": "2013-06-30", 
        "operating_revenue": 92243, 
        "short_term_average": 92570
    }, 
    {
        "accumulated_operating_revenue_yoy": -36.14350980346175, 
        "accumulated_operating_revenue": 599062, 
        "long_term_average": 87093, 
        "date": "2013-07-31", 
        "operating_revenue": 80494, 
        "short_term_average": 87912
    }, 
    {
        "accumulated_operating_revenue_yoy": -33.96413187739867, 
        "accumulated_operating_revenue": 689114, 
        "long_term_average": 85814, 
        "date": "2013-08-31", 
        "operating_revenue": 90052, 
        "short_term_average": 87596
    }, 
    {
        "accumulated_operating_revenue_yoy": -30.635661612755865, 
        "accumulated_operating_revenue": 797187, 
        "long_term_average": 86009, 
        "date": "2013-09-30", 
        "operating_revenue": 108073, 
        "short_term_average": 92873
    }, 
    {
        "accumulated_operating_revenue_yoy": -24.492525206266304, 
        "accumulated_operating_revenue": 929904, 
        "long_term_average": 90213, 
        "date": "2013-10-31", 
        "operating_revenue": 132717, 
        "short_term_average": 110280
    }, 
    {
        "accumulated_operating_revenue_yoy": -21.977058180104738, 
        "accumulated_operating_revenue": 1015034, 
        "long_term_average": 91524, 
        "date": "2013-11-30", 
        "operating_revenue": 85130, 
        "short_term_average": 108640
    }, 
    {
        "accumulated_operating_revenue_yoy": -18.89263192267597, 
        "accumulated_operating_revenue": 1122689, 
        "long_term_average": 93557, 
        "date": "2013-12-31", 
        "operating_revenue": 107655, 
        "short_term_average": 108500
    }, 
    {
        "accumulated_operating_revenue_yoy": -13.300379769726927, 
        "accumulated_operating_revenue": 71913, 
        "long_term_average": 92638, 
        "date": "2014-01-31", 
        "operating_revenue": 71913, 
        "short_term_average": 88232
    }, 
    {
        "accumulated_operating_revenue_yoy": 6.053485796236659, 
        "accumulated_operating_revenue": 165646, 
        "long_term_average": 94345, 
        "date": "2014-02-28", 
        "operating_revenue": 93733, 
        "short_term_average": 91100
    }, 
    {
        "accumulated_operating_revenue_yoy": 7.890989259186987, 
        "accumulated_operating_revenue": 259863, 
        "long_term_average": 95141, 
        "date": "2014-03-31", 
        "operating_revenue": 94217, 
        "short_term_average": 86621
    }, 
    {
        "accumulated_operating_revenue_yoy": 6.389044625496535, 
        "accumulated_operating_revenue": 356748, 
        "long_term_average": 95342, 
        "date": "2014-04-30", 
        "operating_revenue": 96885, 
        "short_term_average": 94945
    }, 
    {
        "accumulated_operating_revenue_yoy": 5.268984929337947, 
        "accumulated_operating_revenue": 448788, 
        "long_term_average": 95429, 
        "date": "2014-05-31", 
        "operating_revenue": 92040, 
        "short_term_average": 94380
    }, 
    {
        "accumulated_operating_revenue_yoy": 10.581254531710403, 
        "accumulated_operating_revenue": 573439, 
        "long_term_average": 98130, 
        "date": "2014-06-30", 
        "operating_revenue": 124651, 
        "short_term_average": 104525
    }, 
    {
        "accumulated_operating_revenue_yoy": 10.044369364105886, 
        "accumulated_operating_revenue": 659234, 
        "long_term_average": 98571, 
        "date": "2014-07-31", 
        "operating_revenue": 85795, 
        "short_term_average": 100828
    }, 
    {
        "accumulated_operating_revenue_yoy": 11.53945501034662, 
        "accumulated_operating_revenue": 768634, 
        "long_term_average": 100184, 
        "date": "2014-08-31", 
        "operating_revenue": 109400, 
        "short_term_average": 106615
    }, 
    {
        "accumulated_operating_revenue_yoy": 9.785282499589181, 
        "accumulated_operating_revenue": 875194, 
        "long_term_average": 100058, 
        "date": "2014-09-30", 
        "operating_revenue": 106560, 
        "short_term_average": 100585
    }, 
    {
        "accumulated_operating_revenue_yoy": 7.887158244291884, 
        "accumulated_operating_revenue": 1003247, 
        "long_term_average": 99669, 
        "date": "2014-10-31", 
        "operating_revenue": 128053, 
        "short_term_average": 114671
    }, 
    {
        "accumulated_operating_revenue_yoy": 16.256598301140652, 
        "accumulated_operating_revenue": 1180044, 
        "long_term_average": 107308, 
        "date": "2014-11-30", 
        "operating_revenue": 176797, 
        "short_term_average": 137136
    }, 
    {
        "accumulated_operating_revenue_yoy": 20.58486366215399, 
        "accumulated_operating_revenue": 1353793, 
        "long_term_average": 112816, 
        "date": "2014-12-31", 
        "operating_revenue": 173749, 
        "short_term_average": 159533
    }, 
    {
        "accumulated_operating_revenue_yoy": 39.810604480413836, 
        "accumulated_operating_revenue": 100542, 
        "long_term_average": 115201, 
        "date": "2015-01-31", 
        "operating_revenue": 100542, 
        "short_term_average": 150362
    }, 
    {
        "accumulated_operating_revenue_yoy": 29.077067964212837, 
        "accumulated_operating_revenue": 213811, 
        "long_term_average": 116829, 
        "date": "2015-02-28", 
        "operating_revenue": 113269, 
        "short_term_average": 129186
    }, 
    {
        "accumulated_operating_revenue_yoy": 41.45145711394081, 
        "accumulated_operating_revenue": 367580, 
        "long_term_average": 121792, 
        "date": "2015-03-31", 
        "operating_revenue": 153769, 
        "short_term_average": 122526
    }, 
    {
        "accumulated_operating_revenue_yoy": 34.14651238409186, 
        "accumulated_operating_revenue": 478565, 
        "long_term_average": 122967, 
        "date": "2015-04-30", 
        "operating_revenue": 110985, 
        "short_term_average": 126007
    }, 
    {
        "accumulated_operating_revenue_yoy": 31.110234676506504, 
        "accumulated_operating_revenue": 588407, 
        "long_term_average": 124451, 
        "date": "2015-05-31", 
        "operating_revenue": 109842, 
        "short_term_average": 124865
    }, 
    {
        "accumulated_operating_revenue_yoy": 25.620685024911104, 
        "accumulated_operating_revenue": 720358, 
        "long_term_average": 125059, 
        "date": "2015-06-30", 
        "operating_revenue": 131951, 
        "short_term_average": 117592
    }, 
    {
        "accumulated_operating_revenue_yoy": 26.749833898130255, 
        "accumulated_operating_revenue": 835578, 
        "long_term_average": 127511, 
        "date": "2015-07-31", 
        "operating_revenue": 115220, 
        "short_term_average": 119004
    }, 
    {
        "accumulated_operating_revenue_yoy": 22.94160809956364, 
        "accumulated_operating_revenue": 944971, 
        "long_term_average": 127510, 
        "date": "2015-08-31", 
        "operating_revenue": 109393, 
        "short_term_average": 118854
    }
]