[
    {
        "date": "2012-01-31", 
        "operating_revenue": 19359, 
        "accumulated_operating_revenue": 19359, 
        "long_term_average": 19359, 
        "short_term_average": 19359
    }, 
    {
        "date": "2012-02-29", 
        "operating_revenue": 19465, 
        "accumulated_operating_revenue": 38824, 
        "long_term_average": 19412, 
        "short_term_average": 19412
    }, 
    {
        "date": "2012-03-31", 
        "operating_revenue": 22466, 
        "accumulated_operating_revenue": 61290, 
        "long_term_average": 20430, 
        "short_term_average": 20430
    }, 
    {
        "date": "2012-04-30", 
        "operating_revenue": 15776, 
        "accumulated_operating_revenue": 77066, 
        "long_term_average": 19266, 
        "short_term_average": 19235
    }, 
    {
        "date": "2012-05-31", 
        "operating_revenue": 18187, 
        "accumulated_operating_revenue": 95253, 
        "long_term_average": 19050, 
        "short_term_average": 18809
    }, 
    {
        "date": "2012-06-30", 
        "operating_revenue": 18508, 
        "accumulated_operating_revenue": 113761, 
        "long_term_average": 18960, 
        "short_term_average": 17490
    }, 
    {
        "date": "2012-07-31", 
        "operating_revenue": 18722, 
        "accumulated_operating_revenue": 132483, 
        "long_term_average": 18926, 
        "short_term_average": 18472
    }, 
    {
        "date": "2012-08-31", 
        "operating_revenue": 18401, 
        "accumulated_operating_revenue": 150884, 
        "long_term_average": 18860, 
        "short_term_average": 18543
    }, 
    {
        "date": "2012-09-30", 
        "operating_revenue": 17550, 
        "accumulated_operating_revenue": 168434, 
        "long_term_average": 18714, 
        "short_term_average": 18224
    }, 
    {
        "date": "2012-10-31", 
        "operating_revenue": 22108, 
        "accumulated_operating_revenue": 190542, 
        "long_term_average": 19054, 
        "short_term_average": 19353
    }, 
    {
        "date": "2012-11-30", 
        "operating_revenue": 26469, 
        "accumulated_operating_revenue": 217011, 
        "long_term_average": 19728, 
        "short_term_average": 22042
    }, 
    {
        "date": "2012-12-31", 
        "operating_revenue": 36880, 
        "accumulated_operating_revenue": 253891, 
        "long_term_average": 21157, 
        "short_term_average": 28485
    }, 
    {
        "accumulated_operating_revenue_yoy": -6.477607314427399, 
        "accumulated_operating_revenue": 18105, 
        "long_term_average": 21053, 
        "date": "2013-01-31", 
        "operating_revenue": 18105, 
        "short_term_average": 27151
    }, 
    {
        "accumulated_operating_revenue_yoy": -9.156707191427984, 
        "accumulated_operating_revenue": 35269, 
        "long_term_average": 20861, 
        "date": "2013-02-28", 
        "operating_revenue": 17164, 
        "short_term_average": 24049
    }, 
    {
        "accumulated_operating_revenue_yoy": 1.3509544787077827, 
        "accumulated_operating_revenue": 62118, 
        "long_term_average": 21226, 
        "date": "2013-03-31", 
        "operating_revenue": 26849, 
        "short_term_average": 20706
    }, 
    {
        "accumulated_operating_revenue_yoy": 4.128928450938156, 
        "accumulated_operating_revenue": 80248, 
        "long_term_average": 21422, 
        "date": "2013-04-30", 
        "operating_revenue": 18130, 
        "short_term_average": 20714
    }, 
    {
        "accumulated_operating_revenue_yoy": 8.998141790809738, 
        "accumulated_operating_revenue": 103824, 
        "long_term_average": 21871, 
        "date": "2013-05-31", 
        "operating_revenue": 23576, 
        "short_term_average": 22851
    }, 
    {
        "accumulated_operating_revenue_yoy": 14.14808238324206, 
        "accumulated_operating_revenue": 129856, 
        "long_term_average": 22498, 
        "date": "2013-06-30", 
        "operating_revenue": 26032, 
        "short_term_average": 22579
    }, 
    {
        "accumulated_operating_revenue_yoy": 17.27617883049146, 
        "accumulated_operating_revenue": 155371, 
        "long_term_average": 23064, 
        "date": "2013-07-31", 
        "operating_revenue": 25515, 
        "short_term_average": 25041
    }, 
    {
        "accumulated_operating_revenue_yoy": 18.02643090055937, 
        "accumulated_operating_revenue": 178083, 
        "long_term_average": 23424, 
        "date": "2013-08-31", 
        "operating_revenue": 22712, 
        "short_term_average": 24753
    }, 
    {
        "accumulated_operating_revenue_yoy": 24.62091976679293, 
        "accumulated_operating_revenue": 209904, 
        "long_term_average": 24613, 
        "date": "2013-09-30", 
        "operating_revenue": 31821, 
        "short_term_average": 26682
    }, 
    {
        "accumulated_operating_revenue_yoy": 19.305979783984633, 
        "accumulated_operating_revenue": 227328, 
        "long_term_average": 24223, 
        "date": "2013-10-31", 
        "operating_revenue": 17424, 
        "short_term_average": 23985
    }, 
    {
        "accumulated_operating_revenue_yoy": 15.859564722525587, 
        "accumulated_operating_revenue": 251428, 
        "long_term_average": 24025, 
        "date": "2013-11-30", 
        "operating_revenue": 24100, 
        "short_term_average": 24448
    }, 
    {
        "accumulated_operating_revenue_yoy": 13.485314564123973, 
        "accumulated_operating_revenue": 288129, 
        "long_term_average": 24010, 
        "date": "2013-12-31", 
        "operating_revenue": 36701, 
        "short_term_average": 26075
    }, 
    {
        "accumulated_operating_revenue_yoy": 107.16929025131179, 
        "accumulated_operating_revenue": 37508, 
        "long_term_average": 25627, 
        "date": "2014-01-31", 
        "operating_revenue": 37508, 
        "short_term_average": 32769
    }, 
    {
        "accumulated_operating_revenue_yoy": 64.70838413337492, 
        "accumulated_operating_revenue": 58091, 
        "long_term_average": 25912, 
        "date": "2014-02-28", 
        "operating_revenue": 20583, 
        "short_term_average": 31597
    }, 
    {
        "accumulated_operating_revenue_yoy": 41.07505070993915, 
        "accumulated_operating_revenue": 87633, 
        "long_term_average": 26137, 
        "date": "2014-03-31", 
        "operating_revenue": 29542, 
        "short_term_average": 29211
    }, 
    {
        "accumulated_operating_revenue_yoy": 29.749028013159208, 
        "accumulated_operating_revenue": 104121, 
        "long_term_average": 26000, 
        "date": "2014-04-30", 
        "operating_revenue": 16488, 
        "short_term_average": 22204
    }, 
    {
        "accumulated_operating_revenue_yoy": 30.38700107874865, 
        "accumulated_operating_revenue": 135373, 
        "long_term_average": 26639, 
        "date": "2014-05-31", 
        "operating_revenue": 31252, 
        "short_term_average": 25760
    }, 
    {
        "accumulated_operating_revenue_yoy": 28.824236076885164, 
        "accumulated_operating_revenue": 167286, 
        "long_term_average": 27129, 
        "date": "2014-06-30", 
        "operating_revenue": 31913, 
        "short_term_average": 26551
    }, 
    {
        "accumulated_operating_revenue_yoy": 25.6534359693894, 
        "accumulated_operating_revenue": 195229, 
        "long_term_average": 27332, 
        "date": "2014-07-31", 
        "operating_revenue": 27943, 
        "short_term_average": 30369
    }, 
    {
        "accumulated_operating_revenue_yoy": 24.566634659119625, 
        "accumulated_operating_revenue": 221832, 
        "long_term_average": 27656, 
        "date": "2014-08-31", 
        "operating_revenue": 26603, 
        "short_term_average": 28819
    }, 
    {
        "accumulated_operating_revenue_yoy": 17.609478618797166, 
        "accumulated_operating_revenue": 246867, 
        "long_term_average": 27091, 
        "date": "2014-09-30", 
        "operating_revenue": 25035, 
        "short_term_average": 26527
    }, 
    {
        "accumulated_operating_revenue_yoy": 20.37628448761261, 
        "accumulated_operating_revenue": 273649, 
        "long_term_average": 27870, 
        "date": "2014-10-31", 
        "operating_revenue": 26782, 
        "short_term_average": 26140
    }, 
    {
        "accumulated_operating_revenue_yoy": 19.39163498098859, 
        "accumulated_operating_revenue": 300184, 
        "long_term_average": 28073, 
        "date": "2014-11-30", 
        "operating_revenue": 26535, 
        "short_term_average": 26117
    }, 
    {
        "accumulated_operating_revenue_yoy": 16.12819258040669, 
        "accumulated_operating_revenue": 334599, 
        "long_term_average": 27883, 
        "date": "2014-12-31", 
        "operating_revenue": 34415, 
        "short_term_average": 29244
    }, 
    {
        "accumulated_operating_revenue_yoy": -47.2192598912232, 
        "accumulated_operating_revenue": 19797, 
        "long_term_average": 26407, 
        "date": "2015-01-31", 
        "operating_revenue": 19797, 
        "short_term_average": 26915
    }, 
    {
        "accumulated_operating_revenue_yoy": -26.382744314954127, 
        "accumulated_operating_revenue": 42765, 
        "long_term_average": 26606, 
        "date": "2015-02-28", 
        "operating_revenue": 22968, 
        "short_term_average": 25726
    }, 
    {
        "accumulated_operating_revenue_yoy": -18.68474204922803, 
        "accumulated_operating_revenue": 71259, 
        "long_term_average": 26518, 
        "date": "2015-03-31", 
        "operating_revenue": 28494, 
        "short_term_average": 23753
    }, 
    {
        "accumulated_operating_revenue_yoy": 19.598351917480624, 
        "accumulated_operating_revenue": 124527, 
        "long_term_average": 29583, 
        "date": "2015-04-30", 
        "operating_revenue": 53268, 
        "short_term_average": 34910
    }, 
    {
        "accumulated_operating_revenue_yoy": 6.56408589600585, 
        "accumulated_operating_revenue": 144259, 
        "long_term_average": 28623, 
        "date": "2015-05-31", 
        "operating_revenue": 19732, 
        "short_term_average": 33831
    }, 
    {
        "accumulated_operating_revenue_yoy": 3.5179273818490486, 
        "accumulated_operating_revenue": 173171, 
        "long_term_average": 28373, 
        "date": "2015-06-30", 
        "operating_revenue": 28912, 
        "short_term_average": 33970
    }, 
    {
        "accumulated_operating_revenue_yoy": -2.3982092824324255, 
        "accumulated_operating_revenue": 190547, 
        "long_term_average": 27493, 
        "date": "2015-07-31", 
        "operating_revenue": 17376, 
        "short_term_average": 22006
    }, 
    {
        "accumulated_operating_revenue_yoy": -7.177503696491039, 
        "accumulated_operating_revenue": 205910, 
        "long_term_average": 26556, 
        "date": "2015-08-31", 
        "operating_revenue": 15363, 
        "short_term_average": 20550
    }
]