[
    {
        "date": "2011-09-30", 
        "operating_revenue": 33499, 
        "accumulated_operating_revenue": 33499, 
        "long_term_average": 33499, 
        "short_term_average": 33499
    }, 
    {
        "date": "2011-10-31", 
        "operating_revenue": 34017, 
        "accumulated_operating_revenue": 67516, 
        "long_term_average": 33758, 
        "short_term_average": 33758
    }, 
    {
        "date": "2011-11-30", 
        "operating_revenue": 37426, 
        "accumulated_operating_revenue": 104942, 
        "long_term_average": 34980, 
        "short_term_average": 34980
    }, 
    {
        "date": "2011-12-31", 
        "operating_revenue": 43796, 
        "accumulated_operating_revenue": 148738, 
        "long_term_average": 37184, 
        "short_term_average": 38413
    }, 
    {
        "date": "2012-01-31", 
        "operating_revenue": 35411, 
        "accumulated_operating_revenue": 35411, 
        "long_term_average": 36829, 
        "short_term_average": 38877
    }, 
    {
        "date": "2012-02-29", 
        "operating_revenue": 36787, 
        "accumulated_operating_revenue": 72198, 
        "long_term_average": 36822, 
        "short_term_average": 38664
    }, 
    {
        "date": "2012-03-31", 
        "operating_revenue": 37677, 
        "accumulated_operating_revenue": 109875, 
        "long_term_average": 36944, 
        "short_term_average": 36625
    }, 
    {
        "date": "2012-04-30", 
        "operating_revenue": 38611, 
        "accumulated_operating_revenue": 148486, 
        "long_term_average": 37153, 
        "short_term_average": 37691
    }, 
    {
        "date": "2012-05-31", 
        "operating_revenue": 37466, 
        "accumulated_operating_revenue": 185952, 
        "long_term_average": 37187, 
        "short_term_average": 37918
    }, 
    {
        "date": "2012-06-30", 
        "operating_revenue": 35392, 
        "accumulated_operating_revenue": 221344, 
        "long_term_average": 37008, 
        "short_term_average": 37156
    }, 
    {
        "date": "2012-07-31", 
        "operating_revenue": 33096, 
        "accumulated_operating_revenue": 254440, 
        "long_term_average": 36652, 
        "short_term_average": 35318
    }, 
    {
        "date": "2012-08-31", 
        "operating_revenue": 35288, 
        "accumulated_operating_revenue": 289728, 
        "long_term_average": 36538, 
        "short_term_average": 34592
    }, 
    {
        "accumulated_operating_revenue_yoy": 860.7480820322994, 
        "accumulated_operating_revenue": 321841, 
        "long_term_average": 36423, 
        "date": "2012-09-30", 
        "operating_revenue": 32113, 
        "short_term_average": 33499
    }, 
    {
        "accumulated_operating_revenue_yoy": 423.66253924995556, 
        "accumulated_operating_revenue": 353556, 
        "long_term_average": 36231, 
        "date": "2012-10-31", 
        "operating_revenue": 31715, 
        "short_term_average": 33038
    }, 
    {
        "accumulated_operating_revenue_yoy": 268.67984219854776, 
        "accumulated_operating_revenue": 386900, 
        "long_term_average": 35891, 
        "date": "2012-11-30", 
        "operating_revenue": 33344, 
        "short_term_average": 32390
    }, 
    {
        "accumulated_operating_revenue_yoy": 180.90669499388184, 
        "accumulated_operating_revenue": 417815, 
        "long_term_average": 34817, 
        "date": "2012-12-31", 
        "operating_revenue": 30915, 
        "short_term_average": 31991
    }, 
    {
        "accumulated_operating_revenue_yoy": -23.210301883595495, 
        "accumulated_operating_revenue": 27192, 
        "long_term_average": 34133, 
        "date": "2013-01-31", 
        "operating_revenue": 27192, 
        "short_term_average": 30483
    }, 
    {
        "accumulated_operating_revenue_yoy": -26.236183827806865, 
        "accumulated_operating_revenue": 53256, 
        "long_term_average": 33239, 
        "date": "2013-02-28", 
        "operating_revenue": 26064, 
        "short_term_average": 28057
    }, 
    {
        "accumulated_operating_revenue_yoy": -26.23344709897611, 
        "accumulated_operating_revenue": 81051, 
        "long_term_average": 32415, 
        "date": "2013-03-31", 
        "operating_revenue": 27795, 
        "short_term_average": 27017
    }, 
    {
        "accumulated_operating_revenue_yoy": -27.115687674258854, 
        "accumulated_operating_revenue": 108223, 
        "long_term_average": 31462, 
        "date": "2013-04-30", 
        "operating_revenue": 27172, 
        "short_term_average": 27010
    }, 
    {
        "accumulated_operating_revenue_yoy": -26.901028222336947, 
        "accumulated_operating_revenue": 135929, 
        "long_term_average": 30649, 
        "date": "2013-05-31", 
        "operating_revenue": 27706, 
        "short_term_average": 27557
    }, 
    {
        "accumulated_operating_revenue_yoy": -26.021938701749313, 
        "accumulated_operating_revenue": 163746, 
        "long_term_average": 30018, 
        "date": "2013-06-30", 
        "operating_revenue": 27817, 
        "short_term_average": 27565
    }, 
    {
        "accumulated_operating_revenue_yoy": -25.28336739506367, 
        "accumulated_operating_revenue": 190109, 
        "long_term_average": 29457, 
        "date": "2013-07-31", 
        "operating_revenue": 26363, 
        "short_term_average": 27295
    }, 
    {
        "accumulated_operating_revenue_yoy": -24.702824718356528, 
        "accumulated_operating_revenue": 218157, 
        "long_term_average": 28853, 
        "date": "2013-08-31", 
        "operating_revenue": 28048, 
        "short_term_average": 27409
    }, 
    {
        "accumulated_operating_revenue_yoy": -24.059706501036228, 
        "accumulated_operating_revenue": 244407, 
        "long_term_average": 28365, 
        "date": "2013-09-30", 
        "operating_revenue": 26250, 
        "short_term_average": 26887
    }, 
    {
        "accumulated_operating_revenue_yoy": -23.209618843973796, 
        "accumulated_operating_revenue": 271497, 
        "long_term_average": 27979, 
        "date": "2013-10-31", 
        "operating_revenue": 27090, 
        "short_term_average": 27129
    }, 
    {
        "accumulated_operating_revenue_yoy": -22.72137503230809, 
        "accumulated_operating_revenue": 298991, 
        "long_term_average": 27492, 
        "date": "2013-11-30", 
        "operating_revenue": 27494, 
        "short_term_average": 26944
    }, 
    {
        "accumulated_operating_revenue_yoy": -21.12130967054797, 
        "accumulated_operating_revenue": 329567, 
        "long_term_average": 27463, 
        "date": "2013-12-31", 
        "operating_revenue": 30576, 
        "short_term_average": 28386
    }, 
    {
        "accumulated_operating_revenue_yoy": 1.1216534274786703, 
        "accumulated_operating_revenue": 27497, 
        "long_term_average": 27489, 
        "date": "2014-01-31", 
        "operating_revenue": 27497, 
        "short_term_average": 28522
    }, 
    {
        "accumulated_operating_revenue_yoy": 0.816809373591708, 
        "accumulated_operating_revenue": 53691, 
        "long_term_average": 27500, 
        "date": "2014-02-28", 
        "operating_revenue": 26194, 
        "short_term_average": 28089
    }, 
    {
        "accumulated_operating_revenue_yoy": 0.5724790563965898, 
        "accumulated_operating_revenue": 81515, 
        "long_term_average": 27502, 
        "date": "2014-03-31", 
        "operating_revenue": 27824, 
        "short_term_average": 27171
    }, 
    {
        "accumulated_operating_revenue_yoy": 1.052456501852656, 
        "accumulated_operating_revenue": 109362, 
        "long_term_average": 27558, 
        "date": "2014-04-30", 
        "operating_revenue": 27847, 
        "short_term_average": 27288
    }, 
    {
        "accumulated_operating_revenue_yoy": -0.2986853430835215, 
        "accumulated_operating_revenue": 135523, 
        "long_term_average": 27430, 
        "date": "2014-05-31", 
        "operating_revenue": 26161, 
        "short_term_average": 27277
    }, 
    {
        "accumulated_operating_revenue_yoy": -1.581107324759078, 
        "accumulated_operating_revenue": 161157, 
        "long_term_average": 27248, 
        "date": "2014-06-30", 
        "operating_revenue": 25634, 
        "short_term_average": 26547
    }, 
    {
        "accumulated_operating_revenue_yoy": -1.740580403873567, 
        "accumulated_operating_revenue": 186800, 
        "long_term_average": 27188, 
        "date": "2014-07-31", 
        "operating_revenue": 25643, 
        "short_term_average": 25812
    }, 
    {
        "accumulated_operating_revenue_yoy": -3.6670837974486266, 
        "accumulated_operating_revenue": 210157, 
        "long_term_average": 26797, 
        "date": "2014-08-31", 
        "operating_revenue": 23357, 
        "short_term_average": 24878
    }, 
    {
        "accumulated_operating_revenue_yoy": -4.859517116940186, 
        "accumulated_operating_revenue": 232530, 
        "long_term_average": 26474, 
        "date": "2014-09-30", 
        "operating_revenue": 22373, 
        "short_term_average": 23791
    }, 
    {
        "accumulated_operating_revenue_yoy": -5.791592540617391, 
        "accumulated_operating_revenue": 255773, 
        "long_term_average": 26153, 
        "date": "2014-10-31", 
        "operating_revenue": 23243, 
        "short_term_average": 22991
    }, 
    {
        "accumulated_operating_revenue_yoy": -6.6463539036292065, 
        "accumulated_operating_revenue": 279119, 
        "long_term_average": 25807, 
        "date": "2014-11-30", 
        "operating_revenue": 23346, 
        "short_term_average": 22987
    }, 
    {
        "accumulated_operating_revenue_yoy": -8.759675574314176, 
        "accumulated_operating_revenue": 300698, 
        "long_term_average": 25058, 
        "date": "2014-12-31", 
        "operating_revenue": 21579, 
        "short_term_average": 22722
    }, 
    {
        "accumulated_operating_revenue_yoy": -21.42051860202931, 
        "accumulated_operating_revenue": 21607, 
        "long_term_average": 24567, 
        "date": "2015-01-31", 
        "operating_revenue": 21607, 
        "short_term_average": 22177
    }, 
    {
        "accumulated_operating_revenue_yoy": -19.01994747723082, 
        "accumulated_operating_revenue": 43479, 
        "long_term_average": 24207, 
        "date": "2015-02-28", 
        "operating_revenue": 21872, 
        "short_term_average": 21686
    }, 
    {
        "accumulated_operating_revenue_yoy": -17.604121940747103, 
        "accumulated_operating_revenue": 67165, 
        "long_term_average": 23862, 
        "date": "2015-03-31", 
        "operating_revenue": 23686, 
        "short_term_average": 22388
    }, 
    {
        "accumulated_operating_revenue_yoy": -18.436019824070517, 
        "accumulated_operating_revenue": 89200, 
        "long_term_average": 23378, 
        "date": "2015-04-30", 
        "operating_revenue": 22035, 
        "short_term_average": 22531
    }, 
    {
        "accumulated_operating_revenue_yoy": -17.74016218649233, 
        "accumulated_operating_revenue": 111481, 
        "long_term_average": 23054, 
        "date": "2015-05-31", 
        "operating_revenue": 22281, 
        "short_term_average": 22667
    }, 
    {
        "accumulated_operating_revenue_yoy": -16.91021798618738, 
        "accumulated_operating_revenue": 133905, 
        "long_term_average": 22787, 
        "date": "2015-06-30", 
        "operating_revenue": 22424, 
        "short_term_average": 22246
    }, 
    {
        "accumulated_operating_revenue_yoy": -16.419700214132764, 
        "accumulated_operating_revenue": 156128, 
        "long_term_average": 22502, 
        "date": "2015-07-31", 
        "operating_revenue": 22223, 
        "short_term_average": 22309
    }, 
    {
        "accumulated_operating_revenue_yoy": -15.280004948681224, 
        "accumulated_operating_revenue": 178045, 
        "long_term_average": 22382, 
        "date": "2015-08-31", 
        "operating_revenue": 21917, 
        "short_term_average": 22188
    }, 
    {
        "accumulated_operating_revenue_yoy": -14.266116200060209, 
        "accumulated_operating_revenue": 199357, 
        "long_term_average": 22293, 
        "date": "2015-09-30", 
        "operating_revenue": 21312, 
        "short_term_average": 21817
    }, 
    {
        "accumulated_operating_revenue_yoy": -13.627708945041112, 
        "accumulated_operating_revenue": 220917, 
        "long_term_average": 22153, 
        "date": "2015-10-31", 
        "operating_revenue": 21560, 
        "short_term_average": 21596
    }
]