[
    {
        "date": "2011-09-30", 
        "operating_revenue": 53248, 
        "accumulated_operating_revenue": 53248, 
        "long_term_average": 53248, 
        "short_term_average": 53248
    }, 
    {
        "date": "2011-10-31", 
        "operating_revenue": 40025, 
        "accumulated_operating_revenue": 93273, 
        "long_term_average": 46636, 
        "short_term_average": 46636
    }, 
    {
        "date": "2011-11-30", 
        "operating_revenue": 38212, 
        "accumulated_operating_revenue": 131485, 
        "long_term_average": 43828, 
        "short_term_average": 43828
    }, 
    {
        "date": "2011-12-31", 
        "operating_revenue": 108482, 
        "accumulated_operating_revenue": 239967, 
        "long_term_average": 59991, 
        "short_term_average": 62239
    }, 
    {
        "date": "2012-01-31", 
        "operating_revenue": 18265, 
        "accumulated_operating_revenue": 18265, 
        "long_term_average": 51646, 
        "short_term_average": 54986
    }, 
    {
        "date": "2012-02-29", 
        "operating_revenue": 30032, 
        "accumulated_operating_revenue": 48297, 
        "long_term_average": 48044, 
        "short_term_average": 52259
    }, 
    {
        "date": "2012-03-31", 
        "operating_revenue": 42806, 
        "accumulated_operating_revenue": 91103, 
        "long_term_average": 47295, 
        "short_term_average": 30367
    }, 
    {
        "date": "2012-04-30", 
        "operating_revenue": 28248, 
        "accumulated_operating_revenue": 119351, 
        "long_term_average": 44914, 
        "short_term_average": 33695
    }, 
    {
        "date": "2012-05-31", 
        "operating_revenue": 29977, 
        "accumulated_operating_revenue": 149328, 
        "long_term_average": 43255, 
        "short_term_average": 33677
    }, 
    {
        "date": "2012-06-30", 
        "operating_revenue": 42030, 
        "accumulated_operating_revenue": 191358, 
        "long_term_average": 43132, 
        "short_term_average": 33418
    }, 
    {
        "date": "2012-07-31", 
        "operating_revenue": 39990, 
        "accumulated_operating_revenue": 231348, 
        "long_term_average": 42846, 
        "short_term_average": 37332
    }, 
    {
        "date": "2012-08-31", 
        "operating_revenue": 42096, 
        "accumulated_operating_revenue": 273444, 
        "long_term_average": 42784, 
        "short_term_average": 41372
    }, 
    {
        "accumulated_operating_revenue_yoy": 497.1097506009615, 
        "accumulated_operating_revenue": 317949, 
        "long_term_average": 42055, 
        "date": "2012-09-30", 
        "operating_revenue": 44505, 
        "short_term_average": 42197
    }, 
    {
        "accumulated_operating_revenue_yoy": 293.224191352267, 
        "accumulated_operating_revenue": 366772, 
        "long_term_average": 42788, 
        "date": "2012-10-31", 
        "operating_revenue": 48823, 
        "short_term_average": 45141
    }, 
    {
        "accumulated_operating_revenue_yoy": 218.06061527930942, 
        "accumulated_operating_revenue": 418202, 
        "long_term_average": 43890, 
        "date": "2012-11-30", 
        "operating_revenue": 51430, 
        "short_term_average": 48252
    }, 
    {
        "accumulated_operating_revenue_yoy": 130.00287539536686, 
        "accumulated_operating_revenue": 551931, 
        "long_term_average": 45994, 
        "date": "2012-12-31", 
        "operating_revenue": 133729, 
        "short_term_average": 77994
    }, 
    {
        "accumulated_operating_revenue_yoy": 52.64166438543663, 
        "accumulated_operating_revenue": 27880, 
        "long_term_average": 46795, 
        "date": "2013-01-31", 
        "operating_revenue": 27880, 
        "short_term_average": 71013
    }, 
    {
        "accumulated_operating_revenue_yoy": 20.491956022113175, 
        "accumulated_operating_revenue": 58194, 
        "long_term_average": 46819, 
        "date": "2013-02-28", 
        "operating_revenue": 30314, 
        "short_term_average": 63974
    }, 
    {
        "accumulated_operating_revenue_yoy": 4.91312031436945, 
        "accumulated_operating_revenue": 95579, 
        "long_term_average": 46367, 
        "date": "2013-03-31", 
        "operating_revenue": 37385, 
        "short_term_average": 31859
    }, 
    {
        "accumulated_operating_revenue_yoy": 10.673559500967734, 
        "accumulated_operating_revenue": 132090, 
        "long_term_average": 47055, 
        "date": "2013-04-30", 
        "operating_revenue": 36511, 
        "short_term_average": 34736
    }, 
    {
        "accumulated_operating_revenue_yoy": 16.1717829208186, 
        "accumulated_operating_revenue": 173477, 
        "long_term_average": 48006, 
        "date": "2013-05-31", 
        "operating_revenue": 41387, 
        "short_term_average": 38427
    }, 
    {
        "accumulated_operating_revenue_yoy": 11.445040186456797, 
        "accumulated_operating_revenue": 213259, 
        "long_term_average": 47819, 
        "date": "2013-06-30", 
        "operating_revenue": 39782, 
        "short_term_average": 39226
    }, 
    {
        "accumulated_operating_revenue_yoy": 11.119179763819007, 
        "accumulated_operating_revenue": 257072, 
        "long_term_average": 48137, 
        "date": "2013-07-31", 
        "operating_revenue": 43813, 
        "short_term_average": 41660
    }, 
    {
        "accumulated_operating_revenue_yoy": 9.542356021708285, 
        "accumulated_operating_revenue": 299537, 
        "long_term_average": 48168, 
        "date": "2013-08-31", 
        "operating_revenue": 42465, 
        "short_term_average": 42020
    }, 
    {
        "accumulated_operating_revenue_yoy": 8.821855077386626, 
        "accumulated_operating_revenue": 345998, 
        "long_term_average": 48331, 
        "date": "2013-09-30", 
        "operating_revenue": 46461, 
        "short_term_average": 44246
    }, 
    {
        "accumulated_operating_revenue_yoy": 7.097597417469164, 
        "accumulated_operating_revenue": 392804, 
        "long_term_average": 48163, 
        "date": "2013-10-31", 
        "operating_revenue": 46806, 
        "short_term_average": 45244
    }, 
    {
        "accumulated_operating_revenue_yoy": 6.838083031644994, 
        "accumulated_operating_revenue": 446799, 
        "long_term_average": 48377, 
        "date": "2013-11-30", 
        "operating_revenue": 53995, 
        "short_term_average": 49087
    }, 
    {
        "accumulated_operating_revenue_yoy": 0.4487879825557905, 
        "accumulated_operating_revenue": 554408, 
        "long_term_average": 46200, 
        "date": "2013-12-31", 
        "operating_revenue": 107609, 
        "short_term_average": 69470
    }, 
    {
        "accumulated_operating_revenue_yoy": 30.028694404591107, 
        "accumulated_operating_revenue": 36252, 
        "long_term_average": 46898, 
        "date": "2014-01-31", 
        "operating_revenue": 36252, 
        "short_term_average": 65952
    }, 
    {
        "accumulated_operating_revenue_yoy": 15.034195965219782, 
        "accumulated_operating_revenue": 66943, 
        "long_term_average": 46929, 
        "date": "2014-02-28", 
        "operating_revenue": 30691, 
        "short_term_average": 58184
    }, 
    {
        "accumulated_operating_revenue_yoy": 10.93022525868653, 
        "accumulated_operating_revenue": 106026, 
        "long_term_average": 47071, 
        "date": "2014-03-31", 
        "operating_revenue": 39083, 
        "short_term_average": 35342
    }, 
    {
        "accumulated_operating_revenue_yoy": 10.155954273601333, 
        "accumulated_operating_revenue": 145505, 
        "long_term_average": 47318, 
        "date": "2014-04-30", 
        "operating_revenue": 39479, 
        "short_term_average": 36417
    }, 
    {
        "accumulated_operating_revenue_yoy": 8.625350911071784, 
        "accumulated_operating_revenue": 188440, 
        "long_term_average": 47447, 
        "date": "2014-05-31", 
        "operating_revenue": 42935, 
        "short_term_average": 40499
    }, 
    {
        "accumulated_operating_revenue_yoy": 7.8871231694793655, 
        "accumulated_operating_revenue": 230079, 
        "long_term_average": 47602, 
        "date": "2014-06-30", 
        "operating_revenue": 41639, 
        "short_term_average": 41351
    }, 
    {
        "accumulated_operating_revenue_yoy": 6.716795294703429, 
        "accumulated_operating_revenue": 274339, 
        "long_term_average": 47639, 
        "date": "2014-07-31", 
        "operating_revenue": 44260, 
        "short_term_average": 42944
    }, 
    {
        "accumulated_operating_revenue_yoy": 8.195982466272948, 
        "accumulated_operating_revenue": 324087, 
        "long_term_average": 48246, 
        "date": "2014-08-31", 
        "operating_revenue": 49748, 
        "short_term_average": 45215
    }, 
    {
        "accumulated_operating_revenue_yoy": 11.073185394135226, 
        "accumulated_operating_revenue": 384311, 
        "long_term_average": 49393, 
        "date": "2014-09-30", 
        "operating_revenue": 60224, 
        "short_term_average": 51410
    }, 
    {
        "accumulated_operating_revenue_yoy": 10.708648588099917, 
        "accumulated_operating_revenue": 434868, 
        "long_term_average": 49706, 
        "date": "2014-10-31", 
        "operating_revenue": 50557, 
        "short_term_average": 53509
    }, 
    {
        "accumulated_operating_revenue_yoy": 9.529564748354405, 
        "accumulated_operating_revenue": 489377, 
        "long_term_average": 49748, 
        "date": "2014-11-30", 
        "operating_revenue": 54509, 
        "short_term_average": 55096
    }, 
    {
        "accumulated_operating_revenue_yoy": 8.330687868861922, 
        "accumulated_operating_revenue": 600594, 
        "long_term_average": 50049, 
        "date": "2014-12-31", 
        "operating_revenue": 111217, 
        "short_term_average": 72094
    }, 
    {
        "accumulated_operating_revenue_yoy": -2.6150281363786823, 
        "accumulated_operating_revenue": 35304, 
        "long_term_average": 49970, 
        "date": "2015-01-31", 
        "operating_revenue": 35304, 
        "short_term_average": 67010
    }, 
    {
        "accumulated_operating_revenue_yoy": 3.1549228448082696, 
        "accumulated_operating_revenue": 69055, 
        "long_term_average": 50225, 
        "date": "2015-02-28", 
        "operating_revenue": 33751, 
        "short_term_average": 60090
    }, 
    {
        "accumulated_operating_revenue_yoy": 5.018580348216475, 
        "accumulated_operating_revenue": 111347, 
        "long_term_average": 50492, 
        "date": "2015-03-31", 
        "operating_revenue": 42292, 
        "short_term_average": 37115
    }, 
    {
        "accumulated_operating_revenue_yoy": 6.691178997285317, 
        "accumulated_operating_revenue": 155241, 
        "long_term_average": 50860, 
        "date": "2015-04-30", 
        "operating_revenue": 43894, 
        "short_term_average": 39979
    }, 
    {
        "accumulated_operating_revenue_yoy": 5.6198259392910215, 
        "accumulated_operating_revenue": 199030, 
        "long_term_average": 50932, 
        "date": "2015-05-31", 
        "operating_revenue": 43789, 
        "short_term_average": 43325
    }, 
    {
        "accumulated_operating_revenue_yoy": 10.473793783874234, 
        "accumulated_operating_revenue": 254177, 
        "long_term_average": 52057, 
        "date": "2015-06-30", 
        "operating_revenue": 55147, 
        "short_term_average": 47610
    }, 
    {
        "accumulated_operating_revenue_yoy": 12.168156915349257, 
        "accumulated_operating_revenue": 307721, 
        "long_term_average": 52831, 
        "date": "2015-07-31", 
        "operating_revenue": 53544, 
        "short_term_average": 50826
    }, 
    {
        "accumulated_operating_revenue_yoy": 10.942432124707254, 
        "accumulated_operating_revenue": 359550, 
        "long_term_average": 53004, 
        "date": "2015-08-31", 
        "operating_revenue": 51829, 
        "short_term_average": 53506
    }, 
    {
        "accumulated_operating_revenue_yoy": 9.24121349636102, 
        "accumulated_operating_revenue": 419826, 
        "long_term_average": 53009, 
        "date": "2015-09-30", 
        "operating_revenue": 60276, 
        "short_term_average": 55216
    }
]