[
    {
        "date": "2012-01-31", 
        "operating_revenue": 4006, 
        "accumulated_operating_revenue": 4006, 
        "long_term_average": 4006, 
        "short_term_average": 4006
    }, 
    {
        "date": "2012-02-29", 
        "operating_revenue": 30782, 
        "accumulated_operating_revenue": 34788, 
        "long_term_average": 17394, 
        "short_term_average": 17394
    }, 
    {
        "date": "2012-03-31", 
        "operating_revenue": 2584, 
        "accumulated_operating_revenue": 37372, 
        "long_term_average": 12457, 
        "short_term_average": 12457
    }, 
    {
        "date": "2012-04-30", 
        "operating_revenue": 11871, 
        "accumulated_operating_revenue": 49243, 
        "long_term_average": 12310, 
        "short_term_average": 15079
    }, 
    {
        "date": "2012-05-31", 
        "operating_revenue": 18892, 
        "accumulated_operating_revenue": 68135, 
        "long_term_average": 13627, 
        "short_term_average": 11115
    }, 
    {
        "date": "2012-06-30", 
        "operating_revenue": 543540, 
        "accumulated_operating_revenue": 611675, 
        "long_term_average": 101945, 
        "short_term_average": 191434
    }, 
    {
        "date": "2012-07-31", 
        "operating_revenue": 11939, 
        "accumulated_operating_revenue": 623614, 
        "long_term_average": 89087, 
        "short_term_average": 191457
    }, 
    {
        "date": "2012-08-31", 
        "operating_revenue": 2211, 
        "accumulated_operating_revenue": 625825, 
        "long_term_average": 78228, 
        "short_term_average": 185896
    }, 
    {
        "date": "2012-09-30", 
        "operating_revenue": 2258, 
        "accumulated_operating_revenue": 628083, 
        "long_term_average": 69787, 
        "short_term_average": 5469
    }, 
    {
        "date": "2012-10-31", 
        "operating_revenue": 2068, 
        "accumulated_operating_revenue": 630151, 
        "long_term_average": 63015, 
        "short_term_average": 2179
    }, 
    {
        "date": "2012-11-30", 
        "operating_revenue": 2067, 
        "accumulated_operating_revenue": 632218, 
        "long_term_average": 57474, 
        "short_term_average": 2131
    }, 
    {
        "date": "2012-12-31", 
        "operating_revenue": 961101, 
        "accumulated_operating_revenue": 1593319, 
        "long_term_average": 132776, 
        "short_term_average": 321745
    }, 
    {
        "accumulated_operating_revenue_yoy": 26565.00249625562, 
        "accumulated_operating_revenue": 1068200, 
        "long_term_average": 221459, 
        "date": "2013-01-31", 
        "operating_revenue": 1068200, 
        "short_term_average": 677122
    }, 
    {
        "accumulated_operating_revenue_yoy": 5103.713924341727, 
        "accumulated_operating_revenue": 1810268, 
        "long_term_average": 280733, 
        "date": "2013-02-28", 
        "operating_revenue": 742068, 
        "short_term_average": 923789
    }, 
    {
        "accumulated_operating_revenue_yoy": 8810.973456063362, 
        "accumulated_operating_revenue": 3330209, 
        "long_term_average": 407179, 
        "date": "2013-03-31", 
        "operating_revenue": 1519941, 
        "short_term_average": 1110069
    }, 
    {
        "accumulated_operating_revenue_yoy": 6708.969802814613, 
        "accumulated_operating_revenue": 3352941, 
        "long_term_average": 408084, 
        "date": "2013-04-30", 
        "operating_revenue": 22732, 
        "short_term_average": 761580
    }, 
    {
        "accumulated_operating_revenue_yoy": 4866.485653482058, 
        "accumulated_operating_revenue": 3383915, 
        "long_term_average": 409091, 
        "date": "2013-05-31", 
        "operating_revenue": 30974, 
        "short_term_average": 524549
    }, 
    {
        "accumulated_operating_revenue_yoy": 518.0429149466629, 
        "accumulated_operating_revenue": 3780414, 
        "long_term_average": 396838, 
        "date": "2013-06-30", 
        "operating_revenue": 396499, 
        "short_term_average": 150068
    }, 
    {
        "accumulated_operating_revenue_yoy": 609.4879204123063, 
        "accumulated_operating_revenue": 4424466, 
        "long_term_average": 449514, 
        "date": "2013-07-31", 
        "operating_revenue": 644052, 
        "short_term_average": 357175
    }, 
    {
        "accumulated_operating_revenue_yoy": 610.9318100107859, 
        "accumulated_operating_revenue": 4449189, 
        "long_term_average": 451390, 
        "date": "2013-08-31", 
        "operating_revenue": 24723, 
        "short_term_average": 355091
    }, 
    {
        "accumulated_operating_revenue_yoy": 703.8837223742722, 
        "accumulated_operating_revenue": 5049057, 
        "long_term_average": 501191, 
        "date": "2013-09-30", 
        "operating_revenue": 599868, 
        "short_term_average": 422881
    }, 
    {
        "accumulated_operating_revenue_yoy": 744.8273509047832, 
        "accumulated_operating_revenue": 5323688, 
        "long_term_average": 523904, 
        "date": "2013-10-31", 
        "operating_revenue": 274631, 
        "short_term_average": 299740
    }, 
    {
        "accumulated_operating_revenue_yoy": 839.4953955755767, 
        "accumulated_operating_revenue": 5939659, 
        "long_term_average": 575063, 
        "date": "2013-11-30", 
        "operating_revenue": 615971, 
        "short_term_average": 496823
    }, 
    {
        "accumulated_operating_revenue_yoy": 282.7848032942556, 
        "accumulated_operating_revenue": 6098983, 
        "long_term_average": 508248, 
        "date": "2013-12-31", 
        "operating_revenue": 159324, 
        "short_term_average": 349975
    }, 
    {
        "accumulated_operating_revenue_yoy": -96.74283841977159, 
        "accumulated_operating_revenue": 34793, 
        "long_term_average": 422131, 
        "date": "2014-01-31", 
        "operating_revenue": 34793, 
        "short_term_average": 270029
    }, 
    {
        "accumulated_operating_revenue_yoy": -93.56730605634083, 
        "accumulated_operating_revenue": 116449, 
        "long_term_average": 367097, 
        "date": "2014-02-28", 
        "operating_revenue": 81656, 
        "short_term_average": 91924
    }, 
    {
        "accumulated_operating_revenue_yoy": -92.6031969765261, 
        "accumulated_operating_revenue": 246329, 
        "long_term_average": 251258, 
        "date": "2014-03-31", 
        "operating_revenue": 129880, 
        "short_term_average": 82109
    }, 
    {
        "accumulated_operating_revenue_yoy": -90.87329601087522, 
        "accumulated_operating_revenue": 306013, 
        "long_term_average": 254337, 
        "date": "2014-04-30", 
        "operating_revenue": 59684, 
        "short_term_average": 90406
    }, 
    {
        "accumulated_operating_revenue_yoy": -79.28671376201825, 
        "accumulated_operating_revenue": 700920, 
        "long_term_average": 284665, 
        "date": "2014-05-31", 
        "operating_revenue": 394907, 
        "short_term_average": 194823
    }, 
    {
        "accumulated_operating_revenue_yoy": -79.70015982376533, 
        "accumulated_operating_revenue": 767418, 
        "long_term_average": 257165, 
        "date": "2014-06-30", 
        "operating_revenue": 66498, 
        "short_term_average": 173696
    }, 
    {
        "accumulated_operating_revenue_yoy": -82.6195522804334, 
        "accumulated_operating_revenue": 768992, 
        "long_term_average": 203625, 
        "date": "2014-07-31", 
        "operating_revenue": 1574, 
        "short_term_average": 154326
    }, 
    {
        "accumulated_operating_revenue_yoy": -82.68077620438241, 
        "accumulated_operating_revenue": 770565, 
        "long_term_average": 201696, 
        "date": "2014-08-31", 
        "operating_revenue": 1573, 
        "short_term_average": 23215
    }, 
    {
        "accumulated_operating_revenue_yoy": -84.02065969942505, 
        "accumulated_operating_revenue": 806806, 
        "long_term_average": 154727, 
        "date": "2014-09-30", 
        "operating_revenue": 36241, 
        "short_term_average": 13129
    }, 
    {
        "accumulated_operating_revenue_yoy": -84.81543245960319, 
        "accumulated_operating_revenue": 808379, 
        "long_term_average": 131972, 
        "date": "2014-10-31", 
        "operating_revenue": 1573, 
        "short_term_average": 13129
    }, 
    {
        "accumulated_operating_revenue_yoy": -85.8473188443983, 
        "accumulated_operating_revenue": 840621, 
        "long_term_average": 83328, 
        "date": "2014-11-30", 
        "operating_revenue": 32242, 
        "short_term_average": 23352
    }, 
    {
        "accumulated_operating_revenue_yoy": -63.65410429902821, 
        "accumulated_operating_revenue": 2216730, 
        "long_term_average": 184727, 
        "date": "2014-12-31", 
        "operating_revenue": 1376109, 
        "short_term_average": 469974
    }, 
    {
        "accumulated_operating_revenue_yoy": 2007.438277814503, 
        "accumulated_operating_revenue": 733241, 
        "long_term_average": 242931, 
        "date": "2015-01-31", 
        "operating_revenue": 733241, 
        "short_term_average": 713864
    }, 
    {
        "accumulated_operating_revenue_yoy": 573.1032469149585, 
        "accumulated_operating_revenue": 783822, 
        "long_term_average": 240341, 
        "date": "2015-02-28", 
        "operating_revenue": 50581, 
        "short_term_average": 719977
    }, 
    {
        "accumulated_operating_revenue_yoy": 710.6268445858993, 
        "accumulated_operating_revenue": 1996809, 
        "long_term_average": 330600, 
        "date": "2015-03-31", 
        "operating_revenue": 1212987, 
        "short_term_average": 665603
    }, 
    {
        "accumulated_operating_revenue_yoy": 634.6599654263053, 
        "accumulated_operating_revenue": 2248155, 
        "long_term_average": 346572, 
        "date": "2015-04-30", 
        "operating_revenue": 251346, 
        "short_term_average": 504971
    }, 
    {
        "accumulated_operating_revenue_yoy": 231.19928094504365, 
        "accumulated_operating_revenue": 2321442, 
        "long_term_average": 319771, 
        "date": "2015-05-31", 
        "operating_revenue": 73287, 
        "short_term_average": 512540
    }, 
    {
        "accumulated_operating_revenue_yoy": 214.73720970839884, 
        "accumulated_operating_revenue": 2415350, 
        "long_term_average": 322055, 
        "date": "2015-06-30", 
        "operating_revenue": 93908, 
        "short_term_average": 139513
    }, 
    {
        "accumulated_operating_revenue_yoy": 232.04779763638635, 
        "accumulated_operating_revenue": 2553421, 
        "long_term_average": 333429, 
        "date": "2015-07-31", 
        "operating_revenue": 138071, 
        "short_term_average": 101755
    }, 
    {
        "accumulated_operating_revenue_yoy": 236.12284492547678, 
        "accumulated_operating_revenue": 2590045, 
        "long_term_average": 336350, 
        "date": "2015-08-31", 
        "operating_revenue": 36624, 
        "short_term_average": 89534
    }, 
    {
        "accumulated_operating_revenue_yoy": 221.8627526319834, 
        "accumulated_operating_revenue": 2596808, 
        "long_term_average": 333894, 
        "date": "2015-09-30", 
        "operating_revenue": 6763, 
        "short_term_average": 60486
    }
]