[
    {
        "date": "2011-09-30", 
        "operating_revenue": 188843, 
        "accumulated_operating_revenue": 188843, 
        "long_term_average": 188843, 
        "short_term_average": 188843
    }, 
    {
        "date": "2011-10-31", 
        "operating_revenue": 188964, 
        "accumulated_operating_revenue": 377807, 
        "long_term_average": 188903, 
        "short_term_average": 188903
    }, 
    {
        "date": "2011-11-30", 
        "operating_revenue": 213635, 
        "accumulated_operating_revenue": 591442, 
        "long_term_average": 197147, 
        "short_term_average": 197147
    }, 
    {
        "date": "2011-12-31", 
        "operating_revenue": 170504, 
        "accumulated_operating_revenue": 761946, 
        "long_term_average": 190486, 
        "short_term_average": 191034
    }, 
    {
        "date": "2012-01-31", 
        "operating_revenue": 122916, 
        "accumulated_operating_revenue": 122916, 
        "long_term_average": 176972, 
        "short_term_average": 169018
    }, 
    {
        "date": "2012-02-29", 
        "operating_revenue": 126295, 
        "accumulated_operating_revenue": 249211, 
        "long_term_average": 168526, 
        "short_term_average": 139905
    }, 
    {
        "date": "2012-03-31", 
        "operating_revenue": 164826, 
        "accumulated_operating_revenue": 414037, 
        "long_term_average": 167997, 
        "short_term_average": 138012
    }, 
    {
        "date": "2012-04-30", 
        "operating_revenue": 172885, 
        "accumulated_operating_revenue": 586922, 
        "long_term_average": 168608, 
        "short_term_average": 154668
    }, 
    {
        "date": "2012-05-31", 
        "operating_revenue": 180066, 
        "accumulated_operating_revenue": 766988, 
        "long_term_average": 169881, 
        "short_term_average": 172592
    }, 
    {
        "date": "2012-06-30", 
        "operating_revenue": 132200, 
        "accumulated_operating_revenue": 899188, 
        "long_term_average": 166113, 
        "short_term_average": 161717
    }, 
    {
        "date": "2012-07-31", 
        "operating_revenue": 133722, 
        "accumulated_operating_revenue": 1032910, 
        "long_term_average": 163168, 
        "short_term_average": 148662
    }, 
    {
        "date": "2012-08-31", 
        "operating_revenue": 140777, 
        "accumulated_operating_revenue": 1173687, 
        "long_term_average": 161302, 
        "short_term_average": 135566
    }, 
    {
        "accumulated_operating_revenue_yoy": 596.0697510630523, 
        "accumulated_operating_revenue": 1314479, 
        "long_term_average": 157298, 
        "date": "2012-09-30", 
        "operating_revenue": 140792, 
        "short_term_average": 138430
    }, 
    {
        "accumulated_operating_revenue_yoy": 290.942994703645, 
        "accumulated_operating_revenue": 1477010, 
        "long_term_average": 155095, 
        "date": "2012-10-31", 
        "operating_revenue": 162531, 
        "short_term_average": 148033
    }, 
    {
        "accumulated_operating_revenue_yoy": 176.83407671420022, 
        "accumulated_operating_revenue": 1637313, 
        "long_term_average": 150651, 
        "date": "2012-11-30", 
        "operating_revenue": 160303, 
        "short_term_average": 154542
    }, 
    {
        "accumulated_operating_revenue_yoy": 135.1787397007137, 
        "accumulated_operating_revenue": 1791935, 
        "long_term_average": 149327, 
        "date": "2012-12-31", 
        "operating_revenue": 154622, 
        "short_term_average": 159152
    }, 
    {
        "accumulated_operating_revenue_yoy": 29.440430863353832, 
        "accumulated_operating_revenue": 159103, 
        "long_term_average": 152343, 
        "date": "2013-01-31", 
        "operating_revenue": 159103, 
        "short_term_average": 158009
    }, 
    {
        "accumulated_operating_revenue_yoy": -6.480452307482415, 
        "accumulated_operating_revenue": 233061, 
        "long_term_average": 147982, 
        "date": "2013-02-28", 
        "operating_revenue": 73958, 
        "short_term_average": 129227
    }, 
    {
        "accumulated_operating_revenue_yoy": -19.038153594968566, 
        "accumulated_operating_revenue": 335212, 
        "long_term_average": 142759, 
        "date": "2013-03-31", 
        "operating_revenue": 102151, 
        "short_term_average": 111737
    }, 
    {
        "accumulated_operating_revenue_yoy": -26.089838172704376, 
        "accumulated_operating_revenue": 433795, 
        "long_term_average": 136567, 
        "date": "2013-04-30", 
        "operating_revenue": 98583, 
        "short_term_average": 91564
    }, 
    {
        "accumulated_operating_revenue_yoy": -27.266006769336677, 
        "accumulated_operating_revenue": 557861, 
        "long_term_average": 131900, 
        "date": "2013-05-31", 
        "operating_revenue": 124066, 
        "short_term_average": 108266
    }, 
    {
        "accumulated_operating_revenue_yoy": -24.278015276004574, 
        "accumulated_operating_revenue": 680883, 
        "long_term_average": 131135, 
        "date": "2013-06-30", 
        "operating_revenue": 123022, 
        "short_term_average": 115223
    }, 
    {
        "accumulated_operating_revenue_yoy": -16.720624255743484, 
        "accumulated_operating_revenue": 860201, 
        "long_term_average": 134935, 
        "date": "2013-07-31", 
        "operating_revenue": 179318, 
        "short_term_average": 142135
    }, 
    {
        "accumulated_operating_revenue_yoy": -14.630135632413072, 
        "accumulated_operating_revenue": 1001975, 
        "long_term_average": 135018, 
        "date": "2013-08-31", 
        "operating_revenue": 141774, 
        "short_term_average": 148038
    }, 
    {
        "accumulated_operating_revenue_yoy": -15.47350699402577, 
        "accumulated_operating_revenue": 1111083, 
        "long_term_average": 132378, 
        "date": "2013-09-30", 
        "operating_revenue": 109108, 
        "short_term_average": 143400
    }, 
    {
        "accumulated_operating_revenue_yoy": -15.300370342787117, 
        "accumulated_operating_revenue": 1251022, 
        "long_term_average": 130495, 
        "date": "2013-10-31", 
        "operating_revenue": 139939, 
        "short_term_average": 130273
    }, 
    {
        "accumulated_operating_revenue_yoy": -14.3392253038973, 
        "accumulated_operating_revenue": 1402535, 
        "long_term_average": 129763, 
        "date": "2013-11-30", 
        "operating_revenue": 151513, 
        "short_term_average": 133520
    }, 
    {
        "accumulated_operating_revenue_yoy": -13.520133263762357, 
        "accumulated_operating_revenue": 1549663, 
        "long_term_average": 129138, 
        "date": "2013-12-31", 
        "operating_revenue": 147128, 
        "short_term_average": 146193
    }, 
    {
        "accumulated_operating_revenue_yoy": -1.2953872648535854, 
        "accumulated_operating_revenue": 157042, 
        "long_term_average": 128966, 
        "date": "2014-01-31", 
        "operating_revenue": 157042, 
        "short_term_average": 151894
    }, 
    {
        "accumulated_operating_revenue_yoy": 5.296896520653392, 
        "accumulated_operating_revenue": 245406, 
        "long_term_average": 130167, 
        "date": "2014-02-28", 
        "operating_revenue": 88364, 
        "short_term_average": 130844
    }, 
    {
        "accumulated_operating_revenue_yoy": 25.5017720129351, 
        "accumulated_operating_revenue": 420697, 
        "long_term_average": 136262, 
        "date": "2014-03-31", 
        "operating_revenue": 175291, 
        "short_term_average": 140232
    }, 
    {
        "accumulated_operating_revenue_yoy": 36.80240666674351, 
        "accumulated_operating_revenue": 593442, 
        "long_term_average": 142442, 
        "date": "2014-04-30", 
        "operating_revenue": 172745, 
        "short_term_average": 145466
    }, 
    {
        "accumulated_operating_revenue_yoy": 36.63672491893142, 
        "accumulated_operating_revenue": 762243, 
        "long_term_average": 146170, 
        "date": "2014-05-31", 
        "operating_revenue": 168801, 
        "short_term_average": 172279
    }, 
    {
        "accumulated_operating_revenue_yoy": 35.127327308803416, 
        "accumulated_operating_revenue": 920059, 
        "long_term_average": 149069, 
        "date": "2014-06-30", 
        "operating_revenue": 157816, 
        "short_term_average": 166454
    }, 
    {
        "accumulated_operating_revenue_yoy": 32.73014097867824, 
        "accumulated_operating_revenue": 1141746, 
        "long_term_average": 152600, 
        "date": "2014-07-31", 
        "operating_revenue": 221687, 
        "short_term_average": 182768
    }, 
    {
        "accumulated_operating_revenue_yoy": 31.617255919558872, 
        "accumulated_operating_revenue": 1318772, 
        "long_term_average": 155538, 
        "date": "2014-08-31", 
        "operating_revenue": 177026, 
        "short_term_average": 185509
    }, 
    {
        "accumulated_operating_revenue_yoy": 32.41495009823748, 
        "accumulated_operating_revenue": 1471240, 
        "long_term_average": 159151, 
        "date": "2014-09-30", 
        "operating_revenue": 152468, 
        "short_term_average": 183727
    }, 
    {
        "accumulated_operating_revenue_yoy": 30.049191780800015, 
        "accumulated_operating_revenue": 1626944, 
        "long_term_average": 160465, 
        "date": "2014-10-31", 
        "operating_revenue": 155704, 
        "short_term_average": 161732
    }, 
    {
        "accumulated_operating_revenue_yoy": 27.629684820699662, 
        "accumulated_operating_revenue": 1790051, 
        "long_term_average": 161431, 
        "date": "2014-11-30", 
        "operating_revenue": 163107, 
        "short_term_average": 157093
    }, 
    {
        "accumulated_operating_revenue_yoy": 27.33768567746665, 
        "accumulated_operating_revenue": 1973305, 
        "long_term_average": 164442, 
        "date": "2014-12-31", 
        "operating_revenue": 183254, 
        "short_term_average": 167355
    }, 
    {
        "accumulated_operating_revenue_yoy": 26.59989047515951, 
        "accumulated_operating_revenue": 198815, 
        "long_term_average": 167923, 
        "date": "2015-01-31", 
        "operating_revenue": 198815, 
        "short_term_average": 181725
    }, 
    {
        "accumulated_operating_revenue_yoy": 21.624573156320544, 
        "accumulated_operating_revenue": 298474, 
        "long_term_average": 168864, 
        "date": "2015-02-28", 
        "operating_revenue": 99659, 
        "short_term_average": 160576
    }, 
    {
        "accumulated_operating_revenue_yoy": 6.752603417661643, 
        "accumulated_operating_revenue": 449105, 
        "long_term_average": 166809, 
        "date": "2015-03-31", 
        "operating_revenue": 150631, 
        "short_term_average": 149701
    }, 
    {
        "accumulated_operating_revenue_yoy": 4.001401990421979, 
        "accumulated_operating_revenue": 617188, 
        "long_term_average": 166420, 
        "date": "2015-04-30", 
        "operating_revenue": 168083, 
        "short_term_average": 139457
    }, 
    {
        "accumulated_operating_revenue_yoy": -0.4687481551158883, 
        "accumulated_operating_revenue": 758670, 
        "long_term_average": 164144, 
        "date": "2015-05-31", 
        "operating_revenue": 141482, 
        "short_term_average": 153398
    }, 
    {
        "accumulated_operating_revenue_yoy": -3.9085536905785387, 
        "accumulated_operating_revenue": 884098, 
        "long_term_average": 161445, 
        "date": "2015-06-30", 
        "operating_revenue": 125428, 
        "short_term_average": 144997
    }, 
    {
        "accumulated_operating_revenue_yoy": -9.467604878843455, 
        "accumulated_operating_revenue": 1033650, 
        "long_term_average": 155434, 
        "date": "2015-07-31", 
        "operating_revenue": 149552, 
        "short_term_average": 138820
    }, 
    {
        "accumulated_operating_revenue_yoy": -9.412013600531404, 
        "accumulated_operating_revenue": 1194649, 
        "long_term_average": 154098, 
        "date": "2015-08-31", 
        "operating_revenue": 160999, 
        "short_term_average": 145326
    }
]