[
    {
        "date": "2011-09-30", 
        "operating_revenue": 428477, 
        "accumulated_operating_revenue": 428477, 
        "long_term_average": 428477, 
        "short_term_average": 428477
    }, 
    {
        "date": "2011-10-31", 
        "operating_revenue": 533415, 
        "accumulated_operating_revenue": 961892, 
        "long_term_average": 480946, 
        "short_term_average": 480946
    }, 
    {
        "date": "2011-11-30", 
        "operating_revenue": 362305, 
        "accumulated_operating_revenue": 1324197, 
        "long_term_average": 441399, 
        "short_term_average": 441399
    }, 
    {
        "date": "2011-12-31", 
        "operating_revenue": 209041, 
        "accumulated_operating_revenue": 1533238, 
        "long_term_average": 383309, 
        "short_term_average": 368253
    }, 
    {
        "date": "2012-01-31", 
        "operating_revenue": 320195, 
        "accumulated_operating_revenue": 320195, 
        "long_term_average": 370686, 
        "short_term_average": 297180
    }, 
    {
        "date": "2012-02-29", 
        "operating_revenue": 336022, 
        "accumulated_operating_revenue": 656217, 
        "long_term_average": 364909, 
        "short_term_average": 288419
    }, 
    {
        "date": "2012-03-31", 
        "operating_revenue": 396971, 
        "accumulated_operating_revenue": 1053188, 
        "long_term_average": 369489, 
        "short_term_average": 351062
    }, 
    {
        "date": "2012-04-30", 
        "operating_revenue": 348747, 
        "accumulated_operating_revenue": 1401935, 
        "long_term_average": 366896, 
        "short_term_average": 360580
    }, 
    {
        "date": "2012-05-31", 
        "operating_revenue": 334445, 
        "accumulated_operating_revenue": 1736380, 
        "long_term_average": 363290, 
        "short_term_average": 360054
    }, 
    {
        "date": "2012-06-30", 
        "operating_revenue": 280855, 
        "accumulated_operating_revenue": 2017235, 
        "long_term_average": 355047, 
        "short_term_average": 321349
    }, 
    {
        "date": "2012-07-31", 
        "operating_revenue": 406822, 
        "accumulated_operating_revenue": 2424057, 
        "long_term_average": 359754, 
        "short_term_average": 340707
    }, 
    {
        "date": "2012-08-31", 
        "operating_revenue": 452502, 
        "accumulated_operating_revenue": 2876559, 
        "long_term_average": 367483, 
        "short_term_average": 380059
    }, 
    {
        "accumulated_operating_revenue_yoy": 684.5352259281128, 
        "accumulated_operating_revenue": 3361553, 
        "long_term_average": 372192, 
        "date": "2012-09-30", 
        "operating_revenue": 484994, 
        "short_term_average": 448106
    }, 
    {
        "accumulated_operating_revenue_yoy": 295.51020280863133, 
        "accumulated_operating_revenue": 3804381, 
        "long_term_average": 364643, 
        "date": "2012-10-31", 
        "operating_revenue": 442828, 
        "short_term_average": 460108
    }, 
    {
        "accumulated_operating_revenue_yoy": 211.0144487564917, 
        "accumulated_operating_revenue": 4118444, 
        "long_term_average": 360623, 
        "date": "2012-11-30", 
        "operating_revenue": 314063, 
        "short_term_average": 413961
    }, 
    {
        "accumulated_operating_revenue_yoy": 187.96514305019832, 
        "accumulated_operating_revenue": 4415191, 
        "long_term_average": 367932, 
        "date": "2012-12-31", 
        "operating_revenue": 296747, 
        "short_term_average": 351212
    }, 
    {
        "accumulated_operating_revenue_yoy": 25.115632661346993, 
        "accumulated_operating_revenue": 400614, 
        "long_term_average": 374634, 
        "date": "2013-01-31", 
        "operating_revenue": 400614, 
        "short_term_average": 337141
    }, 
    {
        "accumulated_operating_revenue_yoy": 5.38404216897764, 
        "accumulated_operating_revenue": 691548, 
        "long_term_average": 370876, 
        "date": "2013-02-28", 
        "operating_revenue": 290934, 
        "short_term_average": 329431
    }, 
    {
        "accumulated_operating_revenue_yoy": 9.657345127365675, 
        "accumulated_operating_revenue": 1154898, 
        "long_term_average": 376408, 
        "date": "2013-03-31", 
        "operating_revenue": 463350, 
        "short_term_average": 384966
    }, 
    {
        "accumulated_operating_revenue_yoy": 21.760209995470543, 
        "accumulated_operating_revenue": 1706999, 
        "long_term_average": 393354, 
        "date": "2013-04-30", 
        "operating_revenue": 552101, 
        "short_term_average": 435461
    }, 
    {
        "accumulated_operating_revenue_yoy": 28.262419516465293, 
        "accumulated_operating_revenue": 2227123, 
        "long_term_average": 408827, 
        "date": "2013-05-31", 
        "operating_revenue": 520124, 
        "short_term_average": 511858
    }, 
    {
        "accumulated_operating_revenue_yoy": 30.257555515346503, 
        "accumulated_operating_revenue": 2627601, 
        "long_term_average": 418796, 
        "date": "2013-06-30", 
        "operating_revenue": 400478, 
        "short_term_average": 490901
    }, 
    {
        "accumulated_operating_revenue_yoy": 27.861061022904988, 
        "accumulated_operating_revenue": 3099425, 
        "long_term_average": 424213, 
        "date": "2013-07-31", 
        "operating_revenue": 471824, 
        "short_term_average": 464142
    }, 
    {
        "accumulated_operating_revenue_yoy": 26.894146791357315, 
        "accumulated_operating_revenue": 3650185, 
        "long_term_average": 432401, 
        "date": "2013-08-31", 
        "operating_revenue": 550760, 
        "short_term_average": 474354
    }, 
    {
        "accumulated_operating_revenue_yoy": 24.494482163452428, 
        "accumulated_operating_revenue": 4184948, 
        "long_term_average": 436548, 
        "date": "2013-09-30", 
        "operating_revenue": 534763, 
        "short_term_average": 519115
    }, 
    {
        "accumulated_operating_revenue_yoy": 21.38702721940836, 
        "accumulated_operating_revenue": 4618025, 
        "long_term_average": 435736, 
        "date": "2013-10-31", 
        "operating_revenue": 433077, 
        "short_term_average": 506200
    }, 
    {
        "accumulated_operating_revenue_yoy": 19.092356239395265, 
        "accumulated_operating_revenue": 4904752, 
        "long_term_average": 433458, 
        "date": "2013-11-30", 
        "operating_revenue": 286727, 
        "short_term_average": 418189
    }, 
    {
        "accumulated_operating_revenue_yoy": 18.214115765320233, 
        "accumulated_operating_revenue": 5219379, 
        "long_term_average": 434948, 
        "date": "2013-12-31", 
        "operating_revenue": 314627, 
        "short_term_average": 344810
    }, 
    {
        "accumulated_operating_revenue_yoy": -18.80238833390745, 
        "accumulated_operating_revenue": 325289, 
        "long_term_average": 428671, 
        "date": "2014-01-31", 
        "operating_revenue": 325289, 
        "short_term_average": 308881
    }, 
    {
        "accumulated_operating_revenue_yoy": -10.096189996934415, 
        "accumulated_operating_revenue": 621728, 
        "long_term_average": 429129, 
        "date": "2014-02-28", 
        "operating_revenue": 296439, 
        "short_term_average": 312118
    }, 
    {
        "accumulated_operating_revenue_yoy": -7.27813192160693, 
        "accumulated_operating_revenue": 1070843, 
        "long_term_average": 427943, 
        "date": "2014-03-31", 
        "operating_revenue": 449115, 
        "short_term_average": 356947
    }, 
    {
        "accumulated_operating_revenue_yoy": -3.1476878428165453, 
        "accumulated_operating_revenue": 1653268, 
        "long_term_average": 430470, 
        "date": "2014-04-30", 
        "operating_revenue": 582425, 
        "short_term_average": 442659
    }, 
    {
        "accumulated_operating_revenue_yoy": -4.278748861198955, 
        "accumulated_operating_revenue": 2131830, 
        "long_term_average": 427007, 
        "date": "2014-05-31", 
        "operating_revenue": 478562, 
        "short_term_average": 503367
    }, 
    {
        "accumulated_operating_revenue_yoy": -5.191579695699613, 
        "accumulated_operating_revenue": 2491187, 
        "long_term_average": 423580, 
        "date": "2014-06-30", 
        "operating_revenue": 359357, 
        "short_term_average": 473448
    }, 
    {
        "accumulated_operating_revenue_yoy": -2.237350476298023, 
        "accumulated_operating_revenue": 3030080, 
        "long_term_average": 429169, 
        "date": "2014-07-31", 
        "operating_revenue": 538893, 
        "short_term_average": 458937
    }, 
    {
        "accumulated_operating_revenue_yoy": -2.223805094810263, 
        "accumulated_operating_revenue": 3569012, 
        "long_term_average": 428183, 
        "date": "2014-08-31", 
        "operating_revenue": 538932, 
        "short_term_average": 479060
    }, 
    {
        "accumulated_operating_revenue_yoy": 0.8214916887856194, 
        "accumulated_operating_revenue": 4219327, 
        "long_term_average": 437813, 
        "date": "2014-09-30", 
        "operating_revenue": 650315, 
        "short_term_average": 576046
    }, 
    {
        "accumulated_operating_revenue_yoy": 2.918953448714548, 
        "accumulated_operating_revenue": 4752823, 
        "long_term_average": 446181, 
        "date": "2014-10-31", 
        "operating_revenue": 533496, 
        "short_term_average": 574247
    }, 
    {
        "accumulated_operating_revenue_yoy": 5.469899395524993, 
        "accumulated_operating_revenue": 5173037, 
        "long_term_average": 457305, 
        "date": "2014-11-30", 
        "operating_revenue": 420214, 
        "short_term_average": 534675
    }, 
    {
        "accumulated_operating_revenue_yoy": 8.92765212106651, 
        "accumulated_operating_revenue": 5685347, 
        "long_term_average": 473778, 
        "date": "2014-12-31", 
        "operating_revenue": 512310, 
        "short_term_average": 488673
    }, 
    {
        "accumulated_operating_revenue_yoy": 121.01546624693734, 
        "accumulated_operating_revenue": 718939, 
        "long_term_average": 506583, 
        "date": "2015-01-31", 
        "operating_revenue": 718939, 
        "short_term_average": 550487
    }, 
    {
        "accumulated_operating_revenue_yoy": 110.02560605280766, 
        "accumulated_operating_revenue": 1305788, 
        "long_term_average": 530783, 
        "date": "2015-02-28", 
        "operating_revenue": 586849, 
        "short_term_average": 606032
    }, 
    {
        "accumulated_operating_revenue_yoy": 92.93603263970536, 
        "accumulated_operating_revenue": 2066042, 
        "long_term_average": 556712, 
        "date": "2015-03-31", 
        "operating_revenue": 760254, 
        "short_term_average": 688680
    }, 
    {
        "accumulated_operating_revenue_yoy": 67.17253343075654, 
        "accumulated_operating_revenue": 2763810, 
        "long_term_average": 566324, 
        "date": "2015-04-30", 
        "operating_revenue": 697768, 
        "short_term_average": 681623
    }, 
    {
        "accumulated_operating_revenue_yoy": 57.805828794978964, 
        "accumulated_operating_revenue": 3364152, 
        "long_term_average": 576472, 
        "date": "2015-05-31", 
        "operating_revenue": 600342, 
        "short_term_average": 686121
    }, 
    {
        "accumulated_operating_revenue_yoy": 55.94654275251115, 
        "accumulated_operating_revenue": 3884920, 
        "long_term_average": 589923, 
        "date": "2015-06-30", 
        "operating_revenue": 520768, 
        "short_term_average": 606292
    }, 
    {
        "accumulated_operating_revenue_yoy": 47.93203479776111, 
        "accumulated_operating_revenue": 4482459, 
        "long_term_average": 594810, 
        "date": "2015-07-31", 
        "operating_revenue": 597539, 
        "short_term_average": 572883
    }, 
    {
        "accumulated_operating_revenue_yoy": 45.64916004765465, 
        "accumulated_operating_revenue": 5198236, 
        "long_term_average": 609547, 
        "date": "2015-08-31", 
        "operating_revenue": 715777, 
        "short_term_average": 611361
    }
]