[
    {
        "date": "2012-01-31", 
        "operating_revenue": 50251, 
        "accumulated_operating_revenue": 50251, 
        "long_term_average": 50251, 
        "short_term_average": 50251
    }, 
    {
        "date": "2012-02-29", 
        "operating_revenue": 37130, 
        "accumulated_operating_revenue": 87381, 
        "long_term_average": 43690, 
        "short_term_average": 43690
    }, 
    {
        "date": "2012-03-31", 
        "operating_revenue": 37314, 
        "accumulated_operating_revenue": 124695, 
        "long_term_average": 41565, 
        "short_term_average": 41565
    }, 
    {
        "date": "2012-04-30", 
        "operating_revenue": 35612, 
        "accumulated_operating_revenue": 160307, 
        "long_term_average": 40076, 
        "short_term_average": 36685
    }, 
    {
        "date": "2012-05-31", 
        "operating_revenue": 37941, 
        "accumulated_operating_revenue": 198248, 
        "long_term_average": 39649, 
        "short_term_average": 36955
    }, 
    {
        "date": "2012-06-30", 
        "operating_revenue": 36731, 
        "accumulated_operating_revenue": 234979, 
        "long_term_average": 39163, 
        "short_term_average": 36761
    }, 
    {
        "date": "2012-07-31", 
        "operating_revenue": 47618, 
        "accumulated_operating_revenue": 282597, 
        "long_term_average": 40371, 
        "short_term_average": 40763
    }, 
    {
        "date": "2012-08-31", 
        "operating_revenue": 47277, 
        "accumulated_operating_revenue": 329874, 
        "long_term_average": 41234, 
        "short_term_average": 43875
    }, 
    {
        "date": "2012-09-30", 
        "operating_revenue": 70554, 
        "accumulated_operating_revenue": 400428, 
        "long_term_average": 44492, 
        "short_term_average": 55149
    }, 
    {
        "date": "2012-10-31", 
        "operating_revenue": 72794, 
        "accumulated_operating_revenue": 473222, 
        "long_term_average": 47322, 
        "short_term_average": 63541
    }, 
    {
        "date": "2012-11-30", 
        "operating_revenue": 70305, 
        "accumulated_operating_revenue": 543527, 
        "long_term_average": 49411, 
        "short_term_average": 71217
    }, 
    {
        "date": "2012-12-31", 
        "operating_revenue": 109724, 
        "accumulated_operating_revenue": 653251, 
        "long_term_average": 54437, 
        "short_term_average": 84274
    }, 
    {
        "accumulated_operating_revenue_yoy": 8.143121529919803, 
        "accumulated_operating_revenue": 54343, 
        "long_term_average": 54778, 
        "date": "2013-01-31", 
        "operating_revenue": 54343, 
        "short_term_average": 78124
    }, 
    {
        "accumulated_operating_revenue_yoy": -11.287350797084034, 
        "accumulated_operating_revenue": 77518, 
        "long_term_average": 53615, 
        "date": "2013-02-28", 
        "operating_revenue": 23175, 
        "short_term_average": 62414
    }, 
    {
        "accumulated_operating_revenue_yoy": -18.120213320502025, 
        "accumulated_operating_revenue": 102100, 
        "long_term_average": 52554, 
        "date": "2013-03-31", 
        "operating_revenue": 24582, 
        "short_term_average": 34033
    }, 
    {
        "accumulated_operating_revenue_yoy": -5.6079896698210305, 
        "accumulated_operating_revenue": 151317, 
        "long_term_average": 53688, 
        "date": "2013-04-30", 
        "operating_revenue": 49217, 
        "short_term_average": 32324
    }, 
    {
        "accumulated_operating_revenue_yoy": 25.274908195795163, 
        "accumulated_operating_revenue": 248355, 
        "long_term_average": 58613, 
        "date": "2013-05-31", 
        "operating_revenue": 97038, 
        "short_term_average": 56945
    }, 
    {
        "accumulated_operating_revenue_yoy": 30.322709688950926, 
        "accumulated_operating_revenue": 306231, 
        "long_term_average": 60375, 
        "date": "2013-06-30", 
        "operating_revenue": 57876, 
        "short_term_average": 68043
    }, 
    {
        "accumulated_operating_revenue_yoy": 26.347767315293506, 
        "accumulated_operating_revenue": 357055, 
        "long_term_average": 60642, 
        "date": "2013-07-31", 
        "operating_revenue": 50824, 
        "short_term_average": 68579
    }, 
    {
        "accumulated_operating_revenue_yoy": 23.592644464249986, 
        "accumulated_operating_revenue": 407700, 
        "long_term_average": 60923, 
        "date": "2013-08-31", 
        "operating_revenue": 50645, 
        "short_term_average": 53115
    }, 
    {
        "accumulated_operating_revenue_yoy": 13.068516687144754, 
        "accumulated_operating_revenue": 452758, 
        "long_term_average": 58798, 
        "date": "2013-09-30", 
        "operating_revenue": 45058, 
        "short_term_average": 48842
    }, 
    {
        "accumulated_operating_revenue_yoy": 1.1590754445059612, 
        "accumulated_operating_revenue": 478707, 
        "long_term_average": 54894, 
        "date": "2013-10-31", 
        "operating_revenue": 25949, 
        "short_term_average": 40550
    }, 
    {
        "accumulated_operating_revenue_yoy": -4.102096124019598, 
        "accumulated_operating_revenue": 521231, 
        "long_term_average": 52579, 
        "date": "2013-11-30", 
        "operating_revenue": 42524, 
        "short_term_average": 37843
    }, 
    {
        "accumulated_operating_revenue_yoy": -11.661979851542515, 
        "accumulated_operating_revenue": 577069, 
        "long_term_average": 48089, 
        "date": "2013-12-31", 
        "operating_revenue": 55838, 
        "short_term_average": 41437
    }, 
    {
        "accumulated_operating_revenue_yoy": -13.33750437038809, 
        "accumulated_operating_revenue": 47095, 
        "long_term_average": 47485, 
        "date": "2014-01-31", 
        "operating_revenue": 47095, 
        "short_term_average": 48485
    }, 
    {
        "accumulated_operating_revenue_yoy": -3.306328852653577, 
        "accumulated_operating_revenue": 74955, 
        "long_term_average": 47875, 
        "date": "2014-02-28", 
        "operating_revenue": 27860, 
        "short_term_average": 43597
    }, 
    {
        "accumulated_operating_revenue_yoy": 18.33398628795299, 
        "accumulated_operating_revenue": 120819, 
        "long_term_average": 49649, 
        "date": "2014-03-31", 
        "operating_revenue": 45864, 
        "short_term_average": 40273
    }, 
    {
        "accumulated_operating_revenue_yoy": 4.4918944996266115, 
        "accumulated_operating_revenue": 158114, 
        "long_term_average": 48655, 
        "date": "2014-04-30", 
        "operating_revenue": 37295, 
        "short_term_average": 37006
    }, 
    {
        "accumulated_operating_revenue_yoy": -15.969479172958065, 
        "accumulated_operating_revenue": 208694, 
        "long_term_average": 44784, 
        "date": "2014-05-31", 
        "operating_revenue": 50580, 
        "short_term_average": 44579
    }, 
    {
        "accumulated_operating_revenue_yoy": -13.161306334107259, 
        "accumulated_operating_revenue": 265927, 
        "long_term_average": 44730, 
        "date": "2014-06-30", 
        "operating_revenue": 57233, 
        "short_term_average": 48369
    }, 
    {
        "accumulated_operating_revenue_yoy": -2.0823122488132078, 
        "accumulated_operating_revenue": 349620, 
        "long_term_average": 47469, 
        "date": "2014-07-31", 
        "operating_revenue": 83693, 
        "short_term_average": 63835
    }, 
    {
        "accumulated_operating_revenue_yoy": 9.655383860681873, 
        "accumulated_operating_revenue": 447065, 
        "long_term_average": 51369, 
        "date": "2014-08-31", 
        "operating_revenue": 97445, 
        "short_term_average": 79457
    }, 
    {
        "accumulated_operating_revenue_yoy": 19.58176332610357, 
        "accumulated_operating_revenue": 541416, 
        "long_term_average": 55477, 
        "date": "2014-09-30", 
        "operating_revenue": 94351, 
        "short_term_average": 91829
    }, 
    {
        "accumulated_operating_revenue_yoy": 31.831161858924144, 
        "accumulated_operating_revenue": 631085, 
        "long_term_average": 60787, 
        "date": "2014-10-31", 
        "operating_revenue": 89669, 
        "short_term_average": 93821
    }, 
    {
        "accumulated_operating_revenue_yoy": 41.649096082159346, 
        "accumulated_operating_revenue": 738319, 
        "long_term_average": 66179, 
        "date": "2014-11-30", 
        "operating_revenue": 107234, 
        "short_term_average": 97084
    }, 
    {
        "accumulated_operating_revenue_yoy": 49.864747543188074, 
        "accumulated_operating_revenue": 864823, 
        "long_term_average": 72068, 
        "date": "2014-12-31", 
        "operating_revenue": 126504, 
        "short_term_average": 107802
    }, 
    {
        "accumulated_operating_revenue_yoy": 122.7242807092048, 
        "accumulated_operating_revenue": 104892, 
        "long_term_average": 76885, 
        "date": "2015-01-31", 
        "operating_revenue": 104892, 
        "short_term_average": 112876
    }, 
    {
        "accumulated_operating_revenue_yoy": 127.70462277366418, 
        "accumulated_operating_revenue": 170676, 
        "long_term_average": 80045, 
        "date": "2015-02-28", 
        "operating_revenue": 65784, 
        "short_term_average": 99060
    }, 
    {
        "accumulated_operating_revenue_yoy": 130.02094041500095, 
        "accumulated_operating_revenue": 277909, 
        "long_term_average": 85159, 
        "date": "2015-03-31", 
        "operating_revenue": 107233, 
        "short_term_average": 92636
    }, 
    {
        "accumulated_operating_revenue_yoy": 134.2385873483689, 
        "accumulated_operating_revenue": 370364, 
        "long_term_average": 89756, 
        "date": "2015-04-30", 
        "operating_revenue": 92455, 
        "short_term_average": 88490
    }, 
    {
        "accumulated_operating_revenue_yoy": 119.49792519190777, 
        "accumulated_operating_revenue": 458079, 
        "long_term_average": 92850, 
        "date": "2015-05-31", 
        "operating_revenue": 87715, 
        "short_term_average": 95801
    }, 
    {
        "accumulated_operating_revenue_yoy": 96.43511189160935, 
        "accumulated_operating_revenue": 522374, 
        "long_term_average": 93439, 
        "date": "2015-06-30", 
        "operating_revenue": 64295, 
        "short_term_average": 81488
    }, 
    {
        "accumulated_operating_revenue_yoy": 76.5425318917682, 
        "accumulated_operating_revenue": 617228, 
        "long_term_average": 94369, 
        "date": "2015-07-31", 
        "operating_revenue": 94854, 
        "short_term_average": 82288
    }, 
    {
        "accumulated_operating_revenue_yoy": 58.24991891559394, 
        "accumulated_operating_revenue": 707480, 
        "long_term_average": 93769, 
        "date": "2015-08-31", 
        "operating_revenue": 90252, 
        "short_term_average": 83133
    }
]