[
    {
        "date": "2011-09-30", 
        "operating_revenue": 66697, 
        "accumulated_operating_revenue": 66697, 
        "long_term_average": 66697, 
        "short_term_average": 66697
    }, 
    {
        "date": "2011-10-31", 
        "operating_revenue": 60506, 
        "accumulated_operating_revenue": 127203, 
        "long_term_average": 63601, 
        "short_term_average": 63601
    }, 
    {
        "date": "2011-11-30", 
        "operating_revenue": 60333, 
        "accumulated_operating_revenue": 187536, 
        "long_term_average": 62512, 
        "short_term_average": 62512
    }, 
    {
        "date": "2011-12-31", 
        "operating_revenue": 57848, 
        "accumulated_operating_revenue": 245384, 
        "long_term_average": 61346, 
        "short_term_average": 59562
    }, 
    {
        "date": "2012-01-31", 
        "operating_revenue": 38686, 
        "accumulated_operating_revenue": 38686, 
        "long_term_average": 56814, 
        "short_term_average": 52289
    }, 
    {
        "date": "2012-02-29", 
        "operating_revenue": 61537, 
        "accumulated_operating_revenue": 100223, 
        "long_term_average": 57601, 
        "short_term_average": 52690
    }, 
    {
        "date": "2012-03-31", 
        "operating_revenue": 73665, 
        "accumulated_operating_revenue": 173888, 
        "long_term_average": 59896, 
        "short_term_average": 57962
    }, 
    {
        "date": "2012-04-30", 
        "operating_revenue": 76322, 
        "accumulated_operating_revenue": 250210, 
        "long_term_average": 61949, 
        "short_term_average": 70508
    }, 
    {
        "date": "2012-05-31", 
        "operating_revenue": 77109, 
        "accumulated_operating_revenue": 327319, 
        "long_term_average": 63633, 
        "short_term_average": 75698
    }, 
    {
        "date": "2012-06-30", 
        "operating_revenue": 71743, 
        "accumulated_operating_revenue": 399062, 
        "long_term_average": 64444, 
        "short_term_average": 75058
    }, 
    {
        "date": "2012-07-31", 
        "operating_revenue": 72777, 
        "accumulated_operating_revenue": 471839, 
        "long_term_average": 65202, 
        "short_term_average": 73876
    }, 
    {
        "date": "2012-08-31", 
        "operating_revenue": 82429, 
        "accumulated_operating_revenue": 554268, 
        "long_term_average": 66637, 
        "short_term_average": 75649
    }, 
    {
        "accumulated_operating_revenue_yoy": 861.3131025383451, 
        "accumulated_operating_revenue": 641167, 
        "long_term_average": 68321, 
        "date": "2012-09-30", 
        "operating_revenue": 86899, 
        "short_term_average": 80701
    }, 
    {
        "accumulated_operating_revenue_yoy": 467.342751350204, 
        "accumulated_operating_revenue": 721677, 
        "long_term_average": 69988, 
        "date": "2012-10-31", 
        "operating_revenue": 80510, 
        "short_term_average": 83279
    }, 
    {
        "accumulated_operating_revenue_yoy": 327.72427693882776, 
        "accumulated_operating_revenue": 802137, 
        "long_term_average": 71665, 
        "date": "2012-11-30", 
        "operating_revenue": 80460, 
        "short_term_average": 82623
    }, 
    {
        "accumulated_operating_revenue_yoy": 260.9538519218857, 
        "accumulated_operating_revenue": 885723, 
        "long_term_average": 73810, 
        "date": "2012-12-31", 
        "operating_revenue": 83586, 
        "short_term_average": 81518
    }, 
    {
        "accumulated_operating_revenue_yoy": 129.4395905495528, 
        "accumulated_operating_revenue": 88761, 
        "long_term_average": 77983, 
        "date": "2013-01-31", 
        "operating_revenue": 88761, 
        "short_term_average": 84269
    }, 
    {
        "accumulated_operating_revenue_yoy": 39.57175498638037, 
        "accumulated_operating_revenue": 139883, 
        "long_term_average": 77115, 
        "date": "2013-02-28", 
        "operating_revenue": 51122, 
        "short_term_average": 74489
    }, 
    {
        "accumulated_operating_revenue_yoy": 31.550768310636734, 
        "accumulated_operating_revenue": 228751, 
        "long_term_average": 78382, 
        "date": "2013-03-31", 
        "operating_revenue": 88868, 
        "short_term_average": 76250
    }, 
    {
        "accumulated_operating_revenue_yoy": 30.968386555293552, 
        "accumulated_operating_revenue": 327696, 
        "long_term_average": 80267, 
        "date": "2013-04-30", 
        "operating_revenue": 98945, 
        "short_term_average": 79645
    }, 
    {
        "accumulated_operating_revenue_yoy": 33.900873459835815, 
        "accumulated_operating_revenue": 438283, 
        "long_term_average": 83057, 
        "date": "2013-05-31", 
        "operating_revenue": 110587, 
        "short_term_average": 99466
    }, 
    {
        "accumulated_operating_revenue_yoy": 35.435847061358885, 
        "accumulated_operating_revenue": 540473, 
        "long_term_average": 85594, 
        "date": "2013-06-30", 
        "operating_revenue": 102190, 
        "short_term_average": 103907
    }, 
    {
        "accumulated_operating_revenue_yoy": 36.525382598725415, 
        "accumulated_operating_revenue": 644180, 
        "long_term_average": 88172, 
        "date": "2013-07-31", 
        "operating_revenue": 103707, 
        "short_term_average": 105494
    }, 
    {
        "accumulated_operating_revenue_yoy": 36.277035657840614, 
        "accumulated_operating_revenue": 755340, 
        "long_term_average": 90566, 
        "date": "2013-08-31", 
        "operating_revenue": 111160, 
        "short_term_average": 105685
    }, 
    {
        "accumulated_operating_revenue_yoy": 32.26616466536799, 
        "accumulated_operating_revenue": 848047, 
        "long_term_average": 91050, 
        "date": "2013-09-30", 
        "operating_revenue": 92707, 
        "short_term_average": 102524
    }, 
    {
        "accumulated_operating_revenue_yoy": 30.789951737411613, 
        "accumulated_operating_revenue": 943881, 
        "long_term_average": 92327, 
        "date": "2013-10-31", 
        "operating_revenue": 95834, 
        "short_term_average": 99900
    }, 
    {
        "accumulated_operating_revenue_yoy": 31.126229060621814, 
        "accumulated_operating_revenue": 1051812, 
        "long_term_average": 94616, 
        "date": "2013-11-30", 
        "operating_revenue": 107931, 
        "short_term_average": 98824
    }, 
    {
        "accumulated_operating_revenue_yoy": 30.206960866997925, 
        "accumulated_operating_revenue": 1153273, 
        "long_term_average": 96106, 
        "date": "2013-12-31", 
        "operating_revenue": 101461, 
        "short_term_average": 101742
    }, 
    {
        "accumulated_operating_revenue_yoy": 7.361341129550141, 
        "accumulated_operating_revenue": 95295, 
        "long_term_average": 96650, 
        "date": "2014-01-31", 
        "operating_revenue": 95295, 
        "short_term_average": 101562
    }, 
    {
        "accumulated_operating_revenue_yoy": 20.499989276752714, 
        "accumulated_operating_revenue": 168559, 
        "long_term_average": 98495, 
        "date": "2014-02-28", 
        "operating_revenue": 73264, 
        "short_term_average": 90006
    }, 
    {
        "accumulated_operating_revenue_yoy": 25.72447770720128, 
        "accumulated_operating_revenue": 287596, 
        "long_term_average": 101009, 
        "date": "2014-03-31", 
        "operating_revenue": 119037, 
        "short_term_average": 95865
    }, 
    {
        "accumulated_operating_revenue_yoy": 25.139763683413896, 
        "accumulated_operating_revenue": 410078, 
        "long_term_average": 102971, 
        "date": "2014-04-30", 
        "operating_revenue": 122482, 
        "short_term_average": 104927
    }, 
    {
        "accumulated_operating_revenue_yoy": 23.538216175393526, 
        "accumulated_operating_revenue": 541447, 
        "long_term_average": 104703, 
        "date": "2014-05-31", 
        "operating_revenue": 131369, 
        "short_term_average": 124296
    }, 
    {
        "accumulated_operating_revenue_yoy": 21.934675737733432, 
        "accumulated_operating_revenue": 659024, 
        "long_term_average": 105985, 
        "date": "2014-06-30", 
        "operating_revenue": 117577, 
        "short_term_average": 123809
    }, 
    {
        "accumulated_operating_revenue_yoy": 21.05948647893446, 
        "accumulated_operating_revenue": 779841, 
        "long_term_average": 107411, 
        "date": "2014-07-31", 
        "operating_revenue": 120817, 
        "short_term_average": 123254
    }, 
    {
        "accumulated_operating_revenue_yoy": 18.876664813196705, 
        "accumulated_operating_revenue": 897923, 
        "long_term_average": 107988, 
        "date": "2014-08-31", 
        "operating_revenue": 118082, 
        "short_term_average": 118825
    }, 
    {
        "accumulated_operating_revenue_yoy": 18.86275171069528, 
        "accumulated_operating_revenue": 1008012, 
        "long_term_average": 109436, 
        "date": "2014-09-30", 
        "operating_revenue": 110089, 
        "short_term_average": 116329
    }, 
    {
        "accumulated_operating_revenue_yoy": 17.959997075902574, 
        "accumulated_operating_revenue": 1113402, 
        "long_term_average": 110232, 
        "date": "2014-10-31", 
        "operating_revenue": 105390, 
        "short_term_average": 111187
    }, 
    {
        "accumulated_operating_revenue_yoy": 16.154312747905518, 
        "accumulated_operating_revenue": 1221725, 
        "long_term_average": 110265, 
        "date": "2014-11-30", 
        "operating_revenue": 108323, 
        "short_term_average": 107934
    }, 
    {
        "accumulated_operating_revenue_yoy": 15.300280159164394, 
        "accumulated_operating_revenue": 1329727, 
        "long_term_average": 110810, 
        "date": "2014-12-31", 
        "operating_revenue": 108002, 
        "short_term_average": 107238
    }, 
    {
        "accumulated_operating_revenue_yoy": 13.73734193819193, 
        "accumulated_operating_revenue": 108386, 
        "long_term_average": 111901, 
        "date": "2015-01-31", 
        "operating_revenue": 108386, 
        "short_term_average": 108237
    }, 
    {
        "accumulated_operating_revenue_yoy": 2.108460539039743, 
        "accumulated_operating_revenue": 172113, 
        "long_term_average": 111106, 
        "date": "2015-02-28", 
        "operating_revenue": 63727, 
        "short_term_average": 93371
    }, 
    {
        "accumulated_operating_revenue_yoy": 2.1624083784197277, 
        "accumulated_operating_revenue": 293815, 
        "long_term_average": 111328, 
        "date": "2015-03-31", 
        "operating_revenue": 121702, 
        "short_term_average": 97938
    }, 
    {
        "accumulated_operating_revenue_yoy": 4.103853413253089, 
        "accumulated_operating_revenue": 426907, 
        "long_term_average": 112213, 
        "date": "2015-04-30", 
        "operating_revenue": 133092, 
        "short_term_average": 106173
    }, 
    {
        "accumulated_operating_revenue_yoy": 2.801012841515421, 
        "accumulated_operating_revenue": 556613, 
        "long_term_average": 112074, 
        "date": "2015-05-31", 
        "operating_revenue": 129706, 
        "short_term_average": 128166
    }, 
    {
        "accumulated_operating_revenue_yoy": 3.582874068319211, 
        "accumulated_operating_revenue": 682636, 
        "long_term_average": 112778, 
        "date": "2015-06-30", 
        "operating_revenue": 126023, 
        "short_term_average": 129607
    }, 
    {
        "accumulated_operating_revenue_yoy": 4.407949825669592, 
        "accumulated_operating_revenue": 814216, 
        "long_term_average": 113675, 
        "date": "2015-07-31", 
        "operating_revenue": 131580, 
        "short_term_average": 129103
    }, 
    {
        "accumulated_operating_revenue_yoy": 5.21915576279926, 
        "accumulated_operating_revenue": 944787, 
        "long_term_average": 114715, 
        "date": "2015-08-31", 
        "operating_revenue": 130571, 
        "short_term_average": 129391
    }, 
    {
        "accumulated_operating_revenue_yoy": 6.1292921116018455, 
        "accumulated_operating_revenue": 1069796, 
        "long_term_average": 115959, 
        "date": "2015-09-30", 
        "operating_revenue": 125009, 
        "short_term_average": 129053
    }, 
    {
        "accumulated_operating_revenue_yoy": 7.219764289986904, 
        "accumulated_operating_revenue": 1193787, 
        "long_term_average": 117509, 
        "date": "2015-10-31", 
        "operating_revenue": 123991, 
        "short_term_average": 126523
    }
]