[
    {
        "date": "2012-01-31", 
        "operating_revenue": 226988, 
        "accumulated_operating_revenue": 226988, 
        "long_term_average": 226988, 
        "short_term_average": 226988
    }, 
    {
        "date": "2012-02-29", 
        "operating_revenue": 215997, 
        "accumulated_operating_revenue": 442985, 
        "long_term_average": 221492, 
        "short_term_average": 221492
    }, 
    {
        "date": "2012-03-31", 
        "operating_revenue": 263625, 
        "accumulated_operating_revenue": 706610, 
        "long_term_average": 235536, 
        "short_term_average": 235536
    }, 
    {
        "date": "2012-04-30", 
        "operating_revenue": 270664, 
        "accumulated_operating_revenue": 977274, 
        "long_term_average": 244318, 
        "short_term_average": 250095
    }, 
    {
        "date": "2012-05-31", 
        "operating_revenue": 260570, 
        "accumulated_operating_revenue": 1237844, 
        "long_term_average": 247568, 
        "short_term_average": 264953
    }, 
    {
        "date": "2012-06-30", 
        "operating_revenue": 279920, 
        "accumulated_operating_revenue": 1517764, 
        "long_term_average": 252960, 
        "short_term_average": 270384
    }, 
    {
        "date": "2012-07-31", 
        "operating_revenue": 266105, 
        "accumulated_operating_revenue": 1783869, 
        "long_term_average": 254838, 
        "short_term_average": 268865
    }, 
    {
        "date": "2012-08-31", 
        "operating_revenue": 273549, 
        "accumulated_operating_revenue": 2057418, 
        "long_term_average": 257177, 
        "short_term_average": 273191
    }, 
    {
        "date": "2012-09-30", 
        "operating_revenue": 300407, 
        "accumulated_operating_revenue": 2357825, 
        "long_term_average": 261980, 
        "short_term_average": 280020
    }, 
    {
        "date": "2012-10-31", 
        "operating_revenue": 306392, 
        "accumulated_operating_revenue": 2664217, 
        "long_term_average": 266421, 
        "short_term_average": 293449
    }, 
    {
        "date": "2012-11-30", 
        "operating_revenue": 288866, 
        "accumulated_operating_revenue": 2953083, 
        "long_term_average": 268462, 
        "short_term_average": 298555
    }, 
    {
        "date": "2012-12-31", 
        "operating_revenue": 302431, 
        "accumulated_operating_revenue": 3255514, 
        "long_term_average": 271292, 
        "short_term_average": 299229
    }, 
    {
        "accumulated_operating_revenue_yoy": 43.62521366768287, 
        "accumulated_operating_revenue": 326012, 
        "long_term_average": 279544, 
        "date": "2013-01-31", 
        "operating_revenue": 326012, 
        "short_term_average": 305769
    }, 
    {
        "accumulated_operating_revenue_yoy": 36.5558653227536, 
        "accumulated_operating_revenue": 604922, 
        "long_term_average": 284787, 
        "date": "2013-02-28", 
        "operating_revenue": 278910, 
        "short_term_average": 302451
    }, 
    {
        "accumulated_operating_revenue_yoy": 30.40064533476741, 
        "accumulated_operating_revenue": 921424, 
        "long_term_average": 289194, 
        "date": "2013-03-31", 
        "operating_revenue": 316502, 
        "short_term_average": 307141
    }, 
    {
        "accumulated_operating_revenue_yoy": 26.209947261464034, 
        "accumulated_operating_revenue": 1233417, 
        "long_term_average": 292638, 
        "date": "2013-04-30", 
        "operating_revenue": 311993, 
        "short_term_average": 302468
    }, 
    {
        "accumulated_operating_revenue_yoy": 26.31155460623471, 
        "accumulated_operating_revenue": 1563540, 
        "long_term_average": 298434, 
        "date": "2013-05-31", 
        "operating_revenue": 330123, 
        "short_term_average": 319539
    }, 
    {
        "accumulated_operating_revenue_yoy": 21.718000954035013, 
        "accumulated_operating_revenue": 1847392, 
        "long_term_average": 298761, 
        "date": "2013-06-30", 
        "operating_revenue": 283852, 
        "short_term_average": 308656
    }, 
    {
        "accumulated_operating_revenue_yoy": 19.580978199632373, 
        "accumulated_operating_revenue": 2133168, 
        "long_term_average": 300401, 
        "date": "2013-07-31", 
        "operating_revenue": 285776, 
        "short_term_average": 299917
    }, 
    {
        "accumulated_operating_revenue_yoy": 18.499935355868374, 
        "accumulated_operating_revenue": 2438039, 
        "long_term_average": 303011, 
        "date": "2013-08-31", 
        "operating_revenue": 304871, 
        "short_term_average": 291499
    }, 
    {
        "accumulated_operating_revenue_yoy": 15.642042984530235, 
        "accumulated_operating_revenue": 2726637, 
        "long_term_average": 302027, 
        "date": "2013-09-30", 
        "operating_revenue": 288598, 
        "short_term_average": 293081
    }, 
    {
        "accumulated_operating_revenue_yoy": 14.13694905482549, 
        "accumulated_operating_revenue": 3040856, 
        "long_term_average": 302679, 
        "date": "2013-10-31", 
        "operating_revenue": 314219, 
        "short_term_average": 302562
    }, 
    {
        "accumulated_operating_revenue_yoy": 12.585829792118949, 
        "accumulated_operating_revenue": 3324753, 
        "long_term_average": 302265, 
        "date": "2013-11-30", 
        "operating_revenue": 283897, 
        "short_term_average": 295571
    }, 
    {
        "accumulated_operating_revenue_yoy": 10.93750479954932, 
        "accumulated_operating_revenue": 3611586, 
        "long_term_average": 300965, 
        "date": "2013-12-31", 
        "operating_revenue": 286833, 
        "short_term_average": 294983
    }, 
    {
        "accumulated_operating_revenue_yoy": -15.122142743211905, 
        "accumulated_operating_revenue": 276712, 
        "long_term_average": 296857, 
        "date": "2014-01-31", 
        "operating_revenue": 276712, 
        "short_term_average": 282480
    }, 
    {
        "accumulated_operating_revenue_yoy": -10.089895887403665, 
        "accumulated_operating_revenue": 543886, 
        "long_term_average": 295879, 
        "date": "2014-02-28", 
        "operating_revenue": 267174, 
        "short_term_average": 276906
    }, 
    {
        "accumulated_operating_revenue_yoy": -15.947924082724132, 
        "accumulated_operating_revenue": 774476, 
        "long_term_average": 288719, 
        "date": "2014-03-31", 
        "operating_revenue": 230590, 
        "short_term_average": 258158
    }, 
    {
        "accumulated_operating_revenue_yoy": -14.419616398995636, 
        "accumulated_operating_revenue": 1055563, 
        "long_term_average": 286144, 
        "date": "2014-04-30", 
        "operating_revenue": 281087, 
        "short_term_average": 259617
    }, 
    {
        "accumulated_operating_revenue_yoy": -15.31319953438991, 
        "accumulated_operating_revenue": 1324112, 
        "long_term_average": 281013, 
        "date": "2014-05-31", 
        "operating_revenue": 268549, 
        "short_term_average": 260075
    }, 
    {
        "accumulated_operating_revenue_yoy": -14.43445679097885, 
        "accumulated_operating_revenue": 1580731, 
        "long_term_average": 278743, 
        "date": "2014-06-30", 
        "operating_revenue": 256619, 
        "short_term_average": 268751
    }, 
    {
        "accumulated_operating_revenue_yoy": -12.861903047486182, 
        "accumulated_operating_revenue": 1858802, 
        "long_term_average": 278101, 
        "date": "2014-07-31", 
        "operating_revenue": 278071, 
        "short_term_average": 267746
    }, 
    {
        "accumulated_operating_revenue_yoy": -12.137787787644086, 
        "accumulated_operating_revenue": 2142115, 
        "long_term_average": 276305, 
        "date": "2014-08-31", 
        "operating_revenue": 283313, 
        "short_term_average": 272667
    }, 
    {
        "accumulated_operating_revenue_yoy": -10.584944017117056, 
        "accumulated_operating_revenue": 2438024, 
        "long_term_average": 276914, 
        "date": "2014-09-30", 
        "operating_revenue": 295909, 
        "short_term_average": 285764
    }, 
    {
        "accumulated_operating_revenue_yoy": -9.58552460228304, 
        "accumulated_operating_revenue": 2749374, 
        "long_term_average": 276675, 
        "date": "2014-10-31", 
        "operating_revenue": 311350, 
        "short_term_average": 296857
    }, 
    {
        "accumulated_operating_revenue_yoy": -9.174155192881997, 
        "accumulated_operating_revenue": 3019735, 
        "long_term_average": 275547, 
        "date": "2014-11-30", 
        "operating_revenue": 270361, 
        "short_term_average": 292540
    }, 
    {
        "accumulated_operating_revenue_yoy": -7.771128806014864, 
        "accumulated_operating_revenue": 3330925, 
        "long_term_average": 277577, 
        "date": "2014-12-31", 
        "operating_revenue": 311190, 
        "short_term_average": 297633
    }, 
    {
        "accumulated_operating_revenue_yoy": 10.502977825320189, 
        "accumulated_operating_revenue": 305775, 
        "long_term_average": 279999, 
        "date": "2015-01-31", 
        "operating_revenue": 305775, 
        "short_term_average": 295775
    }, 
    {
        "accumulated_operating_revenue_yoy": 1.7115719102900238, 
        "accumulated_operating_revenue": 553195, 
        "long_term_average": 278352, 
        "date": "2015-02-28", 
        "operating_revenue": 247420, 
        "short_term_average": 288128
    }, 
    {
        "accumulated_operating_revenue_yoy": 9.415269162633832, 
        "accumulated_operating_revenue": 847395, 
        "long_term_average": 283653, 
        "date": "2015-03-31", 
        "operating_revenue": 294200, 
        "short_term_average": 282465
    }, 
    {
        "accumulated_operating_revenue_yoy": 6.806130946234379, 
        "accumulated_operating_revenue": 1127406, 
        "long_term_average": 283564, 
        "date": "2015-04-30", 
        "operating_revenue": 280011, 
        "short_term_average": 273877
    }, 
    {
        "accumulated_operating_revenue_yoy": 5.394483246130237, 
        "accumulated_operating_revenue": 1395541, 
        "long_term_average": 283529, 
        "date": "2015-05-31", 
        "operating_revenue": 268135, 
        "short_term_average": 280782
    }, 
    {
        "accumulated_operating_revenue_yoy": 6.6006803181566, 
        "accumulated_operating_revenue": 1685070, 
        "long_term_average": 286272, 
        "date": "2015-06-30", 
        "operating_revenue": 289529, 
        "short_term_average": 279225
    }, 
    {
        "accumulated_operating_revenue_yoy": 6.148368680472691, 
        "accumulated_operating_revenue": 1973088, 
        "long_term_average": 287100, 
        "date": "2015-07-31", 
        "operating_revenue": 288018, 
        "short_term_average": 281894
    }, 
    {
        "accumulated_operating_revenue_yoy": 5.312833344615019, 
        "accumulated_operating_revenue": 2255922, 
        "long_term_average": 287061, 
        "date": "2015-08-31", 
        "operating_revenue": 282834, 
        "short_term_average": 286793
    }, 
    {
        "accumulated_operating_revenue_yoy": 3.806730368527955, 
        "accumulated_operating_revenue": 2530833, 
        "long_term_average": 285311, 
        "date": "2015-09-30", 
        "operating_revenue": 274911, 
        "short_term_average": 281921
    }, 
    {
        "accumulated_operating_revenue_yoy": 2.649075753244193, 
        "accumulated_operating_revenue": 2822207, 
        "long_term_average": 283646, 
        "date": "2015-10-31", 
        "operating_revenue": 291374, 
        "short_term_average": 283039
    }
]