[
    {
        "date": "2012-09-30", 
        "operating_revenue": 583637, 
        "accumulated_operating_revenue": 583637, 
        "long_term_average": 583637, 
        "short_term_average": 583637
    }, 
    {
        "date": "2012-10-31", 
        "operating_revenue": 862532, 
        "accumulated_operating_revenue": 1446169, 
        "long_term_average": 723084, 
        "short_term_average": 723084
    }, 
    {
        "date": "2012-11-30", 
        "operating_revenue": 736277, 
        "accumulated_operating_revenue": 2182446, 
        "long_term_average": 727482, 
        "short_term_average": 727482
    }, 
    {
        "date": "2012-12-31", 
        "operating_revenue": 558116, 
        "accumulated_operating_revenue": 2740562, 
        "long_term_average": 685140, 
        "short_term_average": 718975
    }, 
    {
        "date": "2013-01-31", 
        "operating_revenue": 660311, 
        "accumulated_operating_revenue": 660311, 
        "long_term_average": 680174, 
        "short_term_average": 651568
    }, 
    {
        "date": "2013-02-28", 
        "operating_revenue": 524909, 
        "accumulated_operating_revenue": 1185220, 
        "long_term_average": 654297, 
        "short_term_average": 581112
    }, 
    {
        "date": "2013-03-31", 
        "operating_revenue": 688894, 
        "accumulated_operating_revenue": 1874114, 
        "long_term_average": 659239, 
        "short_term_average": 624704
    }, 
    {
        "date": "2013-04-30", 
        "operating_revenue": 857153, 
        "accumulated_operating_revenue": 2731267, 
        "long_term_average": 683978, 
        "short_term_average": 690318
    }, 
    {
        "date": "2013-05-31", 
        "operating_revenue": 756757, 
        "accumulated_operating_revenue": 3488024, 
        "long_term_average": 692065, 
        "short_term_average": 767601
    }, 
    {
        "date": "2013-06-30", 
        "operating_revenue": 716318, 
        "accumulated_operating_revenue": 4204342, 
        "long_term_average": 694490, 
        "short_term_average": 776742
    }, 
    {
        "date": "2013-07-31", 
        "operating_revenue": 744041, 
        "accumulated_operating_revenue": 4948383, 
        "long_term_average": 698995, 
        "short_term_average": 739038
    }, 
    {
        "date": "2013-08-31", 
        "operating_revenue": 780034, 
        "accumulated_operating_revenue": 5728417, 
        "long_term_average": 705748, 
        "short_term_average": 746797
    }, 
    {
        "accumulated_operating_revenue_yoy": 1024.1413755467868, 
        "accumulated_operating_revenue": 6560905, 
        "long_term_average": 726485, 
        "date": "2013-09-30", 
        "operating_revenue": 832488, 
        "short_term_average": 785521
    }, 
    {
        "accumulated_operating_revenue_yoy": 402.91646412003024, 
        "accumulated_operating_revenue": 7273022, 
        "long_term_average": 713951, 
        "date": "2013-10-31", 
        "operating_revenue": 712117, 
        "short_term_average": 774879
    }, 
    {
        "accumulated_operating_revenue_yoy": 264.6832040746942, 
        "accumulated_operating_revenue": 7959014, 
        "long_term_average": 709760, 
        "date": "2013-11-30", 
        "operating_revenue": 685992, 
        "short_term_average": 743532
    }, 
    {
        "accumulated_operating_revenue_yoy": 209.0906171799799, 
        "accumulated_operating_revenue": 8470820, 
        "long_term_average": 705901, 
        "date": "2013-12-31", 
        "operating_revenue": 511806, 
        "short_term_average": 636638
    }, 
    {
        "accumulated_operating_revenue_yoy": -10.13416405299927, 
        "accumulated_operating_revenue": 593394, 
        "long_term_average": 700325, 
        "date": "2014-01-31", 
        "operating_revenue": 593394, 
        "short_term_average": 597064
    }, 
    {
        "accumulated_operating_revenue_yoy": 0.8972173942390441, 
        "accumulated_operating_revenue": 1195854, 
        "long_term_average": 706787, 
        "date": "2014-02-28", 
        "operating_revenue": 602460, 
        "short_term_average": 569220
    }, 
    {
        "accumulated_operating_revenue_yoy": 3.211170718536866, 
        "accumulated_operating_revenue": 1934295, 
        "long_term_average": 710916, 
        "date": "2014-03-31", 
        "operating_revenue": 738441, 
        "short_term_average": 644765
    }, 
    {
        "accumulated_operating_revenue_yoy": 3.1108273193356784, 
        "accumulated_operating_revenue": 2816232, 
        "long_term_average": 712982, 
        "date": "2014-04-30", 
        "operating_revenue": 881937, 
        "short_term_average": 740946
    }, 
    {
        "accumulated_operating_revenue_yoy": 5.503717864326622, 
        "accumulated_operating_revenue": 3679995, 
        "long_term_average": 721899, 
        "date": "2014-05-31", 
        "operating_revenue": 863763, 
        "short_term_average": 828047
    }, 
    {
        "accumulated_operating_revenue_yoy": 8.16884068898296, 
        "accumulated_operating_revenue": 4547788, 
        "long_term_average": 734522, 
        "date": "2014-06-30", 
        "operating_revenue": 867793, 
        "short_term_average": 871164
    }, 
    {
        "accumulated_operating_revenue_yoy": 8.50504093963624, 
        "accumulated_operating_revenue": 5369245, 
        "long_term_average": 740973, 
        "date": "2014-07-31", 
        "operating_revenue": 821457, 
        "short_term_average": 851004
    }, 
    {
        "accumulated_operating_revenue_yoy": 10.159263894370818, 
        "accumulated_operating_revenue": 6310382, 
        "long_term_average": 754398, 
        "date": "2014-08-31", 
        "operating_revenue": 941137, 
        "short_term_average": 876795
    }, 
    {
        "accumulated_operating_revenue_yoy": 11.15629627315134, 
        "accumulated_operating_revenue": 7292859, 
        "long_term_average": 766897, 
        "date": "2014-09-30", 
        "operating_revenue": 982477, 
        "short_term_average": 915023
    }, 
    {
        "accumulated_operating_revenue_yoy": 12.952937582204482, 
        "accumulated_operating_revenue": 8215092, 
        "long_term_average": 784407, 
        "date": "2014-10-31", 
        "operating_revenue": 922233, 
        "short_term_average": 948615
    }, 
    {
        "accumulated_operating_revenue_yoy": 14.5327549367296, 
        "accumulated_operating_revenue": 9115678, 
        "long_term_average": 802290, 
        "date": "2014-11-30", 
        "operating_revenue": 900586, 
        "short_term_average": 935098
    }, 
    {
        "accumulated_operating_revenue_yoy": 16.22020064173244, 
        "accumulated_operating_revenue": 9844804, 
        "long_term_average": 820400, 
        "date": "2014-12-31", 
        "operating_revenue": 729126, 
        "short_term_average": 850648
    }, 
    {
        "accumulated_operating_revenue_yoy": 14.000984169034403, 
        "accumulated_operating_revenue": 676475, 
        "long_term_average": 827323, 
        "date": "2015-01-31", 
        "operating_revenue": 676475, 
        "short_term_average": 768729
    }, 
    {
        "accumulated_operating_revenue_yoy": 3.9861053272389437, 
        "accumulated_operating_revenue": 1243522, 
        "long_term_average": 824372, 
        "date": "2015-02-28", 
        "operating_revenue": 567047, 
        "short_term_average": 657549
    }, 
    {
        "accumulated_operating_revenue_yoy": -0.0005686826466490375, 
        "accumulated_operating_revenue": 1934284, 
        "long_term_average": 820399, 
        "date": "2015-03-31", 
        "operating_revenue": 690762, 
        "short_term_average": 644761
    }, 
    {
        "accumulated_operating_revenue_yoy": -7.577429700394002, 
        "accumulated_operating_revenue": 2602834, 
        "long_term_average": 802617, 
        "date": "2015-04-30", 
        "operating_revenue": 668550, 
        "short_term_average": 642119
    }, 
    {
        "accumulated_operating_revenue_yoy": -13.347137699915354, 
        "accumulated_operating_revenue": 3188821, 
        "long_term_average": 779469, 
        "date": "2015-05-31", 
        "operating_revenue": 585987, 
        "short_term_average": 648433
    }, 
    {
        "accumulated_operating_revenue_yoy": -16.160010097216492, 
        "accumulated_operating_revenue": 3812865, 
        "long_term_average": 759156, 
        "date": "2015-06-30", 
        "operating_revenue": 624044, 
        "short_term_average": 626193
    }, 
    {
        "accumulated_operating_revenue_yoy": -15.451874518670689, 
        "accumulated_operating_revenue": 4539596, 
        "long_term_average": 751262, 
        "date": "2015-07-31", 
        "operating_revenue": 726731, 
        "short_term_average": 645587
    }, 
    {
        "accumulated_operating_revenue_yoy": -16.186563666034797, 
        "accumulated_operating_revenue": 5288948, 
        "long_term_average": 735280, 
        "date": "2015-08-31", 
        "operating_revenue": 749352, 
        "short_term_average": 700042
    }
]