[
    {
        "date": "2012-01-31", 
        "operating_revenue": 52460, 
        "accumulated_operating_revenue": 52460, 
        "long_term_average": 52460, 
        "short_term_average": 52460
    }, 
    {
        "date": "2012-02-29", 
        "operating_revenue": 52648, 
        "accumulated_operating_revenue": 105108, 
        "long_term_average": 52554, 
        "short_term_average": 52554
    }, 
    {
        "date": "2012-03-31", 
        "operating_revenue": 46562, 
        "accumulated_operating_revenue": 151670, 
        "long_term_average": 50556, 
        "short_term_average": 50556
    }, 
    {
        "date": "2012-04-30", 
        "operating_revenue": 58138, 
        "accumulated_operating_revenue": 209808, 
        "long_term_average": 52452, 
        "short_term_average": 52449
    }, 
    {
        "date": "2012-05-31", 
        "operating_revenue": 61832, 
        "accumulated_operating_revenue": 271640, 
        "long_term_average": 54328, 
        "short_term_average": 55510
    }, 
    {
        "date": "2012-06-30", 
        "operating_revenue": 60596, 
        "accumulated_operating_revenue": 332236, 
        "long_term_average": 55372, 
        "short_term_average": 60188
    }, 
    {
        "date": "2012-07-31", 
        "operating_revenue": 68704, 
        "accumulated_operating_revenue": 400940, 
        "long_term_average": 57277, 
        "short_term_average": 63710
    }, 
    {
        "date": "2012-08-31", 
        "operating_revenue": 56264, 
        "accumulated_operating_revenue": 457204, 
        "long_term_average": 57150, 
        "short_term_average": 61854
    }, 
    {
        "date": "2012-09-30", 
        "operating_revenue": 54179, 
        "accumulated_operating_revenue": 511383, 
        "long_term_average": 56820, 
        "short_term_average": 59715
    }, 
    {
        "date": "2012-10-31", 
        "operating_revenue": 46684, 
        "accumulated_operating_revenue": 558067, 
        "long_term_average": 55806, 
        "short_term_average": 52375
    }, 
    {
        "date": "2012-11-30", 
        "operating_revenue": 46647, 
        "accumulated_operating_revenue": 604714, 
        "long_term_average": 54974, 
        "short_term_average": 49170
    }, 
    {
        "date": "2012-12-31", 
        "operating_revenue": 58259, 
        "accumulated_operating_revenue": 662973, 
        "long_term_average": 55247, 
        "short_term_average": 50530
    }, 
    {
        "accumulated_operating_revenue_yoy": 17.640106747998473, 
        "accumulated_operating_revenue": 61714, 
        "long_term_average": 56018, 
        "date": "2013-01-31", 
        "operating_revenue": 61714, 
        "short_term_average": 55540
    }, 
    {
        "accumulated_operating_revenue_yoy": 7.431403889332877, 
        "accumulated_operating_revenue": 112919, 
        "long_term_average": 55898, 
        "date": "2013-02-28", 
        "operating_revenue": 51205, 
        "short_term_average": 57059
    }, 
    {
        "accumulated_operating_revenue_yoy": 27.52818619371003, 
        "accumulated_operating_revenue": 193422, 
        "long_term_average": 58727, 
        "date": "2013-03-31", 
        "operating_revenue": 80503, 
        "short_term_average": 64474
    }, 
    {
        "accumulated_operating_revenue_yoy": 28.553725310760314, 
        "accumulated_operating_revenue": 269716, 
        "long_term_average": 60240, 
        "date": "2013-04-30", 
        "operating_revenue": 76294, 
        "short_term_average": 69334
    }, 
    {
        "accumulated_operating_revenue_yoy": 28.686496834045062, 
        "accumulated_operating_revenue": 349564, 
        "long_term_average": 61741, 
        "date": "2013-05-31", 
        "operating_revenue": 79848, 
        "short_term_average": 78881
    }, 
    {
        "accumulated_operating_revenue_yoy": 24.493131388531044, 
        "accumulated_operating_revenue": 413611, 
        "long_term_average": 62029, 
        "date": "2013-06-30", 
        "operating_revenue": 64047, 
        "short_term_average": 73396
    }, 
    {
        "accumulated_operating_revenue_yoy": 21.262034219583978, 
        "accumulated_operating_revenue": 486188, 
        "long_term_average": 62351, 
        "date": "2013-07-31", 
        "operating_revenue": 72577, 
        "short_term_average": 72157
    }, 
    {
        "accumulated_operating_revenue_yoy": 24.346462410652574, 
        "accumulated_operating_revenue": 568517, 
        "long_term_average": 64523, 
        "date": "2013-08-31", 
        "operating_revenue": 82329, 
        "short_term_average": 72984
    }, 
    {
        "accumulated_operating_revenue_yoy": 24.95174849379037, 
        "accumulated_operating_revenue": 638982, 
        "long_term_average": 65881, 
        "date": "2013-09-30", 
        "operating_revenue": 70465, 
        "short_term_average": 75123
    }, 
    {
        "accumulated_operating_revenue_yoy": 28.710710362734225, 
        "accumulated_operating_revenue": 718292, 
        "long_term_average": 68599, 
        "date": "2013-10-31", 
        "operating_revenue": 79310, 
        "short_term_average": 77368
    }, 
    {
        "accumulated_operating_revenue_yoy": 31.53325373647708, 
        "accumulated_operating_revenue": 795400, 
        "long_term_average": 71138, 
        "date": "2013-11-30", 
        "operating_revenue": 77108, 
        "short_term_average": 75627
    }, 
    {
        "accumulated_operating_revenue_yoy": 31.499925336325912, 
        "accumulated_operating_revenue": 871809, 
        "long_term_average": 72650, 
        "date": "2013-12-31", 
        "operating_revenue": 76409, 
        "short_term_average": 77609
    }, 
    {
        "accumulated_operating_revenue_yoy": 14.40191852740059, 
        "accumulated_operating_revenue": 70602, 
        "long_term_average": 73391, 
        "date": "2014-01-31", 
        "operating_revenue": 70602, 
        "short_term_average": 74706
    }, 
    {
        "accumulated_operating_revenue_yoy": 25.648473684676627, 
        "accumulated_operating_revenue": 141881, 
        "long_term_average": 75064, 
        "date": "2014-02-28", 
        "operating_revenue": 71279, 
        "short_term_average": 72763
    }, 
    {
        "accumulated_operating_revenue_yoy": 26.352741673646225, 
        "accumulated_operating_revenue": 244394, 
        "long_term_average": 76898, 
        "date": "2014-03-31", 
        "operating_revenue": 102513, 
        "short_term_average": 81464
    }, 
    {
        "accumulated_operating_revenue_yoy": 15.474795711044209, 
        "accumulated_operating_revenue": 311454, 
        "long_term_average": 76128, 
        "date": "2014-04-30", 
        "operating_revenue": 67060, 
        "short_term_average": 80284
    }, 
    {
        "accumulated_operating_revenue_yoy": 10.784291288576627, 
        "accumulated_operating_revenue": 387262, 
        "long_term_average": 75792, 
        "date": "2014-05-31", 
        "operating_revenue": 75808, 
        "short_term_average": 81793
    }, 
    {
        "accumulated_operating_revenue_yoy": 13.600218562852534, 
        "accumulated_operating_revenue": 469863, 
        "long_term_average": 77338, 
        "date": "2014-06-30", 
        "operating_revenue": 82601, 
        "short_term_average": 75156
    }, 
    {
        "accumulated_operating_revenue_yoy": 12.22634042798259, 
        "accumulated_operating_revenue": 545631, 
        "long_term_average": 77604, 
        "date": "2014-07-31", 
        "operating_revenue": 75768, 
        "short_term_average": 78059
    }, 
    {
        "accumulated_operating_revenue_yoy": 10.737937475924204, 
        "accumulated_operating_revenue": 629564, 
        "long_term_average": 77738, 
        "date": "2014-08-31", 
        "operating_revenue": 83933, 
        "short_term_average": 80767
    }, 
    {
        "accumulated_operating_revenue_yoy": 11.69266113912442, 
        "accumulated_operating_revenue": 713696, 
        "long_term_average": 78876, 
        "date": "2014-09-30", 
        "operating_revenue": 84132, 
        "short_term_average": 81277
    }, 
    {
        "accumulated_operating_revenue_yoy": 10.905314273303892, 
        "accumulated_operating_revenue": 796624, 
        "long_term_average": 79178, 
        "date": "2014-10-31", 
        "operating_revenue": 82928, 
        "short_term_average": 83664
    }, 
    {
        "accumulated_operating_revenue_yoy": 10.288408348001006, 
        "accumulated_operating_revenue": 877234, 
        "long_term_average": 79470, 
        "date": "2014-11-30", 
        "operating_revenue": 80610, 
        "short_term_average": 82556
    }, 
    {
        "accumulated_operating_revenue_yoy": 10.082368959255984, 
        "accumulated_operating_revenue": 959708, 
        "long_term_average": 79975, 
        "date": "2014-12-31", 
        "operating_revenue": 82474, 
        "short_term_average": 82004
    }, 
    {
        "accumulated_operating_revenue_yoy": 27.099798872553187, 
        "accumulated_operating_revenue": 89735, 
        "long_term_average": 81570, 
        "date": "2015-01-31", 
        "operating_revenue": 89735, 
        "short_term_average": 84273
    }, 
    {
        "accumulated_operating_revenue_yoy": 8.41832239693828, 
        "accumulated_operating_revenue": 153825, 
        "long_term_average": 80971, 
        "date": "2015-02-28", 
        "operating_revenue": 64090, 
        "short_term_average": 78766
    }, 
    {
        "accumulated_operating_revenue_yoy": -9.062415607584475, 
        "accumulated_operating_revenue": 222246, 
        "long_term_average": 78130, 
        "date": "2015-03-31", 
        "operating_revenue": 68421, 
        "short_term_average": 74082
    }, 
    {
        "accumulated_operating_revenue_yoy": -2.9506765043955125, 
        "accumulated_operating_revenue": 302264, 
        "long_term_average": 79209, 
        "date": "2015-04-30", 
        "operating_revenue": 80018, 
        "short_term_average": 70843
    }, 
    {
        "accumulated_operating_revenue_yoy": -2.224075690359498, 
        "accumulated_operating_revenue": 378649, 
        "long_term_average": 79257, 
        "date": "2015-05-31", 
        "operating_revenue": 76385, 
        "short_term_average": 74941
    }, 
    {
        "accumulated_operating_revenue_yoy": 2.6092712130982862, 
        "accumulated_operating_revenue": 482123, 
        "long_term_average": 80997, 
        "date": "2015-06-30", 
        "operating_revenue": 103474, 
        "short_term_average": 86625
    }, 
    {
        "accumulated_operating_revenue_yoy": 10.875298507599458, 
        "accumulated_operating_revenue": 604970, 
        "long_term_average": 84920, 
        "date": "2015-07-31", 
        "operating_revenue": 122847, 
        "short_term_average": 100902
    }, 
    {
        "accumulated_operating_revenue_yoy": 16.030935695179522, 
        "accumulated_operating_revenue": 730489, 
        "long_term_average": 88386, 
        "date": "2015-08-31", 
        "operating_revenue": 125519, 
        "short_term_average": 117280
    }, 
    {
        "accumulated_operating_revenue_yoy": 20.86238398421737, 
        "accumulated_operating_revenue": 862590, 
        "long_term_average": 92383, 
        "date": "2015-09-30", 
        "operating_revenue": 132101, 
        "short_term_average": 126822
    }
]