[
    {
        "date": "2012-01-31", 
        "operating_revenue": 70551, 
        "accumulated_operating_revenue": 70551, 
        "long_term_average": 70551, 
        "short_term_average": 70551
    }, 
    {
        "date": "2012-02-29", 
        "operating_revenue": 78807, 
        "accumulated_operating_revenue": 149358, 
        "long_term_average": 74679, 
        "short_term_average": 74679
    }, 
    {
        "date": "2012-03-31", 
        "operating_revenue": 105344, 
        "accumulated_operating_revenue": 254702, 
        "long_term_average": 84900, 
        "short_term_average": 84900
    }, 
    {
        "date": "2012-04-30", 
        "operating_revenue": 123005, 
        "accumulated_operating_revenue": 377707, 
        "long_term_average": 94426, 
        "short_term_average": 102385
    }, 
    {
        "date": "2012-05-31", 
        "operating_revenue": 86060, 
        "accumulated_operating_revenue": 463767, 
        "long_term_average": 92753, 
        "short_term_average": 104803
    }, 
    {
        "date": "2012-06-30", 
        "operating_revenue": 108376, 
        "accumulated_operating_revenue": 572143, 
        "long_term_average": 95357, 
        "short_term_average": 105813
    }, 
    {
        "date": "2012-07-31", 
        "operating_revenue": 111247, 
        "accumulated_operating_revenue": 683390, 
        "long_term_average": 97627, 
        "short_term_average": 101894
    }, 
    {
        "date": "2012-08-31", 
        "operating_revenue": 160132, 
        "accumulated_operating_revenue": 843522, 
        "long_term_average": 105440, 
        "short_term_average": 126585
    }, 
    {
        "date": "2012-09-30", 
        "operating_revenue": 88255, 
        "accumulated_operating_revenue": 931777, 
        "long_term_average": 103530, 
        "short_term_average": 119878
    }, 
    {
        "date": "2012-10-31", 
        "operating_revenue": 111453, 
        "accumulated_operating_revenue": 1043230, 
        "long_term_average": 104323, 
        "short_term_average": 119946
    }, 
    {
        "date": "2012-11-30", 
        "operating_revenue": 108311, 
        "accumulated_operating_revenue": 1151541, 
        "long_term_average": 104685, 
        "short_term_average": 102673
    }, 
    {
        "date": "2012-12-31", 
        "operating_revenue": 85933, 
        "accumulated_operating_revenue": 1237474, 
        "long_term_average": 103122, 
        "short_term_average": 101899
    }, 
    {
        "accumulated_operating_revenue_yoy": 43.26232087426117, 
        "accumulated_operating_revenue": 101073, 
        "long_term_average": 105666, 
        "date": "2013-01-31", 
        "operating_revenue": 101073, 
        "short_term_average": 98439
    }, 
    {
        "accumulated_operating_revenue_yoy": 20.608203109307837, 
        "accumulated_operating_revenue": 180138, 
        "long_term_average": 105687, 
        "date": "2013-02-28", 
        "operating_revenue": 79065, 
        "short_term_average": 88690
    }, 
    {
        "accumulated_operating_revenue_yoy": 18.008496203406335, 
        "accumulated_operating_revenue": 300570, 
        "long_term_average": 106945, 
        "date": "2013-03-31", 
        "operating_revenue": 120432, 
        "short_term_average": 100190
    }, 
    {
        "accumulated_operating_revenue_yoy": 6.091229445046028, 
        "accumulated_operating_revenue": 400714, 
        "long_term_average": 105040, 
        "date": "2013-04-30", 
        "operating_revenue": 100144, 
        "short_term_average": 99880
    }, 
    {
        "accumulated_operating_revenue_yoy": 8.652836445887697, 
        "accumulated_operating_revenue": 503896, 
        "long_term_average": 106466, 
        "date": "2013-05-31", 
        "operating_revenue": 103182, 
        "short_term_average": 107919
    }, 
    {
        "accumulated_operating_revenue_yoy": 9.388561950421485, 
        "accumulated_operating_revenue": 625859, 
        "long_term_average": 107599, 
        "date": "2013-06-30", 
        "operating_revenue": 121963, 
        "short_term_average": 108429
    }, 
    {
        "accumulated_operating_revenue_yoy": 6.768463103059746, 
        "accumulated_operating_revenue": 729645, 
        "long_term_average": 106977, 
        "date": "2013-07-31", 
        "operating_revenue": 103786, 
        "short_term_average": 109643
    }, 
    {
        "accumulated_operating_revenue_yoy": 2.0019631971661673, 
        "accumulated_operating_revenue": 860409, 
        "long_term_average": 104530, 
        "date": "2013-08-31", 
        "operating_revenue": 130764, 
        "short_term_average": 118837
    }, 
    {
        "accumulated_operating_revenue_yoy": 4.791167843808122, 
        "accumulated_operating_revenue": 976420, 
        "long_term_average": 106843, 
        "date": "2013-09-30", 
        "operating_revenue": 116011, 
        "short_term_average": 116853
    }, 
    {
        "accumulated_operating_revenue_yoy": 4.22409248200301, 
        "accumulated_operating_revenue": 1087297, 
        "long_term_average": 106795, 
        "date": "2013-10-31", 
        "operating_revenue": 110877, 
        "short_term_average": 119217
    }, 
    {
        "accumulated_operating_revenue_yoy": 0.8324497347467437, 
        "accumulated_operating_revenue": 1161127, 
        "long_term_average": 103921, 
        "date": "2013-11-30", 
        "operating_revenue": 73830, 
        "short_term_average": 100239
    }, 
    {
        "accumulated_operating_revenue_yoy": -0.8167444326103014, 
        "accumulated_operating_revenue": 1227367, 
        "long_term_average": 102280, 
        "date": "2013-12-31", 
        "operating_revenue": 66240, 
        "short_term_average": 83649
    }, 
    {
        "accumulated_operating_revenue_yoy": -15.478911281944733, 
        "accumulated_operating_revenue": 85428, 
        "long_term_average": 100976, 
        "date": "2014-01-31", 
        "operating_revenue": 85428, 
        "short_term_average": 75166
    }, 
    {
        "accumulated_operating_revenue_yoy": -18.660138338385014, 
        "accumulated_operating_revenue": 146524, 
        "long_term_average": 99479, 
        "date": "2014-02-28", 
        "operating_revenue": 61096, 
        "short_term_average": 70921
    }, 
    {
        "accumulated_operating_revenue_yoy": -32.05908773330672, 
        "accumulated_operating_revenue": 204210, 
        "long_term_average": 94250, 
        "date": "2014-03-31", 
        "operating_revenue": 57686, 
        "short_term_average": 68070
    }, 
    {
        "accumulated_operating_revenue_yoy": -29.29346117180832, 
        "accumulated_operating_revenue": 283331, 
        "long_term_average": 92498, 
        "date": "2014-04-30", 
        "operating_revenue": 79121, 
        "short_term_average": 65967
    }, 
    {
        "accumulated_operating_revenue_yoy": -29.395549875371106, 
        "accumulated_operating_revenue": 355773, 
        "long_term_average": 89937, 
        "date": "2014-05-31", 
        "operating_revenue": 72442, 
        "short_term_average": 69749
    }, 
    {
        "accumulated_operating_revenue_yoy": -29.044081813954904, 
        "accumulated_operating_revenue": 444084, 
        "long_term_average": 87132, 
        "date": "2014-06-30", 
        "operating_revenue": 88311, 
        "short_term_average": 79958
    }, 
    {
        "accumulated_operating_revenue_yoy": -24.76875740942513, 
        "accumulated_operating_revenue": 548921, 
        "long_term_average": 87220, 
        "date": "2014-07-31", 
        "operating_revenue": 104837, 
        "short_term_average": 88530
    }, 
    {
        "accumulated_operating_revenue_yoy": -25.137812365979435, 
        "accumulated_operating_revenue": 644121, 
        "long_term_average": 84256, 
        "date": "2014-08-31", 
        "operating_revenue": 95200, 
        "short_term_average": 96116
    }, 
    {
        "accumulated_operating_revenue_yoy": -22.8312611376252, 
        "accumulated_operating_revenue": 753491, 
        "long_term_average": 83703, 
        "date": "2014-09-30", 
        "operating_revenue": 109370, 
        "short_term_average": 103135
    }, 
    {
        "accumulated_operating_revenue_yoy": -25.384048700585026, 
        "accumulated_operating_revenue": 811297, 
        "long_term_average": 79280, 
        "date": "2014-10-31", 
        "operating_revenue": 57806, 
        "short_term_average": 87458
    }, 
    {
        "accumulated_operating_revenue_yoy": -24.326021184590488, 
        "accumulated_operating_revenue": 878671, 
        "long_term_average": 78742, 
        "date": "2014-11-30", 
        "operating_revenue": 67374, 
        "short_term_average": 78183
    }, 
    {
        "accumulated_operating_revenue_yoy": -23.236326217015772, 
        "accumulated_operating_revenue": 942172, 
        "long_term_average": 78514, 
        "date": "2014-12-31", 
        "operating_revenue": 63501, 
        "short_term_average": 62893
    }, 
    {
        "accumulated_operating_revenue_yoy": 3.6229339326684458, 
        "accumulated_operating_revenue": 88523, 
        "long_term_average": 78772, 
        "date": "2015-01-31", 
        "operating_revenue": 88523, 
        "short_term_average": 73132
    }, 
    {
        "accumulated_operating_revenue_yoy": 13.343206573667112, 
        "accumulated_operating_revenue": 166075, 
        "long_term_average": 80143, 
        "date": "2015-02-28", 
        "operating_revenue": 77552, 
        "short_term_average": 76525
    }, 
    {
        "accumulated_operating_revenue_yoy": 8.898682728563735, 
        "accumulated_operating_revenue": 222382, 
        "long_term_average": 80028, 
        "date": "2015-03-31", 
        "operating_revenue": 56307, 
        "short_term_average": 74127
    }, 
    {
        "accumulated_operating_revenue_yoy": -1.9256629172240243, 
        "accumulated_operating_revenue": 277875, 
        "long_term_average": 78059, 
        "date": "2015-04-30", 
        "operating_revenue": 55493, 
        "short_term_average": 63117
    }, 
    {
        "accumulated_operating_revenue_yoy": -13.016164801713453, 
        "accumulated_operating_revenue": 309465, 
        "long_term_average": 74655, 
        "date": "2015-05-31", 
        "operating_revenue": 31590, 
        "short_term_average": 47796
    }, 
    {
        "accumulated_operating_revenue_yoy": -16.207068932904587, 
        "accumulated_operating_revenue": 372111, 
        "long_term_average": 72516, 
        "date": "2015-06-30", 
        "operating_revenue": 62646, 
        "short_term_average": 49909
    }, 
    {
        "accumulated_operating_revenue_yoy": -25.306009425764366, 
        "accumulated_operating_revenue": 410011, 
        "long_term_average": 66938, 
        "date": "2015-07-31", 
        "operating_revenue": 37900, 
        "short_term_average": 44045
    }, 
    {
        "accumulated_operating_revenue_yoy": -29.72329733078102, 
        "accumulated_operating_revenue": 452667, 
        "long_term_average": 62559, 
        "date": "2015-08-31", 
        "operating_revenue": 42656, 
        "short_term_average": 47734
    }, 
    {
        "accumulated_operating_revenue_yoy": -31.289557539506113, 
        "accumulated_operating_revenue": 517727, 
        "long_term_average": 58867, 
        "date": "2015-09-30", 
        "operating_revenue": 65060, 
        "short_term_average": 48538
    }
]