[
    {
        "date": "2011-09-30", 
        "operating_revenue": 150423, 
        "accumulated_operating_revenue": 150423, 
        "long_term_average": 150423, 
        "short_term_average": 150423
    }, 
    {
        "date": "2011-10-31", 
        "operating_revenue": 130194, 
        "accumulated_operating_revenue": 280617, 
        "long_term_average": 140308, 
        "short_term_average": 140308
    }, 
    {
        "date": "2011-11-30", 
        "operating_revenue": 136611, 
        "accumulated_operating_revenue": 417228, 
        "long_term_average": 139076, 
        "short_term_average": 139076
    }, 
    {
        "date": "2011-12-31", 
        "operating_revenue": 114482, 
        "accumulated_operating_revenue": 531710, 
        "long_term_average": 132927, 
        "short_term_average": 127095
    }, 
    {
        "date": "2012-01-31", 
        "operating_revenue": 74156, 
        "accumulated_operating_revenue": 74156, 
        "long_term_average": 121173, 
        "short_term_average": 108416
    }, 
    {
        "date": "2012-02-29", 
        "operating_revenue": 126867, 
        "accumulated_operating_revenue": 201023, 
        "long_term_average": 122122, 
        "short_term_average": 105168
    }, 
    {
        "date": "2012-03-31", 
        "operating_revenue": 141290, 
        "accumulated_operating_revenue": 342313, 
        "long_term_average": 124860, 
        "short_term_average": 114104
    }, 
    {
        "date": "2012-04-30", 
        "operating_revenue": 123503, 
        "accumulated_operating_revenue": 465816, 
        "long_term_average": 124690, 
        "short_term_average": 130553
    }, 
    {
        "date": "2012-05-31", 
        "operating_revenue": 125814, 
        "accumulated_operating_revenue": 591630, 
        "long_term_average": 124815, 
        "short_term_average": 130202
    }, 
    {
        "date": "2012-06-30", 
        "operating_revenue": 131907, 
        "accumulated_operating_revenue": 723537, 
        "long_term_average": 125524, 
        "short_term_average": 127074
    }, 
    {
        "date": "2012-07-31", 
        "operating_revenue": 114638, 
        "accumulated_operating_revenue": 838175, 
        "long_term_average": 124535, 
        "short_term_average": 124119
    }, 
    {
        "date": "2012-08-31", 
        "operating_revenue": 138037, 
        "accumulated_operating_revenue": 976212, 
        "long_term_average": 125660, 
        "short_term_average": 128194
    }, 
    {
        "accumulated_operating_revenue_yoy": 631.3921408295274, 
        "accumulated_operating_revenue": 1100182, 
        "long_term_average": 123455, 
        "date": "2012-09-30", 
        "operating_revenue": 123970, 
        "short_term_average": 125548
    }, 
    {
        "accumulated_operating_revenue_yoy": 326.4160760039485, 
        "accumulated_operating_revenue": 1196596, 
        "long_term_average": 120640, 
        "date": "2012-10-31", 
        "operating_revenue": 96414, 
        "short_term_average": 119473
    }, 
    {
        "accumulated_operating_revenue_yoy": 212.21562311254277, 
        "accumulated_operating_revenue": 1302651, 
        "long_term_average": 118094, 
        "date": "2012-11-30", 
        "operating_revenue": 106055, 
        "short_term_average": 108813
    }, 
    {
        "accumulated_operating_revenue_yoy": 166.369073367061, 
        "accumulated_operating_revenue": 1416311, 
        "long_term_average": 118025, 
        "date": "2012-12-31", 
        "operating_revenue": 113660, 
        "short_term_average": 105376
    }, 
    {
        "accumulated_operating_revenue_yoy": 69.66530017800314, 
        "accumulated_operating_revenue": 125817, 
        "long_term_average": 122331, 
        "date": "2013-01-31", 
        "operating_revenue": 125817, 
        "short_term_average": 115177
    }, 
    {
        "accumulated_operating_revenue_yoy": -8.32690786626406, 
        "accumulated_operating_revenue": 184284, 
        "long_term_average": 116631, 
        "date": "2013-02-28", 
        "operating_revenue": 58467, 
        "short_term_average": 99314
    }, 
    {
        "accumulated_operating_revenue_yoy": -15.706093545965242, 
        "accumulated_operating_revenue": 288549, 
        "long_term_average": 113545, 
        "date": "2013-03-31", 
        "operating_revenue": 104265, 
        "short_term_average": 96183
    }, 
    {
        "accumulated_operating_revenue_yoy": -11.609304961615745, 
        "accumulated_operating_revenue": 411738, 
        "long_term_average": 113519, 
        "date": "2013-04-30", 
        "operating_revenue": 123189, 
        "short_term_average": 95307
    }, 
    {
        "accumulated_operating_revenue_yoy": -10.8317698561601, 
        "accumulated_operating_revenue": 527546, 
        "long_term_average": 112685, 
        "date": "2013-05-31", 
        "operating_revenue": 115808, 
        "short_term_average": 114420
    }, 
    {
        "accumulated_operating_revenue_yoy": -12.774882279689912, 
        "accumulated_operating_revenue": 631106, 
        "long_term_average": 110323, 
        "date": "2013-06-30", 
        "operating_revenue": 103560, 
        "short_term_average": 114185
    }, 
    {
        "accumulated_operating_revenue_yoy": -10.32815342857995, 
        "accumulated_operating_revenue": 751607, 
        "long_term_average": 110811, 
        "date": "2013-07-31", 
        "operating_revenue": 120501, 
        "short_term_average": 113289
    }, 
    {
        "accumulated_operating_revenue_yoy": -11.20729923418274, 
        "accumulated_operating_revenue": 866805, 
        "long_term_average": 108908, 
        "date": "2013-08-31", 
        "operating_revenue": 115198, 
        "short_term_average": 113086
    }, 
    {
        "accumulated_operating_revenue_yoy": -11.290131996342422, 
        "accumulated_operating_revenue": 975970, 
        "long_term_average": 107674, 
        "date": "2013-09-30", 
        "operating_revenue": 109165, 
        "short_term_average": 114954
    }, 
    {
        "accumulated_operating_revenue_yoy": -9.162073080638745, 
        "accumulated_operating_revenue": 1086963, 
        "long_term_average": 108889, 
        "date": "2013-10-31", 
        "operating_revenue": 110993, 
        "short_term_average": 111785
    }, 
    {
        "accumulated_operating_revenue_yoy": -7.349167198274903, 
        "accumulated_operating_revenue": 1206917, 
        "long_term_average": 110048, 
        "date": "2013-11-30", 
        "operating_revenue": 119954, 
        "short_term_average": 113370
    }, 
    {
        "accumulated_operating_revenue_yoy": -6.2056991720038885, 
        "accumulated_operating_revenue": 1328419, 
        "long_term_average": 110701, 
        "date": "2013-12-31", 
        "operating_revenue": 121502, 
        "short_term_average": 117483
    }, 
    {
        "accumulated_operating_revenue_yoy": -9.728415079043371, 
        "accumulated_operating_revenue": 113577, 
        "long_term_average": 109681, 
        "date": "2014-01-31", 
        "operating_revenue": 113577, 
        "short_term_average": 118344
    }, 
    {
        "accumulated_operating_revenue_yoy": 5.676021792450783, 
        "accumulated_operating_revenue": 194744, 
        "long_term_average": 111573, 
        "date": "2014-02-28", 
        "operating_revenue": 81167, 
        "short_term_average": 105415
    }, 
    {
        "accumulated_operating_revenue_yoy": 6.011110764549522, 
        "accumulated_operating_revenue": 305894, 
        "long_term_average": 112147, 
        "date": "2014-03-31", 
        "operating_revenue": 111150, 
        "short_term_average": 101964
    }, 
    {
        "accumulated_operating_revenue_yoy": 3.5099990770829996, 
        "accumulated_operating_revenue": 426190, 
        "long_term_average": 111905, 
        "date": "2014-04-30", 
        "operating_revenue": 120296, 
        "short_term_average": 104204
    }, 
    {
        "accumulated_operating_revenue_yoy": 2.3021689103888567, 
        "accumulated_operating_revenue": 539691, 
        "long_term_average": 111713, 
        "date": "2014-05-31", 
        "operating_revenue": 113501, 
        "short_term_average": 114982
    }, 
    {
        "accumulated_operating_revenue_yoy": 1.966706068394216, 
        "accumulated_operating_revenue": 643518, 
        "long_term_average": 111735, 
        "date": "2014-06-30", 
        "operating_revenue": 103827, 
        "short_term_average": 112541
    }, 
    {
        "accumulated_operating_revenue_yoy": 0.5210169676439949, 
        "accumulated_operating_revenue": 755523, 
        "long_term_average": 111027, 
        "date": "2014-07-31", 
        "operating_revenue": 112005, 
        "short_term_average": 109777
    }, 
    {
        "accumulated_operating_revenue_yoy": -0.7533412936012136, 
        "accumulated_operating_revenue": 860275, 
        "long_term_average": 110157, 
        "date": "2014-08-31", 
        "operating_revenue": 104752, 
        "short_term_average": 106861
    }, 
    {
        "accumulated_operating_revenue_yoy": -0.7169277744192957, 
        "accumulated_operating_revenue": 968973, 
        "long_term_average": 110118, 
        "date": "2014-09-30", 
        "operating_revenue": 108698, 
        "short_term_average": 108485
    }, 
    {
        "accumulated_operating_revenue_yoy": -1.582114570597159, 
        "accumulated_operating_revenue": 1069766, 
        "long_term_average": 109268, 
        "date": "2014-10-31", 
        "operating_revenue": 100793, 
        "short_term_average": 104747
    }, 
    {
        "accumulated_operating_revenue_yoy": -3.564122470724996, 
        "accumulated_operating_revenue": 1163901, 
        "long_term_average": 107116, 
        "date": "2014-11-30", 
        "operating_revenue": 94135, 
        "short_term_average": 101208
    }, 
    {
        "accumulated_operating_revenue_yoy": -4.532304942943454, 
        "accumulated_operating_revenue": 1268211, 
        "long_term_average": 105684, 
        "date": "2014-12-31", 
        "operating_revenue": 104310, 
        "short_term_average": 99746
    }, 
    {
        "accumulated_operating_revenue_yoy": 2.3138487545893973, 
        "accumulated_operating_revenue": 116205, 
        "long_term_average": 105903, 
        "date": "2015-01-31", 
        "operating_revenue": 116205, 
        "short_term_average": 104883
    }, 
    {
        "accumulated_operating_revenue_yoy": -3.7865094688411456, 
        "accumulated_operating_revenue": 187370, 
        "long_term_average": 105069, 
        "date": "2015-02-28", 
        "operating_revenue": 71165, 
        "short_term_average": 97226
    }, 
    {
        "accumulated_operating_revenue_yoy": -8.915833589413326, 
        "accumulated_operating_revenue": 278621, 
        "long_term_average": 103411, 
        "date": "2015-03-31", 
        "operating_revenue": 91251, 
        "short_term_average": 92873
    }, 
    {
        "accumulated_operating_revenue_yoy": -14.490954738496914, 
        "accumulated_operating_revenue": 364431, 
        "long_term_average": 100537, 
        "date": "2015-04-30", 
        "operating_revenue": 85810, 
        "short_term_average": 82742
    }, 
    {
        "accumulated_operating_revenue_yoy": -18.36662089973707, 
        "accumulated_operating_revenue": 440568, 
        "long_term_average": 97424, 
        "date": "2015-05-31", 
        "operating_revenue": 76137, 
        "short_term_average": 84399
    }, 
    {
        "accumulated_operating_revenue_yoy": -18.560009199431875, 
        "accumulated_operating_revenue": 524081, 
        "long_term_average": 95731, 
        "date": "2015-06-30", 
        "operating_revenue": 83513, 
        "short_term_average": 81820
    }, 
    {
        "accumulated_operating_revenue_yoy": -16.46515063075512, 
        "accumulated_operating_revenue": 631125, 
        "long_term_average": 95317, 
        "date": "2015-07-31", 
        "operating_revenue": 107044, 
        "short_term_average": 88898
    }, 
    {
        "accumulated_operating_revenue_yoy": -14.274853971113888, 
        "accumulated_operating_revenue": 737472, 
        "long_term_average": 95450, 
        "date": "2015-08-31", 
        "operating_revenue": 106347, 
        "short_term_average": 98968
    }, 
    {
        "accumulated_operating_revenue_yoy": -12.620475493125197, 
        "accumulated_operating_revenue": 846684, 
        "long_term_average": 95493, 
        "date": "2015-09-30", 
        "operating_revenue": 109212, 
        "short_term_average": 107534
    }
]