[
    {
        "date": "2012-01-31", 
        "operating_revenue": 27389, 
        "accumulated_operating_revenue": 27389, 
        "long_term_average": 27389, 
        "short_term_average": 27389
    }, 
    {
        "date": "2012-02-29", 
        "operating_revenue": 48740, 
        "accumulated_operating_revenue": 76129, 
        "long_term_average": 38064, 
        "short_term_average": 38064
    }, 
    {
        "date": "2012-03-31", 
        "operating_revenue": 37636, 
        "accumulated_operating_revenue": 113765, 
        "long_term_average": 37921, 
        "short_term_average": 37921
    }, 
    {
        "date": "2012-04-30", 
        "operating_revenue": 49080, 
        "accumulated_operating_revenue": 162845, 
        "long_term_average": 40711, 
        "short_term_average": 45152
    }, 
    {
        "date": "2012-05-31", 
        "operating_revenue": 73059, 
        "accumulated_operating_revenue": 235904, 
        "long_term_average": 47180, 
        "short_term_average": 53258
    }, 
    {
        "date": "2012-06-30", 
        "operating_revenue": 62564, 
        "accumulated_operating_revenue": 298468, 
        "long_term_average": 49744, 
        "short_term_average": 61567
    }, 
    {
        "date": "2012-07-31", 
        "operating_revenue": 66252, 
        "accumulated_operating_revenue": 364720, 
        "long_term_average": 52102, 
        "short_term_average": 67291
    }, 
    {
        "date": "2012-08-31", 
        "operating_revenue": 55676, 
        "accumulated_operating_revenue": 420396, 
        "long_term_average": 52549, 
        "short_term_average": 61497
    }, 
    {
        "date": "2012-09-30", 
        "operating_revenue": 62968, 
        "accumulated_operating_revenue": 483364, 
        "long_term_average": 53707, 
        "short_term_average": 61632
    }, 
    {
        "date": "2012-10-31", 
        "operating_revenue": 85014, 
        "accumulated_operating_revenue": 568378, 
        "long_term_average": 56837, 
        "short_term_average": 67886
    }, 
    {
        "date": "2012-11-30", 
        "operating_revenue": 99878, 
        "accumulated_operating_revenue": 668256, 
        "long_term_average": 60750, 
        "short_term_average": 82620
    }, 
    {
        "date": "2012-12-31", 
        "operating_revenue": 68556, 
        "accumulated_operating_revenue": 736812, 
        "long_term_average": 61401, 
        "short_term_average": 84482
    }, 
    {
        "accumulated_operating_revenue_yoy": 265.3145423345138, 
        "accumulated_operating_revenue": 100056, 
        "long_term_average": 67456, 
        "date": "2013-01-31", 
        "operating_revenue": 100056, 
        "short_term_average": 89496
    }, 
    {
        "accumulated_operating_revenue_yoy": 124.26933231751369, 
        "accumulated_operating_revenue": 170734, 
        "long_term_average": 69284, 
        "date": "2013-02-28", 
        "operating_revenue": 70678, 
        "short_term_average": 79763
    }, 
    {
        "accumulated_operating_revenue_yoy": 110.90933063771811, 
        "accumulated_operating_revenue": 239941, 
        "long_term_average": 71915, 
        "date": "2013-03-31", 
        "operating_revenue": 69207, 
        "short_term_average": 79980
    }, 
    {
        "accumulated_operating_revenue_yoy": 97.59157481040252, 
        "accumulated_operating_revenue": 321768, 
        "long_term_average": 74644, 
        "date": "2013-04-30", 
        "operating_revenue": 81827, 
        "short_term_average": 73904
    }, 
    {
        "accumulated_operating_revenue_yoy": 70.99413320672816, 
        "accumulated_operating_revenue": 403382, 
        "long_term_average": 75357, 
        "date": "2013-05-31", 
        "operating_revenue": 81614, 
        "short_term_average": 77549
    }, 
    {
        "accumulated_operating_revenue_yoy": 52.83816020477907, 
        "accumulated_operating_revenue": 456173, 
        "long_term_average": 74543, 
        "date": "2013-06-30", 
        "operating_revenue": 52791, 
        "short_term_average": 72077
    }, 
    {
        "accumulated_operating_revenue_yoy": 43.279502083790305, 
        "accumulated_operating_revenue": 522569, 
        "long_term_average": 74555, 
        "date": "2013-07-31", 
        "operating_revenue": 66396, 
        "short_term_average": 66933
    }, 
    {
        "accumulated_operating_revenue_yoy": 40.580547864394525, 
        "accumulated_operating_revenue": 590995, 
        "long_term_average": 75617, 
        "date": "2013-08-31", 
        "operating_revenue": 68426, 
        "short_term_average": 62537
    }, 
    {
        "accumulated_operating_revenue_yoy": 35.65346198723943, 
        "accumulated_operating_revenue": 655700, 
        "long_term_average": 75762, 
        "date": "2013-09-30", 
        "operating_revenue": 64705, 
        "short_term_average": 66509
    }, 
    {
        "accumulated_operating_revenue_yoy": 25.979013966057803, 
        "accumulated_operating_revenue": 716037, 
        "long_term_average": 73705, 
        "date": "2013-10-31", 
        "operating_revenue": 60337, 
        "short_term_average": 64489
    }, 
    {
        "accumulated_operating_revenue_yoy": 11.657658142987119, 
        "accumulated_operating_revenue": 746159, 
        "long_term_average": 67892, 
        "date": "2013-11-30", 
        "operating_revenue": 30122, 
        "short_term_average": 51721
    }, 
    {
        "accumulated_operating_revenue_yoy": 4.97345320108793, 
        "accumulated_operating_revenue": 773457, 
        "long_term_average": 64454, 
        "date": "2013-12-31", 
        "operating_revenue": 27298, 
        "short_term_average": 39252
    }, 
    {
        "accumulated_operating_revenue_yoy": -66.7865995042776, 
        "accumulated_operating_revenue": 33232, 
        "long_term_average": 58886, 
        "date": "2014-01-31", 
        "operating_revenue": 33232, 
        "short_term_average": 30217
    }, 
    {
        "accumulated_operating_revenue_yoy": -59.70339826865182, 
        "accumulated_operating_revenue": 68800, 
        "long_term_average": 55960, 
        "date": "2014-02-28", 
        "operating_revenue": 35568, 
        "short_term_average": 32032
    }, 
    {
        "accumulated_operating_revenue_yoy": -52.75713612929845, 
        "accumulated_operating_revenue": 113355, 
        "long_term_average": 53905, 
        "date": "2014-03-31", 
        "operating_revenue": 44555, 
        "short_term_average": 37785
    }, 
    {
        "accumulated_operating_revenue_yoy": -48.543360433604335, 
        "accumulated_operating_revenue": 165571, 
        "long_term_average": 51438, 
        "date": "2014-04-30", 
        "operating_revenue": 52216, 
        "short_term_average": 44113
    }, 
    {
        "accumulated_operating_revenue_yoy": -45.643087693551024, 
        "accumulated_operating_revenue": 219266, 
        "long_term_average": 49111, 
        "date": "2014-05-31", 
        "operating_revenue": 53695, 
        "short_term_average": 50155
    }, 
    {
        "accumulated_operating_revenue_yoy": -41.245755448042736, 
        "accumulated_operating_revenue": 268021, 
        "long_term_average": 48775, 
        "date": "2014-06-30", 
        "operating_revenue": 48755, 
        "short_term_average": 51555
    }, 
    {
        "accumulated_operating_revenue_yoy": -39.89272230078708, 
        "accumulated_operating_revenue": 314102, 
        "long_term_average": 47082, 
        "date": "2014-07-31", 
        "operating_revenue": 46081, 
        "short_term_average": 49510
    }, 
    {
        "accumulated_operating_revenue_yoy": -38.88696181862791, 
        "accumulated_operating_revenue": 361175, 
        "long_term_average": 45303, 
        "date": "2014-08-31", 
        "operating_revenue": 47073, 
        "short_term_average": 47303
    }, 
    {
        "accumulated_operating_revenue_yoy": -37.35016013420772, 
        "accumulated_operating_revenue": 410795, 
        "long_term_average": 44046, 
        "date": "2014-09-30", 
        "operating_revenue": 49620, 
        "short_term_average": 47591
    }, 
    {
        "accumulated_operating_revenue_yoy": -37.242628523386365, 
        "accumulated_operating_revenue": 449366, 
        "long_term_average": 42232, 
        "date": "2014-10-31", 
        "operating_revenue": 38571, 
        "short_term_average": 45088
    }, 
    {
        "accumulated_operating_revenue_yoy": -34.65936884765847, 
        "accumulated_operating_revenue": 487545, 
        "long_term_average": 42903, 
        "date": "2014-11-30", 
        "operating_revenue": 38179, 
        "short_term_average": 42123
    }, 
    {
        "accumulated_operating_revenue_yoy": -29.625047029117326, 
        "accumulated_operating_revenue": 544320, 
        "long_term_average": 45360, 
        "date": "2014-12-31", 
        "operating_revenue": 56775, 
        "short_term_average": 44508
    }, 
    {
        "accumulated_operating_revenue_yoy": 82.06547905633124, 
        "accumulated_operating_revenue": 60504, 
        "long_term_average": 47632, 
        "date": "2015-01-31", 
        "operating_revenue": 60504, 
        "short_term_average": 51819
    }, 
    {
        "accumulated_operating_revenue_yoy": 60.39389534883721, 
        "accumulated_operating_revenue": 110351, 
        "long_term_average": 48822, 
        "date": "2015-02-28", 
        "operating_revenue": 49847, 
        "short_term_average": 55708
    }, 
    {
        "accumulated_operating_revenue_yoy": 61.19447752635525, 
        "accumulated_operating_revenue": 182722, 
        "long_term_average": 51140, 
        "date": "2015-03-31", 
        "operating_revenue": 72371, 
        "short_term_average": 60907
    }, 
    {
        "accumulated_operating_revenue_yoy": 45.430057196006544, 
        "accumulated_operating_revenue": 240790, 
        "long_term_average": 51628, 
        "date": "2015-04-30", 
        "operating_revenue": 58068, 
        "short_term_average": 60095
    }, 
    {
        "accumulated_operating_revenue_yoy": 83.92819680205777, 
        "accumulated_operating_revenue": 403292, 
        "long_term_average": 60695, 
        "date": "2015-05-31", 
        "operating_revenue": 162502, 
        "short_term_average": 97647
    }, 
    {
        "accumulated_operating_revenue_yoy": 88.11063312203147, 
        "accumulated_operating_revenue": 504176, 
        "long_term_average": 65039, 
        "date": "2015-06-30", 
        "operating_revenue": 100884, 
        "short_term_average": 107151
    }, 
    {
        "accumulated_operating_revenue_yoy": 89.67055287772762, 
        "accumulated_operating_revenue": 595759, 
        "long_term_average": 68831, 
        "date": "2015-07-31", 
        "operating_revenue": 91583, 
        "short_term_average": 118323
    }, 
    {
        "accumulated_operating_revenue_yoy": 78.21443898387209, 
        "accumulated_operating_revenue": 643666, 
        "long_term_average": 68900, 
        "date": "2015-08-31", 
        "operating_revenue": 47907, 
        "short_term_average": 80124
    }
]