[
    {
        "date": "2012-01-31", 
        "operating_revenue": 10380, 
        "accumulated_operating_revenue": 10380, 
        "long_term_average": 10380, 
        "short_term_average": 10380
    }, 
    {
        "date": "2012-02-29", 
        "operating_revenue": 24429, 
        "accumulated_operating_revenue": 34809, 
        "long_term_average": 17404, 
        "short_term_average": 17404
    }, 
    {
        "date": "2012-03-31", 
        "operating_revenue": 14520, 
        "accumulated_operating_revenue": 49329, 
        "long_term_average": 16443, 
        "short_term_average": 16443
    }, 
    {
        "date": "2012-04-30", 
        "operating_revenue": 15268, 
        "accumulated_operating_revenue": 64597, 
        "long_term_average": 16149, 
        "short_term_average": 18072
    }, 
    {
        "date": "2012-05-31", 
        "operating_revenue": 30923, 
        "accumulated_operating_revenue": 95520, 
        "long_term_average": 19104, 
        "short_term_average": 20237
    }, 
    {
        "date": "2012-06-30", 
        "operating_revenue": 11613, 
        "accumulated_operating_revenue": 107133, 
        "long_term_average": 17855, 
        "short_term_average": 19268
    }, 
    {
        "date": "2012-07-31", 
        "operating_revenue": 14193, 
        "accumulated_operating_revenue": 121326, 
        "long_term_average": 17332, 
        "short_term_average": 18909
    }, 
    {
        "date": "2012-08-31", 
        "operating_revenue": 15861, 
        "accumulated_operating_revenue": 137187, 
        "long_term_average": 17148, 
        "short_term_average": 13889
    }, 
    {
        "date": "2012-09-30", 
        "operating_revenue": 51638, 
        "accumulated_operating_revenue": 188825, 
        "long_term_average": 20980, 
        "short_term_average": 27230
    }, 
    {
        "date": "2012-10-31", 
        "operating_revenue": 32642, 
        "accumulated_operating_revenue": 221467, 
        "long_term_average": 22146, 
        "short_term_average": 33380
    }, 
    {
        "date": "2012-11-30", 
        "operating_revenue": 46464, 
        "accumulated_operating_revenue": 267931, 
        "long_term_average": 24357, 
        "short_term_average": 43581
    }, 
    {
        "date": "2012-12-31", 
        "operating_revenue": 17965, 
        "accumulated_operating_revenue": 285896, 
        "long_term_average": 23824, 
        "short_term_average": 32357
    }, 
    {
        "accumulated_operating_revenue_yoy": -36.714836223506744, 
        "accumulated_operating_revenue": 6569, 
        "long_term_average": 23507, 
        "date": "2013-01-31", 
        "operating_revenue": 6569, 
        "short_term_average": 23666
    }, 
    {
        "accumulated_operating_revenue_yoy": -69.1861300238444, 
        "accumulated_operating_revenue": 10726, 
        "long_term_average": 21817, 
        "date": "2013-02-28", 
        "operating_revenue": 4157, 
        "short_term_average": 9563
    }, 
    {
        "accumulated_operating_revenue_yoy": -63.11297613979606, 
        "accumulated_operating_revenue": 18196, 
        "long_term_average": 21230, 
        "date": "2013-03-31", 
        "operating_revenue": 7470, 
        "short_term_average": 6065
    }, 
    {
        "accumulated_operating_revenue_yoy": -47.46505255662027, 
        "accumulated_operating_revenue": 33936, 
        "long_term_average": 21269, 
        "date": "2013-04-30", 
        "operating_revenue": 15740, 
        "short_term_average": 9122
    }, 
    {
        "accumulated_operating_revenue_yoy": -48.86515912897823, 
        "accumulated_operating_revenue": 48844, 
        "long_term_average": 19935, 
        "date": "2013-05-31", 
        "operating_revenue": 14908, 
        "short_term_average": 12706
    }, 
    {
        "accumulated_operating_revenue_yoy": -39.32121755201479, 
        "accumulated_operating_revenue": 65007, 
        "long_term_average": 20314, 
        "date": "2013-06-30", 
        "operating_revenue": 16163, 
        "short_term_average": 15603
    }, 
    {
        "accumulated_operating_revenue_yoy": -37.69266274335262, 
        "accumulated_operating_revenue": 75595, 
        "long_term_average": 20013, 
        "date": "2013-07-31", 
        "operating_revenue": 10588, 
        "short_term_average": 13886
    }, 
    {
        "accumulated_operating_revenue_yoy": -30.64648982775336, 
        "accumulated_operating_revenue": 95144, 
        "long_term_average": 20321, 
        "date": "2013-08-31", 
        "operating_revenue": 19549, 
        "short_term_average": 15433
    }, 
    {
        "accumulated_operating_revenue_yoy": -42.46630477955779, 
        "accumulated_operating_revenue": 108638, 
        "long_term_average": 17142, 
        "date": "2013-09-30", 
        "operating_revenue": 13494, 
        "short_term_average": 14543
    }, 
    {
        "accumulated_operating_revenue_yoy": -38.03591505732231, 
        "accumulated_operating_revenue": 137230, 
        "long_term_average": 16804, 
        "date": "2013-10-31", 
        "operating_revenue": 28592, 
        "short_term_average": 20545
    }, 
    {
        "accumulated_operating_revenue_yoy": -20.410105586886175, 
        "accumulated_operating_revenue": 213246, 
        "long_term_average": 19267, 
        "date": "2013-11-30", 
        "operating_revenue": 76016, 
        "short_term_average": 39367
    }, 
    {
        "accumulated_operating_revenue_yoy": 16.671097182192128, 
        "accumulated_operating_revenue": 333558, 
        "long_term_average": 27796, 
        "date": "2013-12-31", 
        "operating_revenue": 120312, 
        "short_term_average": 74973
    }, 
    {
        "accumulated_operating_revenue_yoy": 1903.9427614553206, 
        "accumulated_operating_revenue": 131639, 
        "long_term_average": 38219, 
        "date": "2014-01-31", 
        "operating_revenue": 131639, 
        "short_term_average": 109322
    }, 
    {
        "accumulated_operating_revenue_yoy": 1875.293678911057, 
        "accumulated_operating_revenue": 211870, 
        "long_term_average": 44558, 
        "date": "2014-02-28", 
        "operating_revenue": 80231, 
        "short_term_average": 110727
    }, 
    {
        "accumulated_operating_revenue_yoy": 1615.4484502088374, 
        "accumulated_operating_revenue": 312143, 
        "long_term_average": 52292, 
        "date": "2014-03-31", 
        "operating_revenue": 100273, 
        "short_term_average": 104047
    }, 
    {
        "accumulated_operating_revenue_yoy": 1085.1544082979726, 
        "accumulated_operating_revenue": 402194, 
        "long_term_average": 58484, 
        "date": "2014-04-30", 
        "operating_revenue": 90051, 
        "short_term_average": 90185
    }, 
    {
        "accumulated_operating_revenue_yoy": 907.8699533207763, 
        "accumulated_operating_revenue": 492284, 
        "long_term_average": 64749, 
        "date": "2014-05-31", 
        "operating_revenue": 90090, 
        "short_term_average": 93471
    }, 
    {
        "accumulated_operating_revenue_yoy": 754.6187333671759, 
        "accumulated_operating_revenue": 555562, 
        "long_term_average": 68676, 
        "date": "2014-06-30", 
        "operating_revenue": 63278, 
        "short_term_average": 81139
    }, 
    {
        "accumulated_operating_revenue_yoy": 721.0093260136252, 
        "accumulated_operating_revenue": 620642, 
        "long_term_average": 73217, 
        "date": "2014-07-31", 
        "operating_revenue": 65080, 
        "short_term_average": 72816
    }, 
    {
        "accumulated_operating_revenue_yoy": 622.7223997309342, 
        "accumulated_operating_revenue": 687627, 
        "long_term_average": 77170, 
        "date": "2014-08-31", 
        "operating_revenue": 66985, 
        "short_term_average": 65114
    }, 
    {
        "accumulated_operating_revenue_yoy": 569.8043042029492, 
        "accumulated_operating_revenue": 727662, 
        "long_term_average": 79381, 
        "date": "2014-09-30", 
        "operating_revenue": 40035, 
        "short_term_average": 57366
    }, 
    {
        "accumulated_operating_revenue_yoy": 455.8565911243897, 
        "accumulated_operating_revenue": 762802, 
        "long_term_average": 79927, 
        "date": "2014-10-31", 
        "operating_revenue": 35140, 
        "short_term_average": 47386
    }, 
    {
        "accumulated_operating_revenue_yoy": 274.1922474513004, 
        "accumulated_operating_revenue": 797950, 
        "long_term_average": 76521, 
        "date": "2014-11-30", 
        "operating_revenue": 35148, 
        "short_term_average": 36774
    }, 
    {
        "accumulated_operating_revenue_yoy": 148.6859856456748, 
        "accumulated_operating_revenue": 829512, 
        "long_term_average": 69126, 
        "date": "2014-12-31", 
        "operating_revenue": 31562, 
        "short_term_average": 33950
    }, 
    {
        "accumulated_operating_revenue_yoy": -75.38647361344283, 
        "accumulated_operating_revenue": 32401, 
        "long_term_average": 60856, 
        "date": "2015-01-31", 
        "operating_revenue": 32401, 
        "short_term_average": 33037
    }, 
    {
        "accumulated_operating_revenue_yoy": -69.15042242884788, 
        "accumulated_operating_revenue": 65361, 
        "long_term_average": 56916, 
        "date": "2015-02-28", 
        "operating_revenue": 32960, 
        "short_term_average": 32307
    }, 
    {
        "accumulated_operating_revenue_yoy": -62.28427355410822, 
        "accumulated_operating_revenue": 117727, 
        "long_term_average": 52924, 
        "date": "2015-03-31", 
        "operating_revenue": 52366, 
        "short_term_average": 39242
    }, 
    {
        "accumulated_operating_revenue_yoy": -57.70573404874265, 
        "accumulated_operating_revenue": 170105, 
        "long_term_average": 49785, 
        "date": "2015-04-30", 
        "operating_revenue": 52378, 
        "short_term_average": 45901
    }, 
    {
        "accumulated_operating_revenue_yoy": -49.25185462050361, 
        "accumulated_operating_revenue": 249825, 
        "long_term_average": 48921, 
        "date": "2015-05-31", 
        "operating_revenue": 79720, 
        "short_term_average": 61488
    }, 
    {
        "accumulated_operating_revenue_yoy": -44.119108218344664, 
        "accumulated_operating_revenue": 310453, 
        "long_term_average": 48700, 
        "date": "2015-06-30", 
        "operating_revenue": 60628, 
        "short_term_average": 64242
    }, 
    {
        "accumulated_operating_revenue_yoy": -41.15415972492999, 
        "accumulated_operating_revenue": 365222, 
        "long_term_average": 47841, 
        "date": "2015-07-31", 
        "operating_revenue": 54769, 
        "short_term_average": 65039
    }, 
    {
        "accumulated_operating_revenue_yoy": -36.50554733889158, 
        "accumulated_operating_revenue": 436605, 
        "long_term_average": 48207, 
        "date": "2015-08-31", 
        "operating_revenue": 71383, 
        "short_term_average": 62260
    }
]