[
    {
        "date": "2012-01-31", 
        "operating_revenue": 1332993, 
        "accumulated_operating_revenue": 1332993, 
        "long_term_average": 1332993, 
        "short_term_average": 1332993
    }, 
    {
        "date": "2012-02-29", 
        "operating_revenue": 1734220, 
        "accumulated_operating_revenue": 3067213, 
        "long_term_average": 1533606, 
        "short_term_average": 1533606
    }, 
    {
        "date": "2012-03-31", 
        "operating_revenue": 1493686, 
        "accumulated_operating_revenue": 4560899, 
        "long_term_average": 1520299, 
        "short_term_average": 1520299
    }, 
    {
        "date": "2012-04-30", 
        "operating_revenue": 2408316, 
        "accumulated_operating_revenue": 6969215, 
        "long_term_average": 1742303, 
        "short_term_average": 1878740
    }, 
    {
        "date": "2012-05-31", 
        "operating_revenue": 2836323, 
        "accumulated_operating_revenue": 9805538, 
        "long_term_average": 1961107, 
        "short_term_average": 2246108
    }, 
    {
        "date": "2012-06-30", 
        "operating_revenue": 2976395, 
        "accumulated_operating_revenue": 12781933, 
        "long_term_average": 2130322, 
        "short_term_average": 2740344
    }, 
    {
        "date": "2012-07-31", 
        "operating_revenue": 3465036, 
        "accumulated_operating_revenue": 16246969, 
        "long_term_average": 2320995, 
        "short_term_average": 3092584
    }, 
    {
        "date": "2012-08-31", 
        "operating_revenue": 2613980, 
        "accumulated_operating_revenue": 18860949, 
        "long_term_average": 2357618, 
        "short_term_average": 3018470
    }, 
    {
        "date": "2012-09-30", 
        "operating_revenue": 2484015, 
        "accumulated_operating_revenue": 21344964, 
        "long_term_average": 2371662, 
        "short_term_average": 2854343
    }, 
    {
        "date": "2012-10-31", 
        "operating_revenue": 3117032, 
        "accumulated_operating_revenue": 24461996, 
        "long_term_average": 2446199, 
        "short_term_average": 2738342
    }, 
    {
        "date": "2012-11-30", 
        "operating_revenue": 4266500, 
        "accumulated_operating_revenue": 28728496, 
        "long_term_average": 2611681, 
        "short_term_average": 3289182
    }, 
    {
        "date": "2012-12-31", 
        "operating_revenue": 4371939, 
        "accumulated_operating_revenue": 33100435, 
        "long_term_average": 2758369, 
        "short_term_average": 3918490
    }, 
    {
        "accumulated_operating_revenue_yoy": 221.06920291404379, 
        "accumulated_operating_revenue": 4279830, 
        "long_term_average": 3003939, 
        "date": "2013-01-31", 
        "operating_revenue": 4279830, 
        "short_term_average": 4306089
    }, 
    {
        "accumulated_operating_revenue_yoy": 127.56945800633997, 
        "accumulated_operating_revenue": 6980040, 
        "long_term_average": 3084438, 
        "date": "2013-02-28", 
        "operating_revenue": 2700210, 
        "short_term_average": 3783993
    }, 
    {
        "accumulated_operating_revenue_yoy": 114.37856878654844, 
        "accumulated_operating_revenue": 9777590, 
        "long_term_average": 3193093, 
        "date": "2013-03-31", 
        "operating_revenue": 2797550, 
        "short_term_average": 3259196
    }, 
    {
        "accumulated_operating_revenue_yoy": 78.48767759353098, 
        "accumulated_operating_revenue": 12439190, 
        "long_term_average": 3214200, 
        "date": "2013-04-30", 
        "operating_revenue": 2661600, 
        "short_term_average": 2719786
    }, 
    {
        "accumulated_operating_revenue_yoy": 47.431400500411094, 
        "accumulated_operating_revenue": 14456442, 
        "long_term_average": 3145944, 
        "date": "2013-05-31", 
        "operating_revenue": 2017252, 
        "short_term_average": 2492134
    }, 
    {
        "accumulated_operating_revenue_yoy": 32.81167253810515, 
        "accumulated_operating_revenue": 16975899, 
        "long_term_average": 3107866, 
        "date": "2013-06-30", 
        "operating_revenue": 2519457, 
        "short_term_average": 2399436
    }, 
    {
        "accumulated_operating_revenue_yoy": 21.85964040431172, 
        "accumulated_operating_revenue": 19798498, 
        "long_term_average": 3054330, 
        "date": "2013-07-31", 
        "operating_revenue": 2822599, 
        "short_term_average": 2453102
    }, 
    {
        "accumulated_operating_revenue_yoy": 18.888529946186694, 
        "accumulated_operating_revenue": 22423505, 
        "long_term_average": 3055249, 
        "date": "2013-08-31", 
        "operating_revenue": 2625007, 
        "short_term_average": 2655687
    }, 
    {
        "accumulated_operating_revenue_yoy": 18.274085634438176, 
        "accumulated_operating_revenue": 25245561, 
        "long_term_average": 3083419, 
        "date": "2013-09-30", 
        "operating_revenue": 2822056, 
        "short_term_average": 2756554
    }, 
    {
        "accumulated_operating_revenue_yoy": 15.32317722560334, 
        "accumulated_operating_revenue": 28210351, 
        "long_term_average": 3070732, 
        "date": "2013-10-31", 
        "operating_revenue": 2964790, 
        "short_term_average": 2803951
    }, 
    {
        "accumulated_operating_revenue_yoy": 11.332396238215882, 
        "accumulated_operating_revenue": 31984123, 
        "long_term_average": 3029671, 
        "date": "2013-11-30", 
        "operating_revenue": 3773772, 
        "short_term_average": 3186872
    }, 
    {
        "accumulated_operating_revenue_yoy": 10.294632079608622, 
        "accumulated_operating_revenue": 36508003, 
        "long_term_average": 3042333, 
        "date": "2013-12-31", 
        "operating_revenue": 4523880, 
        "short_term_average": 3754147
    }, 
    {
        "accumulated_operating_revenue_yoy": -20.696008953626663, 
        "accumulated_operating_revenue": 3394076, 
        "long_term_average": 2968520, 
        "date": "2014-01-31", 
        "operating_revenue": 3394076, 
        "short_term_average": 3897242
    }, 
    {
        "accumulated_operating_revenue_yoy": -22.4286680305557, 
        "accumulated_operating_revenue": 5414510, 
        "long_term_average": 2911872, 
        "date": "2014-02-28", 
        "operating_revenue": 2020434, 
        "short_term_average": 3312796
    }, 
    {
        "accumulated_operating_revenue_yoy": -22.715812383215088, 
        "accumulated_operating_revenue": 7556531, 
        "long_term_average": 2857245, 
        "date": "2014-03-31", 
        "operating_revenue": 2142021, 
        "short_term_average": 2518843
    }, 
    {
        "accumulated_operating_revenue_yoy": -21.977910137235625, 
        "accumulated_operating_revenue": 9705316, 
        "long_term_average": 2814510, 
        "date": "2014-04-30", 
        "operating_revenue": 2148785, 
        "short_term_average": 2103746
    }, 
    {
        "accumulated_operating_revenue_yoy": -16.72127899797198, 
        "accumulated_operating_revenue": 12039140, 
        "long_term_average": 2840891, 
        "date": "2014-05-31", 
        "operating_revenue": 2333824, 
        "short_term_average": 2208210
    }, 
    {
        "accumulated_operating_revenue_yoy": -14.827261872846911, 
        "accumulated_operating_revenue": 14458838, 
        "long_term_average": 2832578, 
        "date": "2014-06-30", 
        "operating_revenue": 2419698, 
        "short_term_average": 2300769
    }, 
    {
        "accumulated_operating_revenue_yoy": -14.276481983633305, 
        "accumulated_operating_revenue": 16971969, 
        "long_term_average": 2806789, 
        "date": "2014-07-31", 
        "operating_revenue": 2513131, 
        "short_term_average": 2422217
    }, 
    {
        "accumulated_operating_revenue_yoy": -12.219543733238849, 
        "accumulated_operating_revenue": 19683455, 
        "long_term_average": 2813996, 
        "date": "2014-08-31", 
        "operating_revenue": 2711486, 
        "short_term_average": 2548105
    }, 
    {
        "accumulated_operating_revenue_yoy": -9.011714970406084, 
        "accumulated_operating_revenue": 22970503, 
        "long_term_average": 2852745, 
        "date": "2014-09-30", 
        "operating_revenue": 3287048, 
        "short_term_average": 2837221
    }, 
    {
        "accumulated_operating_revenue_yoy": -4.906050265025061, 
        "accumulated_operating_revenue": 26826337, 
        "long_term_average": 2926999, 
        "date": "2014-10-31", 
        "operating_revenue": 3855834, 
        "short_term_average": 3284789
    }, 
    {
        "accumulated_operating_revenue_yoy": -3.8303223133552855, 
        "accumulated_operating_revenue": 30759028, 
        "long_term_average": 2940242, 
        "date": "2014-11-30", 
        "operating_revenue": 3932691, 
        "short_term_average": 3691857
    }, 
    {
        "accumulated_operating_revenue_yoy": -5.3321212885843146, 
        "accumulated_operating_revenue": 34561352, 
        "long_term_average": 2880112, 
        "date": "2014-12-31", 
        "operating_revenue": 3802324, 
        "short_term_average": 3863616
    }, 
    {
        "accumulated_operating_revenue_yoy": 3.6965583563832984, 
        "accumulated_operating_revenue": 3519540, 
        "long_term_average": 2890568, 
        "date": "2015-01-31", 
        "operating_revenue": 3519540, 
        "short_term_average": 3751518
    }, 
    {
        "accumulated_operating_revenue_yoy": -1.5745838496927698, 
        "accumulated_operating_revenue": 5329254, 
        "long_term_average": 2873008, 
        "date": "2015-02-28", 
        "operating_revenue": 1809714, 
        "short_term_average": 3043859
    }, 
    {
        "accumulated_operating_revenue_yoy": 5.687596596904056, 
        "accumulated_operating_revenue": 7986316, 
        "long_term_average": 2915928, 
        "date": "2015-03-31", 
        "operating_revenue": 2657062, 
        "short_term_average": 2662105
    }, 
    {
        "accumulated_operating_revenue_yoy": 6.032858693112105, 
        "accumulated_operating_revenue": 10290824, 
        "long_term_average": 2928905, 
        "date": "2015-04-30", 
        "operating_revenue": 2304508, 
        "short_term_average": 2257094
    }, 
    {
        "accumulated_operating_revenue_yoy": 7.461197394498279, 
        "accumulated_operating_revenue": 12937404, 
        "long_term_average": 2954968, 
        "date": "2015-05-31", 
        "operating_revenue": 2646580, 
        "short_term_average": 2536050
    }, 
    {
        "accumulated_operating_revenue_yoy": 11.925156087923524, 
        "accumulated_operating_revenue": 16183077, 
        "long_term_average": 3023799, 
        "date": "2015-06-30", 
        "operating_revenue": 3245673, 
        "short_term_average": 2732253
    }, 
    {
        "accumulated_operating_revenue_yoy": 11.867132210764703, 
        "accumulated_operating_revenue": 18986055, 
        "long_term_average": 3047953, 
        "date": "2015-07-31", 
        "operating_revenue": 2802978, 
        "short_term_average": 2898410
    }, 
    {
        "accumulated_operating_revenue_yoy": 14.113106667503242, 
        "accumulated_operating_revenue": 22461402, 
        "long_term_average": 3111608, 
        "date": "2015-08-31", 
        "operating_revenue": 3475347, 
        "short_term_average": 3174666
    }, 
    {
        "accumulated_operating_revenue_yoy": 14.66164236804044, 
        "accumulated_operating_revenue": 26338356, 
        "long_term_average": 3160767, 
        "date": "2015-09-30", 
        "operating_revenue": 3876954, 
        "short_term_average": 3385093
    }
]