[
    {
        "date": "2012-01-31", 
        "operating_revenue": 99397, 
        "accumulated_operating_revenue": 99397, 
        "long_term_average": 99397, 
        "short_term_average": 99397
    }, 
    {
        "date": "2012-02-29", 
        "operating_revenue": 128520, 
        "accumulated_operating_revenue": 227917, 
        "long_term_average": 113958, 
        "short_term_average": 113958
    }, 
    {
        "date": "2012-03-31", 
        "operating_revenue": 144257, 
        "accumulated_operating_revenue": 372174, 
        "long_term_average": 124058, 
        "short_term_average": 124058
    }, 
    {
        "date": "2012-04-30", 
        "operating_revenue": 118848, 
        "accumulated_operating_revenue": 491022, 
        "long_term_average": 122755, 
        "short_term_average": 130541
    }, 
    {
        "date": "2012-05-31", 
        "operating_revenue": 112247, 
        "accumulated_operating_revenue": 603269, 
        "long_term_average": 120653, 
        "short_term_average": 125117
    }, 
    {
        "date": "2012-06-30", 
        "operating_revenue": 119240, 
        "accumulated_operating_revenue": 722509, 
        "long_term_average": 120418, 
        "short_term_average": 116778
    }, 
    {
        "date": "2012-07-31", 
        "operating_revenue": 125632, 
        "accumulated_operating_revenue": 848141, 
        "long_term_average": 121163, 
        "short_term_average": 119039
    }, 
    {
        "date": "2012-08-31", 
        "operating_revenue": 108844, 
        "accumulated_operating_revenue": 956985, 
        "long_term_average": 119623, 
        "short_term_average": 117905
    }, 
    {
        "date": "2012-09-30", 
        "operating_revenue": 121524, 
        "accumulated_operating_revenue": 1078509, 
        "long_term_average": 119834, 
        "short_term_average": 118666
    }, 
    {
        "date": "2012-10-31", 
        "operating_revenue": 128599, 
        "accumulated_operating_revenue": 1207108, 
        "long_term_average": 120710, 
        "short_term_average": 119655
    }, 
    {
        "date": "2012-11-30", 
        "operating_revenue": 123980, 
        "accumulated_operating_revenue": 1331088, 
        "long_term_average": 121008, 
        "short_term_average": 124701
    }, 
    {
        "date": "2012-12-31", 
        "operating_revenue": 102812, 
        "accumulated_operating_revenue": 1433900, 
        "long_term_average": 119491, 
        "short_term_average": 118463
    }, 
    {
        "accumulated_operating_revenue_yoy": -0.3551415032646861, 
        "accumulated_operating_revenue": 99044, 
        "long_term_average": 119462, 
        "date": "2013-01-31", 
        "operating_revenue": 99044, 
        "short_term_average": 108612
    }, 
    {
        "accumulated_operating_revenue_yoy": -4.592022534519145, 
        "accumulated_operating_revenue": 217451, 
        "long_term_average": 118619, 
        "date": "2013-02-28", 
        "operating_revenue": 118407, 
        "short_term_average": 106754
    }, 
    {
        "accumulated_operating_revenue_yoy": -5.492054791575984, 
        "accumulated_operating_revenue": 351734, 
        "long_term_average": 117788, 
        "date": "2013-03-31", 
        "operating_revenue": 134283, 
        "short_term_average": 117244
    }, 
    {
        "accumulated_operating_revenue_yoy": -6.0029896827433396, 
        "accumulated_operating_revenue": 461546, 
        "long_term_average": 117035, 
        "date": "2013-04-30", 
        "operating_revenue": 109812, 
        "short_term_average": 120834
    }, 
    {
        "accumulated_operating_revenue_yoy": -6.070757821137835, 
        "accumulated_operating_revenue": 566646, 
        "long_term_average": 116439, 
        "date": "2013-05-31", 
        "operating_revenue": 105100, 
        "short_term_average": 116398
    }, 
    {
        "accumulated_operating_revenue_yoy": -6.611267126084243, 
        "accumulated_operating_revenue": 674742, 
        "long_term_average": 115511, 
        "date": "2013-06-30", 
        "operating_revenue": 108096, 
        "short_term_average": 107669
    }, 
    {
        "accumulated_operating_revenue_yoy": -7.690112846802595, 
        "accumulated_operating_revenue": 782918, 
        "long_term_average": 114056, 
        "date": "2013-07-31", 
        "operating_revenue": 108176, 
        "short_term_average": 107124
    }, 
    {
        "accumulated_operating_revenue_yoy": -8.38633834386119, 
        "accumulated_operating_revenue": 876729, 
        "long_term_average": 112803, 
        "date": "2013-08-31", 
        "operating_revenue": 93811, 
        "short_term_average": 103361
    }, 
    {
        "accumulated_operating_revenue_yoy": -10.3174846014266, 
        "accumulated_operating_revenue": 967234, 
        "long_term_average": 110218, 
        "date": "2013-09-30", 
        "operating_revenue": 90505, 
        "short_term_average": 97497
    }, 
    {
        "accumulated_operating_revenue_yoy": -11.60335280687395, 
        "accumulated_operating_revenue": 1067043, 
        "long_term_average": 107819, 
        "date": "2013-10-31", 
        "operating_revenue": 99809, 
        "short_term_average": 94708
    }, 
    {
        "accumulated_operating_revenue_yoy": -12.78608176168668, 
        "accumulated_operating_revenue": 1160894, 
        "long_term_average": 105308, 
        "date": "2013-11-30", 
        "operating_revenue": 93851, 
        "short_term_average": 94721
    }, 
    {
        "accumulated_operating_revenue_yoy": -13.338517330357766, 
        "accumulated_operating_revenue": 1242639, 
        "long_term_average": 103553, 
        "date": "2013-12-31", 
        "operating_revenue": 81745, 
        "short_term_average": 91801
    }, 
    {
        "accumulated_operating_revenue_yoy": -4.722143693711885, 
        "accumulated_operating_revenue": 94367, 
        "long_term_average": 103163, 
        "date": "2014-01-31", 
        "operating_revenue": 94367, 
        "short_term_average": 89987
    }, 
    {
        "accumulated_operating_revenue_yoy": -7.203461929354199, 
        "accumulated_operating_revenue": 201787, 
        "long_term_average": 102247, 
        "date": "2014-02-28", 
        "operating_revenue": 107420, 
        "short_term_average": 94510
    }, 
    {
        "accumulated_operating_revenue_yoy": -8.864937708609347, 
        "accumulated_operating_revenue": 320553, 
        "long_term_average": 100954, 
        "date": "2014-03-31", 
        "operating_revenue": 118766, 
        "short_term_average": 106851
    }, 
    {
        "accumulated_operating_revenue_yoy": -10.982870613113318, 
        "accumulated_operating_revenue": 410855, 
        "long_term_average": 99329, 
        "date": "2014-04-30", 
        "operating_revenue": 90302, 
        "short_term_average": 105496
    }, 
    {
        "accumulated_operating_revenue_yoy": -12.385863484432962, 
        "accumulated_operating_revenue": 496462, 
        "long_term_average": 97704, 
        "date": "2014-05-31", 
        "operating_revenue": 85607, 
        "short_term_average": 98225
    }, 
    {
        "accumulated_operating_revenue_yoy": -13.16844067806658, 
        "accumulated_operating_revenue": 585889, 
        "long_term_average": 96148, 
        "date": "2014-06-30", 
        "operating_revenue": 89427, 
        "short_term_average": 88445
    }, 
    {
        "accumulated_operating_revenue_yoy": -12.843490633757304, 
        "accumulated_operating_revenue": 682364, 
        "long_term_average": 95173, 
        "date": "2014-07-31", 
        "operating_revenue": 96475, 
        "short_term_average": 90503
    }, 
    {
        "accumulated_operating_revenue_yoy": -12.914709106234652, 
        "accumulated_operating_revenue": 763502, 
        "long_term_average": 94117, 
        "date": "2014-08-31", 
        "operating_revenue": 81138, 
        "short_term_average": 89013
    }, 
    {
        "accumulated_operating_revenue_yoy": -11.61414921311699, 
        "accumulated_operating_revenue": 854898, 
        "long_term_average": 94191, 
        "date": "2014-09-30", 
        "operating_revenue": 91396, 
        "short_term_average": 89669
    }, 
    {
        "accumulated_operating_revenue_yoy": -10.711564576122987, 
        "accumulated_operating_revenue": 952746, 
        "long_term_average": 94028, 
        "date": "2014-10-31", 
        "operating_revenue": 97848, 
        "short_term_average": 90127
    }, 
    {
        "accumulated_operating_revenue_yoy": -10.809944749477559, 
        "accumulated_operating_revenue": 1035402, 
        "long_term_average": 93095, 
        "date": "2014-11-30", 
        "operating_revenue": 82656, 
        "short_term_average": 90633
    }, 
    {
        "accumulated_operating_revenue_yoy": -11.083428091344308, 
        "accumulated_operating_revenue": 1104912, 
        "long_term_average": 92076, 
        "date": "2014-12-31", 
        "operating_revenue": 69510, 
        "short_term_average": 83338
    }, 
    {
        "accumulated_operating_revenue_yoy": -3.8742356968007883, 
        "accumulated_operating_revenue": 90711, 
        "long_term_average": 91771, 
        "date": "2015-01-31", 
        "operating_revenue": 90711, 
        "short_term_average": 80959
    }, 
    {
        "accumulated_operating_revenue_yoy": -5.631680930882564, 
        "accumulated_operating_revenue": 190423, 
        "long_term_average": 91129, 
        "date": "2015-02-28", 
        "operating_revenue": 99712, 
        "short_term_average": 86644
    }, 
    {
        "accumulated_operating_revenue_yoy": -7.727583270161252, 
        "accumulated_operating_revenue": 295782, 
        "long_term_average": 90011, 
        "date": "2015-03-31", 
        "operating_revenue": 105359, 
        "short_term_average": 98594
    }, 
    {
        "accumulated_operating_revenue_yoy": -4.897591607744825, 
        "accumulated_operating_revenue": 390733, 
        "long_term_average": 90399, 
        "date": "2015-04-30", 
        "operating_revenue": 94951, 
        "short_term_average": 100007
    }, 
    {
        "accumulated_operating_revenue_yoy": -4.543147310368165, 
        "accumulated_operating_revenue": 473907, 
        "long_term_average": 90196, 
        "date": "2015-05-31", 
        "operating_revenue": 83174, 
        "short_term_average": 94494
    }, 
    {
        "accumulated_operating_revenue_yoy": -3.617067396725318, 
        "accumulated_operating_revenue": 564697, 
        "long_term_average": 90310, 
        "date": "2015-06-30", 
        "operating_revenue": 90790, 
        "short_term_average": 89638
    }, 
    {
        "accumulated_operating_revenue_yoy": -3.7178104354860455, 
        "accumulated_operating_revenue": 656995, 
        "long_term_average": 89961, 
        "date": "2015-07-31", 
        "operating_revenue": 92298, 
        "short_term_average": 88754
    }, 
    {
        "accumulated_operating_revenue_yoy": -3.6323415000877532, 
        "accumulated_operating_revenue": 735769, 
        "long_term_average": 89764, 
        "date": "2015-08-31", 
        "operating_revenue": 78774, 
        "short_term_average": 87287
    }
]