[
    {
        "date": "2012-01-31", 
        "operating_revenue": 130474, 
        "accumulated_operating_revenue": 130474, 
        "long_term_average": 130474, 
        "short_term_average": 130474
    }, 
    {
        "date": "2012-02-29", 
        "operating_revenue": 150970, 
        "accumulated_operating_revenue": 281444, 
        "long_term_average": 140722, 
        "short_term_average": 140722
    }, 
    {
        "date": "2012-03-31", 
        "operating_revenue": 164522, 
        "accumulated_operating_revenue": 445966, 
        "long_term_average": 148655, 
        "short_term_average": 148655
    }, 
    {
        "date": "2012-04-30", 
        "operating_revenue": 147370, 
        "accumulated_operating_revenue": 593336, 
        "long_term_average": 148334, 
        "short_term_average": 154287
    }, 
    {
        "date": "2012-05-31", 
        "operating_revenue": 161501, 
        "accumulated_operating_revenue": 754837, 
        "long_term_average": 150967, 
        "short_term_average": 157797
    }, 
    {
        "date": "2012-06-30", 
        "operating_revenue": 139528, 
        "accumulated_operating_revenue": 894365, 
        "long_term_average": 149060, 
        "short_term_average": 149466
    }, 
    {
        "date": "2012-07-31", 
        "operating_revenue": 148104, 
        "accumulated_operating_revenue": 1042469, 
        "long_term_average": 148924, 
        "short_term_average": 149711
    }, 
    {
        "date": "2012-08-31", 
        "operating_revenue": 146736, 
        "accumulated_operating_revenue": 1189205, 
        "long_term_average": 148650, 
        "short_term_average": 144789
    }, 
    {
        "date": "2012-09-30", 
        "operating_revenue": 123601, 
        "accumulated_operating_revenue": 1312806, 
        "long_term_average": 145867, 
        "short_term_average": 139480
    }, 
    {
        "date": "2012-10-31", 
        "operating_revenue": 94646, 
        "accumulated_operating_revenue": 1407452, 
        "long_term_average": 140745, 
        "short_term_average": 121661
    }, 
    {
        "date": "2012-11-30", 
        "operating_revenue": 101610, 
        "accumulated_operating_revenue": 1509062, 
        "long_term_average": 137187, 
        "short_term_average": 106619
    }, 
    {
        "date": "2012-12-31", 
        "operating_revenue": 96081, 
        "accumulated_operating_revenue": 1605143, 
        "long_term_average": 133761, 
        "short_term_average": 97445
    }, 
    {
        "accumulated_operating_revenue_yoy": -22.635161028250838, 
        "accumulated_operating_revenue": 100941, 
        "long_term_average": 131300, 
        "date": "2013-01-31", 
        "operating_revenue": 100941, 
        "short_term_average": 99544
    }, 
    {
        "accumulated_operating_revenue_yoy": -30.210272736316995, 
        "accumulated_operating_revenue": 196419, 
        "long_term_average": 126676, 
        "date": "2013-02-28", 
        "operating_revenue": 95478, 
        "short_term_average": 97500
    }, 
    {
        "accumulated_operating_revenue_yoy": -32.49754465587063, 
        "accumulated_operating_revenue": 301038, 
        "long_term_average": 121684, 
        "date": "2013-03-31", 
        "operating_revenue": 104619, 
        "short_term_average": 100346
    }, 
    {
        "accumulated_operating_revenue_yoy": -32.75698760904445, 
        "accumulated_operating_revenue": 398977, 
        "long_term_average": 117565, 
        "date": "2013-04-30", 
        "operating_revenue": 97939, 
        "short_term_average": 99345
    }, 
    {
        "accumulated_operating_revenue_yoy": -33.31407972847118, 
        "accumulated_operating_revenue": 503370, 
        "long_term_average": 112806, 
        "date": "2013-05-31", 
        "operating_revenue": 104393, 
        "short_term_average": 102317
    }, 
    {
        "accumulated_operating_revenue_yoy": -31.996779838209232, 
        "accumulated_operating_revenue": 608197, 
        "long_term_average": 109914, 
        "date": "2013-06-30", 
        "operating_revenue": 104827, 
        "short_term_average": 102386
    }, 
    {
        "accumulated_operating_revenue_yoy": -32.61411130690697, 
        "accumulated_operating_revenue": 702477, 
        "long_term_average": 105429, 
        "date": "2013-07-31", 
        "operating_revenue": 94280, 
        "short_term_average": 101166
    }, 
    {
        "accumulated_operating_revenue_yoy": -32.966729874159626, 
        "accumulated_operating_revenue": 797163, 
        "long_term_average": 101091, 
        "date": "2013-08-31", 
        "operating_revenue": 94686, 
        "short_term_average": 97931
    }, 
    {
        "accumulated_operating_revenue_yoy": -32.512419961517544, 
        "accumulated_operating_revenue": 885981, 
        "long_term_average": 98193, 
        "date": "2013-09-30", 
        "operating_revenue": 88818, 
        "short_term_average": 92594
    }, 
    {
        "accumulated_operating_revenue_yoy": -30.628966387486038, 
        "accumulated_operating_revenue": 976364, 
        "long_term_average": 97837, 
        "date": "2013-10-31", 
        "operating_revenue": 90383, 
        "short_term_average": 91295
    }, 
    {
        "accumulated_operating_revenue_yoy": -28.64421740127311, 
        "accumulated_operating_revenue": 1076803, 
        "long_term_average": 97740, 
        "date": "2013-11-30", 
        "operating_revenue": 100439, 
        "short_term_average": 93213
    }, 
    {
        "accumulated_operating_revenue_yoy": -25.92666198587914, 
        "accumulated_operating_revenue": 1188983, 
        "long_term_average": 99081, 
        "date": "2013-12-31", 
        "operating_revenue": 112180, 
        "short_term_average": 101000
    }, 
    {
        "accumulated_operating_revenue_yoy": 36.23106567202623, 
        "accumulated_operating_revenue": 137513, 
        "long_term_average": 102129, 
        "date": "2014-01-31", 
        "operating_revenue": 137513, 
        "short_term_average": 116710
    }, 
    {
        "accumulated_operating_revenue_yoy": 23.938621009169175, 
        "accumulated_operating_revenue": 243439, 
        "long_term_average": 103000, 
        "date": "2014-02-28", 
        "operating_revenue": 105926, 
        "short_term_average": 118539
    }, 
    {
        "accumulated_operating_revenue_yoy": 20.15393405483693, 
        "accumulated_operating_revenue": 361709, 
        "long_term_average": 104137, 
        "date": "2014-03-31", 
        "operating_revenue": 118270, 
        "short_term_average": 120569
    }, 
    {
        "accumulated_operating_revenue_yoy": 30.54612170626377, 
        "accumulated_operating_revenue": 520849, 
        "long_term_average": 109237, 
        "date": "2014-04-30", 
        "operating_revenue": 159140, 
        "short_term_average": 127778
    }, 
    {
        "accumulated_operating_revenue_yoy": 31.005423445974134, 
        "accumulated_operating_revenue": 659442, 
        "long_term_average": 112087, 
        "date": "2014-05-31", 
        "operating_revenue": 138593, 
        "short_term_average": 138667
    }, 
    {
        "accumulated_operating_revenue_yoy": 30.563945563690716, 
        "accumulated_operating_revenue": 794086, 
        "long_term_average": 114572, 
        "date": "2014-06-30", 
        "operating_revenue": 134644, 
        "short_term_average": 144125
    }, 
    {
        "accumulated_operating_revenue_yoy": 32.683917053512076, 
        "accumulated_operating_revenue": 932074, 
        "long_term_average": 118215, 
        "date": "2014-07-31", 
        "operating_revenue": 137988, 
        "short_term_average": 137075
    }, 
    {
        "accumulated_operating_revenue_yoy": 33.690976625859456, 
        "accumulated_operating_revenue": 1065735, 
        "long_term_average": 121462, 
        "date": "2014-08-31", 
        "operating_revenue": 133661, 
        "short_term_average": 135431
    }, 
    {
        "accumulated_operating_revenue_yoy": 33.351505280587276, 
        "accumulated_operating_revenue": 1181469, 
        "long_term_average": 123705, 
        "date": "2014-09-30", 
        "operating_revenue": 115734, 
        "short_term_average": 129127
    }, 
    {
        "accumulated_operating_revenue_yoy": 31.80125445018456, 
        "accumulated_operating_revenue": 1286860, 
        "long_term_average": 124956, 
        "date": "2014-10-31", 
        "operating_revenue": 105391, 
        "short_term_average": 118262
    }, 
    {
        "accumulated_operating_revenue_yoy": 29.784649559854493, 
        "accumulated_operating_revenue": 1397525, 
        "long_term_average": 125808, 
        "date": "2014-11-30", 
        "operating_revenue": 110665, 
        "short_term_average": 110596
    }, 
    {
        "accumulated_operating_revenue_yoy": 28.17062985761781, 
        "accumulated_operating_revenue": 1523927, 
        "long_term_average": 126993, 
        "date": "2014-12-31", 
        "operating_revenue": 126402, 
        "short_term_average": 114152
    }, 
    {
        "accumulated_operating_revenue_yoy": 16.471897202446314, 
        "accumulated_operating_revenue": 160164, 
        "long_term_average": 128881, 
        "date": "2015-01-31", 
        "operating_revenue": 160164, 
        "short_term_average": 132410
    }, 
    {
        "accumulated_operating_revenue_yoy": 9.569132308298999, 
        "accumulated_operating_revenue": 266734, 
        "long_term_average": 128935, 
        "date": "2015-02-28", 
        "operating_revenue": 106570, 
        "short_term_average": 131045
    }, 
    {
        "accumulated_operating_revenue_yoy": 7.551927101620364, 
        "accumulated_operating_revenue": 389025, 
        "long_term_average": 129270, 
        "date": "2015-03-31", 
        "operating_revenue": 122291, 
        "short_term_average": 129675
    }, 
    {
        "accumulated_operating_revenue_yoy": -6.434110461957304, 
        "accumulated_operating_revenue": 487337, 
        "long_term_average": 124201, 
        "date": "2015-04-30", 
        "operating_revenue": 98312, 
        "short_term_average": 109057
    }, 
    {
        "accumulated_operating_revenue_yoy": -11.225096369354697, 
        "accumulated_operating_revenue": 585419, 
        "long_term_average": 120825, 
        "date": "2015-05-31", 
        "operating_revenue": 98082, 
        "short_term_average": 106228
    }, 
    {
        "accumulated_operating_revenue_yoy": -13.726598882236937, 
        "accumulated_operating_revenue": 685085, 
        "long_term_average": 117910, 
        "date": "2015-06-30", 
        "operating_revenue": 99666, 
        "short_term_average": 98686
    }, 
    {
        "accumulated_operating_revenue_yoy": -15.074446878681306, 
        "accumulated_operating_revenue": 791569, 
        "long_term_average": 115285, 
        "date": "2015-07-31", 
        "operating_revenue": 106484, 
        "short_term_average": 101410
    }, 
    {
        "accumulated_operating_revenue_yoy": -11.834180166739387, 
        "accumulated_operating_revenue": 939614, 
        "long_term_average": 116483, 
        "date": "2015-08-31", 
        "operating_revenue": 148045, 
        "short_term_average": 118065
    }, 
    {
        "accumulated_operating_revenue_yoy": -5.473440268005339, 
        "accumulated_operating_revenue": 1116802, 
        "long_term_average": 121605, 
        "date": "2015-09-30", 
        "operating_revenue": 177188, 
        "short_term_average": 143905
    }
]