[
    {
        "date": "2012-01-31", 
        "operating_revenue": 23361, 
        "accumulated_operating_revenue": 23361, 
        "long_term_average": 23361, 
        "short_term_average": 23361
    }, 
    {
        "date": "2012-02-29", 
        "operating_revenue": 24858, 
        "accumulated_operating_revenue": 48219, 
        "long_term_average": 24109, 
        "short_term_average": 24109
    }, 
    {
        "date": "2012-03-31", 
        "operating_revenue": 39548, 
        "accumulated_operating_revenue": 87767, 
        "long_term_average": 29255, 
        "short_term_average": 29255
    }, 
    {
        "date": "2012-04-30", 
        "operating_revenue": 34259, 
        "accumulated_operating_revenue": 122026, 
        "long_term_average": 30506, 
        "short_term_average": 32888
    }, 
    {
        "date": "2012-05-31", 
        "operating_revenue": 42761, 
        "accumulated_operating_revenue": 164787, 
        "long_term_average": 32957, 
        "short_term_average": 38856
    }, 
    {
        "date": "2012-06-30", 
        "operating_revenue": 42360, 
        "accumulated_operating_revenue": 207147, 
        "long_term_average": 34524, 
        "short_term_average": 39793
    }, 
    {
        "date": "2012-07-31", 
        "operating_revenue": 45794, 
        "accumulated_operating_revenue": 252941, 
        "long_term_average": 36134, 
        "short_term_average": 43638
    }, 
    {
        "date": "2012-08-31", 
        "operating_revenue": 41740, 
        "accumulated_operating_revenue": 294681, 
        "long_term_average": 36835, 
        "short_term_average": 43298
    }, 
    {
        "date": "2012-09-30", 
        "operating_revenue": 47842, 
        "accumulated_operating_revenue": 342523, 
        "long_term_average": 38058, 
        "short_term_average": 45125
    }, 
    {
        "date": "2012-10-31", 
        "operating_revenue": 46536, 
        "accumulated_operating_revenue": 389059, 
        "long_term_average": 38905, 
        "short_term_average": 45372
    }, 
    {
        "date": "2012-11-30", 
        "operating_revenue": 53633, 
        "accumulated_operating_revenue": 442692, 
        "long_term_average": 40244, 
        "short_term_average": 49337
    }, 
    {
        "date": "2012-12-31", 
        "operating_revenue": 41717, 
        "accumulated_operating_revenue": 484409, 
        "long_term_average": 40367, 
        "short_term_average": 47295
    }, 
    {
        "accumulated_operating_revenue_yoy": 86.97401652326528, 
        "accumulated_operating_revenue": 43679, 
        "long_term_average": 42060, 
        "date": "2013-01-31", 
        "operating_revenue": 43679, 
        "short_term_average": 46343
    }, 
    {
        "accumulated_operating_revenue_yoy": 73.98950621124453, 
        "accumulated_operating_revenue": 83896, 
        "long_term_average": 43340, 
        "date": "2013-02-28", 
        "operating_revenue": 40217, 
        "short_term_average": 41871
    }, 
    {
        "accumulated_operating_revenue_yoy": 58.042316588239316, 
        "accumulated_operating_revenue": 138709, 
        "long_term_average": 44612, 
        "date": "2013-03-31", 
        "operating_revenue": 54813, 
        "short_term_average": 46236
    }, 
    {
        "accumulated_operating_revenue_yoy": 58.830904889121996, 
        "accumulated_operating_revenue": 193815, 
        "long_term_average": 46349, 
        "date": "2013-04-30", 
        "operating_revenue": 55106, 
        "short_term_average": 50045
    }, 
    {
        "accumulated_operating_revenue_yoy": 48.664032963765344, 
        "accumulated_operating_revenue": 244979, 
        "long_term_average": 47050, 
        "date": "2013-05-31", 
        "operating_revenue": 51164, 
        "short_term_average": 53694
    }, 
    {
        "accumulated_operating_revenue_yoy": 42.184535619632435, 
        "accumulated_operating_revenue": 294531, 
        "long_term_average": 47649, 
        "date": "2013-06-30", 
        "operating_revenue": 49552, 
        "short_term_average": 51940
    }, 
    {
        "accumulated_operating_revenue_yoy": 34.72153585223431, 
        "accumulated_operating_revenue": 340766, 
        "long_term_average": 47686, 
        "date": "2013-07-31", 
        "operating_revenue": 46235, 
        "short_term_average": 48983
    }, 
    {
        "accumulated_operating_revenue_yoy": 34.30489240907965, 
        "accumulated_operating_revenue": 395771, 
        "long_term_average": 48791, 
        "date": "2013-08-31", 
        "operating_revenue": 55005, 
        "short_term_average": 50264
    }, 
    {
        "accumulated_operating_revenue_yoy": 29.252342178481445, 
        "accumulated_operating_revenue": 442719, 
        "long_term_average": 48717, 
        "date": "2013-09-30", 
        "operating_revenue": 46948, 
        "short_term_average": 49396
    }, 
    {
        "accumulated_operating_revenue_yoy": 25.983205632050666, 
        "accumulated_operating_revenue": 490149, 
        "long_term_average": 48791, 
        "date": "2013-10-31", 
        "operating_revenue": 47430, 
        "short_term_average": 49794
    }, 
    {
        "accumulated_operating_revenue_yoy": 22.039702547143385, 
        "accumulated_operating_revenue": 540260, 
        "long_term_average": 48498, 
        "date": "2013-11-30", 
        "operating_revenue": 50111, 
        "short_term_average": 48163
    }, 
    {
        "accumulated_operating_revenue_yoy": 21.96325832096431, 
        "accumulated_operating_revenue": 590801, 
        "long_term_average": 49233, 
        "date": "2013-12-31", 
        "operating_revenue": 50541, 
        "short_term_average": 49360
    }, 
    {
        "accumulated_operating_revenue_yoy": 38.24492318963346, 
        "accumulated_operating_revenue": 60384, 
        "long_term_average": 50625, 
        "date": "2014-01-31", 
        "operating_revenue": 60384, 
        "short_term_average": 53678
    }, 
    {
        "accumulated_operating_revenue_yoy": 37.75865357108801, 
        "accumulated_operating_revenue": 115574, 
        "long_term_average": 51873, 
        "date": "2014-02-28", 
        "operating_revenue": 55190, 
        "short_term_average": 55371
    }, 
    {
        "accumulated_operating_revenue_yoy": 28.329812773504244, 
        "accumulated_operating_revenue": 178005, 
        "long_term_average": 52508, 
        "date": "2014-03-31", 
        "operating_revenue": 62431, 
        "short_term_average": 59335
    }, 
    {
        "accumulated_operating_revenue_yoy": 28.122694321904913, 
        "accumulated_operating_revenue": 248321, 
        "long_term_average": 53775, 
        "date": "2014-04-30", 
        "operating_revenue": 70316, 
        "short_term_average": 62645
    }, 
    {
        "accumulated_operating_revenue_yoy": 34.40213242767747, 
        "accumulated_operating_revenue": 329257, 
        "long_term_average": 56256, 
        "date": "2014-05-31", 
        "operating_revenue": 80936, 
        "short_term_average": 71227
    }, 
    {
        "accumulated_operating_revenue_yoy": 38.022822724942365, 
        "accumulated_operating_revenue": 406520, 
        "long_term_average": 58565, 
        "date": "2014-06-30", 
        "operating_revenue": 77263, 
        "short_term_average": 76171
    }, 
    {
        "accumulated_operating_revenue_yoy": 41.97367108220891, 
        "accumulated_operating_revenue": 483798, 
        "long_term_average": 61152, 
        "date": "2014-07-31", 
        "operating_revenue": 77278, 
        "short_term_average": 78492
    }, 
    {
        "accumulated_operating_revenue_yoy": 39.27624813339027, 
        "accumulated_operating_revenue": 551215, 
        "long_term_average": 62187, 
        "date": "2014-08-31", 
        "operating_revenue": 67417, 
        "short_term_average": 73986
    }, 
    {
        "accumulated_operating_revenue_yoy": 39.762467840774846, 
        "accumulated_operating_revenue": 618755, 
        "long_term_average": 63903, 
        "date": "2014-09-30", 
        "operating_revenue": 67540, 
        "short_term_average": 70745
    }, 
    {
        "accumulated_operating_revenue_yoy": 40.55562696241347, 
        "accumulated_operating_revenue": 688932, 
        "long_term_average": 65798, 
        "date": "2014-10-31", 
        "operating_revenue": 70177, 
        "short_term_average": 68378
    }, 
    {
        "accumulated_operating_revenue_yoy": 42.75348906082257, 
        "accumulated_operating_revenue": 771240, 
        "long_term_average": 68481, 
        "date": "2014-11-30", 
        "operating_revenue": 82308, 
        "short_term_average": 73341
    }, 
    {
        "accumulated_operating_revenue_yoy": 44.87314679562154, 
        "accumulated_operating_revenue": 855912, 
        "long_term_average": 71326, 
        "date": "2014-12-31", 
        "operating_revenue": 84672, 
        "short_term_average": 79052
    }, 
    {
        "accumulated_operating_revenue_yoy": 66.32220455749868, 
        "accumulated_operating_revenue": 100432, 
        "long_term_average": 74663, 
        "date": "2015-01-31", 
        "operating_revenue": 100432, 
        "short_term_average": 89137
    }, 
    {
        "accumulated_operating_revenue_yoy": 52.38548462456954, 
        "accumulated_operating_revenue": 176118, 
        "long_term_average": 76371, 
        "date": "2015-02-28", 
        "operating_revenue": 75686, 
        "short_term_average": 86930
    }, 
    {
        "accumulated_operating_revenue_yoy": 36.19729782871268, 
        "accumulated_operating_revenue": 242438, 
        "long_term_average": 76695, 
        "date": "2015-03-31", 
        "operating_revenue": 66320, 
        "short_term_average": 80812
    }, 
    {
        "accumulated_operating_revenue_yoy": 26.723072152576705, 
        "accumulated_operating_revenue": 314680, 
        "long_term_average": 76855, 
        "date": "2015-04-30", 
        "operating_revenue": 72242, 
        "short_term_average": 71416
    }, 
    {
        "accumulated_operating_revenue_yoy": 14.553980629113427, 
        "accumulated_operating_revenue": 377177, 
        "long_term_average": 75319, 
        "date": "2015-05-31", 
        "operating_revenue": 62497, 
        "short_term_average": 67019
    }, 
    {
        "accumulated_operating_revenue_yoy": 10.366771622552395, 
        "accumulated_operating_revenue": 448663, 
        "long_term_average": 74837, 
        "date": "2015-06-30", 
        "operating_revenue": 71486, 
        "short_term_average": 68741
    }, 
    {
        "accumulated_operating_revenue_yoy": 12.540771148289162, 
        "accumulated_operating_revenue": 544470, 
        "long_term_average": 76382, 
        "date": "2015-07-31", 
        "operating_revenue": 95807, 
        "short_term_average": 76596
    }, 
    {
        "accumulated_operating_revenue_yoy": 15.691699246210645, 
        "accumulated_operating_revenue": 637710, 
        "long_term_average": 78533, 
        "date": "2015-08-31", 
        "operating_revenue": 93240, 
        "short_term_average": 86844
    }
]