[
    {
        "date": "2013-04-30", 
        "operating_revenue": 71517, 
        "accumulated_operating_revenue": 71517, 
        "long_term_average": 71517, 
        "short_term_average": 71517
    }, 
    {
        "date": "2013-05-31", 
        "operating_revenue": 94762, 
        "accumulated_operating_revenue": 166279, 
        "long_term_average": 83139, 
        "short_term_average": 83139
    }, 
    {
        "date": "2013-06-30", 
        "operating_revenue": 73834, 
        "accumulated_operating_revenue": 240113, 
        "long_term_average": 80037, 
        "short_term_average": 80037
    }, 
    {
        "date": "2013-07-31", 
        "operating_revenue": 82089, 
        "accumulated_operating_revenue": 322202, 
        "long_term_average": 80550, 
        "short_term_average": 83561
    }, 
    {
        "date": "2013-08-31", 
        "operating_revenue": 94770, 
        "accumulated_operating_revenue": 416972, 
        "long_term_average": 83394, 
        "short_term_average": 83564
    }, 
    {
        "date": "2013-09-30", 
        "operating_revenue": 89388, 
        "accumulated_operating_revenue": 506360, 
        "long_term_average": 84393, 
        "short_term_average": 88749
    }, 
    {
        "date": "2013-10-31", 
        "operating_revenue": 79376, 
        "accumulated_operating_revenue": 585736, 
        "long_term_average": 83676, 
        "short_term_average": 87844
    }, 
    {
        "date": "2013-11-30", 
        "operating_revenue": 83876, 
        "accumulated_operating_revenue": 669612, 
        "long_term_average": 83701, 
        "short_term_average": 84213
    }, 
    {
        "date": "2013-12-31", 
        "operating_revenue": 86059, 
        "accumulated_operating_revenue": 755671, 
        "long_term_average": 83963, 
        "short_term_average": 83103
    }, 
    {
        "date": "2014-01-31", 
        "operating_revenue": 91072, 
        "accumulated_operating_revenue": 91072, 
        "long_term_average": 84674, 
        "short_term_average": 87002
    }, 
    {
        "date": "2014-02-28", 
        "operating_revenue": 60181, 
        "accumulated_operating_revenue": 151253, 
        "long_term_average": 82447, 
        "short_term_average": 79104
    }, 
    {
        "date": "2014-03-31", 
        "operating_revenue": 82954, 
        "accumulated_operating_revenue": 234207, 
        "long_term_average": 82489, 
        "short_term_average": 78069
    }, 
    {
        "accumulated_operating_revenue_yoy": 360.5716123439182, 
        "accumulated_operating_revenue": 329387, 
        "long_term_average": 84461, 
        "date": "2014-04-30", 
        "operating_revenue": 95180, 
        "short_term_average": 79438
    }, 
    {
        "accumulated_operating_revenue_yoy": 148.77885962749355, 
        "accumulated_operating_revenue": 413667, 
        "long_term_average": 83588, 
        "date": "2014-05-31", 
        "operating_revenue": 84280, 
        "short_term_average": 87471
    }, 
    {
        "accumulated_operating_revenue_yoy": 115.99955021177529, 
        "accumulated_operating_revenue": 518643, 
        "long_term_average": 86183, 
        "date": "2014-06-30", 
        "operating_revenue": 104976, 
        "short_term_average": 94812
    }, 
    {
        "accumulated_operating_revenue_yoy": 81.32165535906046, 
        "accumulated_operating_revenue": 584222, 
        "long_term_average": 84807, 
        "date": "2014-07-31", 
        "operating_revenue": 65579, 
        "short_term_average": 84945
    }, 
    {
        "accumulated_operating_revenue_yoy": 60.23881699490613, 
        "accumulated_operating_revenue": 668151, 
        "long_term_average": 83904, 
        "date": "2014-08-31", 
        "operating_revenue": 83929, 
        "short_term_average": 84828
    }, 
    {
        "accumulated_operating_revenue_yoy": 44.835295047002134, 
        "accumulated_operating_revenue": 733388, 
        "long_term_average": 81891, 
        "date": "2014-09-30", 
        "operating_revenue": 65237, 
        "short_term_average": 71581
    }, 
    {
        "accumulated_operating_revenue_yoy": 38.10044115437672, 
        "accumulated_operating_revenue": 808904, 
        "long_term_average": 81569, 
        "date": "2014-10-31", 
        "operating_revenue": 75516, 
        "short_term_average": 74894
    }, 
    {
        "accumulated_operating_revenue_yoy": 33.72565007795559, 
        "accumulated_operating_revenue": 895443, 
        "long_term_average": 81791, 
        "date": "2014-11-30", 
        "operating_revenue": 86539, 
        "short_term_average": 75764
    }, 
    {
        "accumulated_operating_revenue_yoy": 26.60377333522128, 
        "accumulated_operating_revenue": 956708, 
        "long_term_average": 79725, 
        "date": "2014-12-31", 
        "operating_revenue": 61265, 
        "short_term_average": 74440
    }, 
    {
        "accumulated_operating_revenue_yoy": 1.9138703443429372, 
        "accumulated_operating_revenue": 92815, 
        "long_term_average": 79870, 
        "date": "2015-01-31", 
        "operating_revenue": 92815, 
        "short_term_average": 80206
    }, 
    {
        "accumulated_operating_revenue_yoy": 0.18644258295703225, 
        "accumulated_operating_revenue": 151535, 
        "long_term_average": 79749, 
        "date": "2015-02-28", 
        "operating_revenue": 58720, 
        "short_term_average": 70933
    }, 
    {
        "accumulated_operating_revenue_yoy": -10.773375689027228, 
        "accumulated_operating_revenue": 208975, 
        "long_term_average": 77623, 
        "date": "2015-03-31", 
        "operating_revenue": 57440, 
        "short_term_average": 69658
    }, 
    {
        "accumulated_operating_revenue_yoy": -18.559627429133513, 
        "accumulated_operating_revenue": 268254, 
        "long_term_average": 74631, 
        "date": "2015-04-30", 
        "operating_revenue": 59279, 
        "short_term_average": 58479
    }, 
    {
        "accumulated_operating_revenue_yoy": -19.399420306671793, 
        "accumulated_operating_revenue": 333418, 
        "long_term_average": 73038, 
        "date": "2015-05-31", 
        "operating_revenue": 65164, 
        "short_term_average": 60627
    }, 
    {
        "accumulated_operating_revenue_yoy": -15.64390148907823, 
        "accumulated_operating_revenue": 437507, 
        "long_term_average": 72964, 
        "date": "2015-06-30", 
        "operating_revenue": 104089, 
        "short_term_average": 76177
    }, 
    {
        "accumulated_operating_revenue_yoy": -12.806775506571134, 
        "accumulated_operating_revenue": 509402, 
        "long_term_average": 73490, 
        "date": "2015-07-31", 
        "operating_revenue": 71895, 
        "short_term_average": 80382
    }, 
    {
        "accumulated_operating_revenue_yoy": -14.892441977936125, 
        "accumulated_operating_revenue": 568647, 
        "long_term_average": 71433, 
        "date": "2015-08-31", 
        "operating_revenue": 59245, 
        "short_term_average": 78409
    }, 
    {
        "accumulated_operating_revenue_yoy": -15.377535492808716, 
        "accumulated_operating_revenue": 620611, 
        "long_term_average": 70327, 
        "date": "2015-09-30", 
        "operating_revenue": 51964, 
        "short_term_average": 61034
    }
]