[
    {
        "date": "2012-01-31", 
        "operating_revenue": 22601, 
        "accumulated_operating_revenue": 22601, 
        "long_term_average": 22601, 
        "short_term_average": 22601
    }, 
    {
        "date": "2012-02-29", 
        "operating_revenue": 21954, 
        "accumulated_operating_revenue": 44555, 
        "long_term_average": 22277, 
        "short_term_average": 22277
    }, 
    {
        "date": "2012-03-31", 
        "operating_revenue": 22815, 
        "accumulated_operating_revenue": 67370, 
        "long_term_average": 22456, 
        "short_term_average": 22456
    }, 
    {
        "date": "2012-04-30", 
        "operating_revenue": 22751, 
        "accumulated_operating_revenue": 90121, 
        "long_term_average": 22530, 
        "short_term_average": 22506
    }, 
    {
        "date": "2012-05-31", 
        "operating_revenue": 23714, 
        "accumulated_operating_revenue": 113835, 
        "long_term_average": 22767, 
        "short_term_average": 23093
    }, 
    {
        "date": "2012-06-30", 
        "operating_revenue": 23969, 
        "accumulated_operating_revenue": 137804, 
        "long_term_average": 22967, 
        "short_term_average": 23478
    }, 
    {
        "date": "2012-07-31", 
        "operating_revenue": 24638, 
        "accumulated_operating_revenue": 162442, 
        "long_term_average": 23206, 
        "short_term_average": 24107
    }, 
    {
        "date": "2012-08-31", 
        "operating_revenue": 24478, 
        "accumulated_operating_revenue": 186920, 
        "long_term_average": 23365, 
        "short_term_average": 24361
    }, 
    {
        "date": "2012-09-30", 
        "operating_revenue": 25372, 
        "accumulated_operating_revenue": 212292, 
        "long_term_average": 23588, 
        "short_term_average": 24829
    }, 
    {
        "date": "2012-10-31", 
        "operating_revenue": 28457, 
        "accumulated_operating_revenue": 240749, 
        "long_term_average": 24074, 
        "short_term_average": 26102
    }, 
    {
        "date": "2012-11-30", 
        "operating_revenue": 28684, 
        "accumulated_operating_revenue": 269433, 
        "long_term_average": 24493, 
        "short_term_average": 27504
    }, 
    {
        "date": "2012-12-31", 
        "operating_revenue": 29910, 
        "accumulated_operating_revenue": 299343, 
        "long_term_average": 24945, 
        "short_term_average": 29017
    }, 
    {
        "accumulated_operating_revenue_yoy": 21.60966328923499, 
        "accumulated_operating_revenue": 27485, 
        "long_term_average": 25352, 
        "date": "2013-01-31", 
        "operating_revenue": 27485, 
        "short_term_average": 28693
    }, 
    {
        "accumulated_operating_revenue_yoy": 21.47682639434407, 
        "accumulated_operating_revenue": 54124, 
        "long_term_average": 25742, 
        "date": "2013-02-28", 
        "operating_revenue": 26639, 
        "short_term_average": 28011
    }, 
    {
        "accumulated_operating_revenue_yoy": 20.35030428974321, 
        "accumulated_operating_revenue": 81080, 
        "long_term_average": 26087, 
        "date": "2013-03-31", 
        "operating_revenue": 26956, 
        "short_term_average": 27026
    }, 
    {
        "accumulated_operating_revenue_yoy": 18.349774192474563, 
        "accumulated_operating_revenue": 106658, 
        "long_term_average": 26323, 
        "date": "2013-04-30", 
        "operating_revenue": 25578, 
        "short_term_average": 26391
    }, 
    {
        "accumulated_operating_revenue_yoy": 17.51482408749506, 
        "accumulated_operating_revenue": 133773, 
        "long_term_average": 26606, 
        "date": "2013-05-31", 
        "operating_revenue": 27115, 
        "short_term_average": 26549
    }, 
    {
        "accumulated_operating_revenue_yoy": 17.117790485036718, 
        "accumulated_operating_revenue": 161393, 
        "long_term_average": 26911, 
        "date": "2013-06-30", 
        "operating_revenue": 27620, 
        "short_term_average": 26771
    }, 
    {
        "accumulated_operating_revenue_yoy": 15.99955676487608, 
        "accumulated_operating_revenue": 188432, 
        "long_term_average": 27111, 
        "date": "2013-07-31", 
        "operating_revenue": 27039, 
        "short_term_average": 27258
    }, 
    {
        "accumulated_operating_revenue_yoy": 15.003209929381553, 
        "accumulated_operating_revenue": 214964, 
        "long_term_average": 27282, 
        "date": "2013-08-31", 
        "operating_revenue": 26532, 
        "short_term_average": 27063
    }, 
    {
        "accumulated_operating_revenue_yoy": 12.586908597591995, 
        "accumulated_operating_revenue": 239013, 
        "long_term_average": 27172, 
        "date": "2013-09-30", 
        "operating_revenue": 24049, 
        "short_term_average": 25873
    }, 
    {
        "accumulated_operating_revenue_yoy": 8.882695255224322, 
        "accumulated_operating_revenue": 262134, 
        "long_term_average": 26727, 
        "date": "2013-10-31", 
        "operating_revenue": 23121, 
        "short_term_average": 24567
    }, 
    {
        "accumulated_operating_revenue_yoy": 5.327484012723015, 
        "accumulated_operating_revenue": 283787, 
        "long_term_average": 26141, 
        "date": "2013-11-30", 
        "operating_revenue": 21653, 
        "short_term_average": 22941
    }, 
    {
        "accumulated_operating_revenue_yoy": 2.352151211152424, 
        "accumulated_operating_revenue": 306384, 
        "long_term_average": 25532, 
        "date": "2013-12-31", 
        "operating_revenue": 22597, 
        "short_term_average": 22457
    }, 
    {
        "accumulated_operating_revenue_yoy": -14.105875932326722, 
        "accumulated_operating_revenue": 23608, 
        "long_term_average": 25208, 
        "date": "2014-01-31", 
        "operating_revenue": 23608, 
        "short_term_average": 22619
    }, 
    {
        "accumulated_operating_revenue_yoy": -12.377133988618727, 
        "accumulated_operating_revenue": 47425, 
        "long_term_average": 24973, 
        "date": "2014-02-28", 
        "operating_revenue": 23817, 
        "short_term_average": 23340
    }, 
    {
        "accumulated_operating_revenue_yoy": -10.261470152935374, 
        "accumulated_operating_revenue": 72760, 
        "long_term_average": 24838, 
        "date": "2014-03-31", 
        "operating_revenue": 25335, 
        "short_term_average": 24253
    }, 
    {
        "accumulated_operating_revenue_yoy": -10.108008775713026, 
        "accumulated_operating_revenue": 95877, 
        "long_term_average": 24633, 
        "date": "2014-04-30", 
        "operating_revenue": 23117, 
        "short_term_average": 24089
    }, 
    {
        "accumulated_operating_revenue_yoy": -10.92896174863388, 
        "accumulated_operating_revenue": 119153, 
        "long_term_average": 24313, 
        "date": "2014-05-31", 
        "operating_revenue": 23276, 
        "short_term_average": 23909
    }, 
    {
        "accumulated_operating_revenue_yoy": -11.771886017361348, 
        "accumulated_operating_revenue": 142394, 
        "long_term_average": 23948, 
        "date": "2014-06-30", 
        "operating_revenue": 23241, 
        "short_term_average": 23211
    }, 
    {
        "accumulated_operating_revenue_yoy": -12.352466672327418, 
        "accumulated_operating_revenue": 165156, 
        "long_term_average": 23592, 
        "date": "2014-07-31", 
        "operating_revenue": 22762, 
        "short_term_average": 23093
    }, 
    {
        "accumulated_operating_revenue_yoy": -13.264081427587875, 
        "accumulated_operating_revenue": 186451, 
        "long_term_average": 23155, 
        "date": "2014-08-31", 
        "operating_revenue": 21295, 
        "short_term_average": 22432
    }, 
    {
        "accumulated_operating_revenue_yoy": -13.564115759393841, 
        "accumulated_operating_revenue": 206593, 
        "long_term_average": 22830, 
        "date": "2014-09-30", 
        "operating_revenue": 20142, 
        "short_term_average": 21399
    }, 
    {
        "accumulated_operating_revenue_yoy": -13.772726925923381, 
        "accumulated_operating_revenue": 226031, 
        "long_term_average": 22523, 
        "date": "2014-10-31", 
        "operating_revenue": 19438, 
        "short_term_average": 20291
    }, 
    {
        "accumulated_operating_revenue_yoy": -13.775472449407477, 
        "accumulated_operating_revenue": 244694, 
        "long_term_average": 22274, 
        "date": "2014-11-30", 
        "operating_revenue": 18663, 
        "short_term_average": 19414
    }, 
    {
        "accumulated_operating_revenue_yoy": -14.192647135620659, 
        "accumulated_operating_revenue": 262900, 
        "long_term_average": 21908, 
        "date": "2014-12-31", 
        "operating_revenue": 18206, 
        "short_term_average": 18769
    }, 
    {
        "accumulated_operating_revenue_yoy": -25.38546255506608, 
        "accumulated_operating_revenue": 17615, 
        "long_term_average": 21408, 
        "date": "2015-01-31", 
        "operating_revenue": 17615, 
        "short_term_average": 18161
    }, 
    {
        "accumulated_operating_revenue_yoy": -25.36425935687928, 
        "accumulated_operating_revenue": 35396, 
        "long_term_average": 20905, 
        "date": "2015-02-28", 
        "operating_revenue": 17781, 
        "short_term_average": 17867
    }, 
    {
        "accumulated_operating_revenue_yoy": -25.806761957119296, 
        "accumulated_operating_revenue": 53983, 
        "long_term_average": 20343, 
        "date": "2015-03-31", 
        "operating_revenue": 18587, 
        "short_term_average": 17994
    }, 
    {
        "accumulated_operating_revenue_yoy": -26.01249517611106, 
        "accumulated_operating_revenue": 70937, 
        "long_term_average": 19830, 
        "date": "2015-04-30", 
        "operating_revenue": 16954, 
        "short_term_average": 17774
    }, 
    {
        "accumulated_operating_revenue_yoy": -25.6435003734694, 
        "accumulated_operating_revenue": 88598, 
        "long_term_average": 19362, 
        "date": "2015-05-31", 
        "operating_revenue": 17661, 
        "short_term_average": 17734
    }, 
    {
        "accumulated_operating_revenue_yoy": -25.55093613494951, 
        "accumulated_operating_revenue": 106011, 
        "long_term_average": 18876, 
        "date": "2015-06-30", 
        "operating_revenue": 17413, 
        "short_term_average": 17342
    }, 
    {
        "accumulated_operating_revenue_yoy": -24.09903364092131, 
        "accumulated_operating_revenue": 125355, 
        "long_term_average": 18591, 
        "date": "2015-07-31", 
        "operating_revenue": 19344, 
        "short_term_average": 18139
    }, 
    {
        "accumulated_operating_revenue_yoy": -20.477766276394334, 
        "accumulated_operating_revenue": 148270, 
        "long_term_average": 18726, 
        "date": "2015-08-31", 
        "operating_revenue": 22915, 
        "short_term_average": 19890
    }, 
    {
        "accumulated_operating_revenue_yoy": -16.977341923492084, 
        "accumulated_operating_revenue": 171519, 
        "long_term_average": 18985, 
        "date": "2015-09-30", 
        "operating_revenue": 23249, 
        "short_term_average": 21836
    }
]