[
    {
        "date": "2012-01-31", 
        "operating_revenue": 80470, 
        "accumulated_operating_revenue": 80470, 
        "long_term_average": 80470, 
        "short_term_average": 80470
    }, 
    {
        "date": "2012-02-29", 
        "operating_revenue": 78447, 
        "accumulated_operating_revenue": 158917, 
        "long_term_average": 79458, 
        "short_term_average": 79458
    }, 
    {
        "date": "2012-03-31", 
        "operating_revenue": 98617, 
        "accumulated_operating_revenue": 257534, 
        "long_term_average": 85844, 
        "short_term_average": 85844
    }, 
    {
        "date": "2012-04-30", 
        "operating_revenue": 83384, 
        "accumulated_operating_revenue": 340918, 
        "long_term_average": 85229, 
        "short_term_average": 86816
    }, 
    {
        "date": "2012-05-31", 
        "operating_revenue": 88498, 
        "accumulated_operating_revenue": 429416, 
        "long_term_average": 85883, 
        "short_term_average": 90166
    }, 
    {
        "date": "2012-06-30", 
        "operating_revenue": 75164, 
        "accumulated_operating_revenue": 504580, 
        "long_term_average": 84096, 
        "short_term_average": 82348
    }, 
    {
        "date": "2012-07-31", 
        "operating_revenue": 64385, 
        "accumulated_operating_revenue": 568965, 
        "long_term_average": 81280, 
        "short_term_average": 76015
    }, 
    {
        "date": "2012-08-31", 
        "operating_revenue": 66473, 
        "accumulated_operating_revenue": 635438, 
        "long_term_average": 79429, 
        "short_term_average": 68674
    }, 
    {
        "date": "2012-09-30", 
        "operating_revenue": 69992, 
        "accumulated_operating_revenue": 705430, 
        "long_term_average": 78381, 
        "short_term_average": 66950
    }, 
    {
        "date": "2012-10-31", 
        "operating_revenue": 84418, 
        "accumulated_operating_revenue": 789848, 
        "long_term_average": 78984, 
        "short_term_average": 73627
    }, 
    {
        "date": "2012-11-30", 
        "operating_revenue": 78526, 
        "accumulated_operating_revenue": 868374, 
        "long_term_average": 78943, 
        "short_term_average": 77645
    }, 
    {
        "date": "2012-12-31", 
        "operating_revenue": 69421, 
        "accumulated_operating_revenue": 937795, 
        "long_term_average": 78149, 
        "short_term_average": 77455
    }, 
    {
        "accumulated_operating_revenue_yoy": -6.920591524791848, 
        "accumulated_operating_revenue": 74901, 
        "long_term_average": 77685, 
        "date": "2013-01-31", 
        "operating_revenue": 74901, 
        "short_term_average": 74282
    }, 
    {
        "accumulated_operating_revenue_yoy": -2.3446201476242314, 
        "accumulated_operating_revenue": 155191, 
        "long_term_average": 77839, 
        "date": "2013-02-28", 
        "operating_revenue": 80290, 
        "short_term_average": 74870
    }, 
    {
        "accumulated_operating_revenue_yoy": -7.299618691124279, 
        "accumulated_operating_revenue": 238735, 
        "long_term_average": 76583, 
        "date": "2013-03-31", 
        "operating_revenue": 83544, 
        "short_term_average": 79578
    }, 
    {
        "accumulated_operating_revenue_yoy": -5.506309435113429, 
        "accumulated_operating_revenue": 322146, 
        "long_term_average": 76585, 
        "date": "2013-04-30", 
        "operating_revenue": 83411, 
        "short_term_average": 82415
    }, 
    {
        "accumulated_operating_revenue_yoy": 0.260586470927958, 
        "accumulated_operating_revenue": 430535, 
        "long_term_average": 78242, 
        "date": "2013-05-31", 
        "operating_revenue": 108389, 
        "short_term_average": 91781
    }, 
    {
        "accumulated_operating_revenue_yoy": 5.783820206904752, 
        "accumulated_operating_revenue": 533764, 
        "long_term_average": 80581, 
        "date": "2013-06-30", 
        "operating_revenue": 103229, 
        "short_term_average": 98343
    }, 
    {
        "accumulated_operating_revenue_yoy": 12.977599676605767, 
        "accumulated_operating_revenue": 642803, 
        "long_term_average": 84302, 
        "date": "2013-07-31", 
        "operating_revenue": 109039, 
        "short_term_average": 106885
    }, 
    {
        "accumulated_operating_revenue_yoy": 17.19019007361851, 
        "accumulated_operating_revenue": 744671, 
        "long_term_average": 87252, 
        "date": "2013-08-31", 
        "operating_revenue": 101868, 
        "short_term_average": 104712
    }, 
    {
        "accumulated_operating_revenue_yoy": 17.960818224345434, 
        "accumulated_operating_revenue": 832131, 
        "long_term_average": 88708, 
        "date": "2013-09-30", 
        "operating_revenue": 87460, 
        "short_term_average": 99455
    }, 
    {
        "accumulated_operating_revenue_yoy": 16.75866749045386, 
        "accumulated_operating_revenue": 922216, 
        "long_term_average": 89180, 
        "date": "2013-10-31", 
        "operating_revenue": 90085, 
        "short_term_average": 93137
    }, 
    {
        "accumulated_operating_revenue_yoy": 15.212915172494801, 
        "accumulated_operating_revenue": 1000479, 
        "long_term_average": 89158, 
        "date": "2013-11-30", 
        "operating_revenue": 78263, 
        "short_term_average": 85269
    }, 
    {
        "accumulated_operating_revenue_yoy": 12.958269131313346, 
        "accumulated_operating_revenue": 1059317, 
        "long_term_average": 88276, 
        "date": "2013-12-31", 
        "operating_revenue": 58838, 
        "short_term_average": 75728
    }, 
    {
        "accumulated_operating_revenue_yoy": -2.347098169583851, 
        "accumulated_operating_revenue": 73143, 
        "long_term_average": 88129, 
        "date": "2014-01-31", 
        "operating_revenue": 73143, 
        "short_term_average": 70081
    }, 
    {
        "accumulated_operating_revenue_yoy": 2.8700117919209234, 
        "accumulated_operating_revenue": 159645, 
        "long_term_average": 88647, 
        "date": "2014-02-28", 
        "operating_revenue": 86502, 
        "short_term_average": 72827
    }, 
    {
        "accumulated_operating_revenue_yoy": 2.5894820617002114, 
        "accumulated_operating_revenue": 244917, 
        "long_term_average": 88791, 
        "date": "2014-03-31", 
        "operating_revenue": 85272, 
        "short_term_average": 81639
    }, 
    {
        "accumulated_operating_revenue_yoy": 5.3134293146585705, 
        "accumulated_operating_revenue": 339263, 
        "long_term_average": 89702, 
        "date": "2014-04-30", 
        "operating_revenue": 94346, 
        "short_term_average": 88706
    }, 
    {
        "accumulated_operating_revenue_yoy": -0.8082966541628439, 
        "accumulated_operating_revenue": 427055, 
        "long_term_average": 87986, 
        "date": "2014-05-31", 
        "operating_revenue": 87792, 
        "short_term_average": 89136
    }, 
    {
        "accumulated_operating_revenue_yoy": -2.0600864801672647, 
        "accumulated_operating_revenue": 522768, 
        "long_term_average": 87360, 
        "date": "2014-06-30", 
        "operating_revenue": 95713, 
        "short_term_average": 92617
    }, 
    {
        "accumulated_operating_revenue_yoy": -3.076214641188669, 
        "accumulated_operating_revenue": 623029, 
        "long_term_average": 86628, 
        "date": "2014-07-31", 
        "operating_revenue": 100261, 
        "short_term_average": 94588
    }, 
    {
        "accumulated_operating_revenue_yoy": -3.3323440821517156, 
        "accumulated_operating_revenue": 719856, 
        "long_term_average": 86208, 
        "date": "2014-08-31", 
        "operating_revenue": 96827, 
        "short_term_average": 97600
    }, 
    {
        "accumulated_operating_revenue_yoy": -2.933552529589692, 
        "accumulated_operating_revenue": 807720, 
        "long_term_average": 86242, 
        "date": "2014-09-30", 
        "operating_revenue": 87864, 
        "short_term_average": 94984
    }, 
    {
        "accumulated_operating_revenue_yoy": -2.0875803499397105, 
        "accumulated_operating_revenue": 902964, 
        "long_term_average": 86672, 
        "date": "2014-10-31", 
        "operating_revenue": 95244, 
        "short_term_average": 93311
    }, 
    {
        "accumulated_operating_revenue_yoy": -0.5245487411529877, 
        "accumulated_operating_revenue": 995231, 
        "long_term_average": 87839, 
        "date": "2014-11-30", 
        "operating_revenue": 92267, 
        "short_term_average": 91791
    }, 
    {
        "accumulated_operating_revenue_yoy": 1.621327704549252, 
        "accumulated_operating_revenue": 1076492, 
        "long_term_average": 89707, 
        "date": "2014-12-31", 
        "operating_revenue": 81261, 
        "short_term_average": 89590
    }, 
    {
        "accumulated_operating_revenue_yoy": 29.570840681951793, 
        "accumulated_operating_revenue": 94772, 
        "long_term_average": 91510, 
        "date": "2015-01-31", 
        "operating_revenue": 94772, 
        "short_term_average": 89433
    }, 
    {
        "accumulated_operating_revenue_yoy": 20.292524037708667, 
        "accumulated_operating_revenue": 192041, 
        "long_term_average": 92407, 
        "date": "2015-02-28", 
        "operating_revenue": 97269, 
        "short_term_average": 91100
    }, 
    {
        "accumulated_operating_revenue_yoy": 18.101234295700174, 
        "accumulated_operating_revenue": 289250, 
        "long_term_average": 93402, 
        "date": "2015-03-31", 
        "operating_revenue": 97209, 
        "short_term_average": 96416
    }, 
    {
        "accumulated_operating_revenue_yoy": 13.73742494760702, 
        "accumulated_operating_revenue": 385869, 
        "long_term_average": 93591, 
        "date": "2015-04-30", 
        "operating_revenue": 96619, 
        "short_term_average": 97032
    }, 
    {
        "accumulated_operating_revenue_yoy": 12.65644940347262, 
        "accumulated_operating_revenue": 481105, 
        "long_term_average": 94211, 
        "date": "2015-05-31", 
        "operating_revenue": 95236, 
        "short_term_average": 96354
    }, 
    {
        "accumulated_operating_revenue_yoy": 11.141271080096717, 
        "accumulated_operating_revenue": 581011, 
        "long_term_average": 94561, 
        "date": "2015-06-30", 
        "operating_revenue": 99906, 
        "short_term_average": 97253
    }, 
    {
        "accumulated_operating_revenue_yoy": 9.982199865495827, 
        "accumulated_operating_revenue": 685221, 
        "long_term_average": 94890, 
        "date": "2015-07-31", 
        "operating_revenue": 104210, 
        "short_term_average": 99784
    }, 
    {
        "accumulated_operating_revenue_yoy": 8.92206219021582, 
        "accumulated_operating_revenue": 784082, 
        "long_term_average": 95059, 
        "date": "2015-08-31", 
        "operating_revenue": 98861, 
        "short_term_average": 100992
    }
]