[
    {
        "date": "2012-01-31", 
        "operating_revenue": 108809, 
        "accumulated_operating_revenue": 108809, 
        "long_term_average": 108809, 
        "short_term_average": 108809
    }, 
    {
        "date": "2012-02-29", 
        "operating_revenue": 139609, 
        "accumulated_operating_revenue": 248418, 
        "long_term_average": 124209, 
        "short_term_average": 124209
    }, 
    {
        "date": "2012-03-31", 
        "operating_revenue": 185009, 
        "accumulated_operating_revenue": 433427, 
        "long_term_average": 144475, 
        "short_term_average": 144475
    }, 
    {
        "date": "2012-04-30", 
        "operating_revenue": 177233, 
        "accumulated_operating_revenue": 610660, 
        "long_term_average": 152665, 
        "short_term_average": 167283
    }, 
    {
        "date": "2012-05-31", 
        "operating_revenue": 193717, 
        "accumulated_operating_revenue": 804377, 
        "long_term_average": 160875, 
        "short_term_average": 185319
    }, 
    {
        "date": "2012-06-30", 
        "operating_revenue": 185858, 
        "accumulated_operating_revenue": 990235, 
        "long_term_average": 165039, 
        "short_term_average": 185602
    }, 
    {
        "date": "2012-07-31", 
        "operating_revenue": 207029, 
        "accumulated_operating_revenue": 1197264, 
        "long_term_average": 171037, 
        "short_term_average": 195534
    }, 
    {
        "date": "2012-08-31", 
        "operating_revenue": 184590, 
        "accumulated_operating_revenue": 1381854, 
        "long_term_average": 172731, 
        "short_term_average": 192492
    }, 
    {
        "date": "2012-09-30", 
        "operating_revenue": 158034, 
        "accumulated_operating_revenue": 1539888, 
        "long_term_average": 171098, 
        "short_term_average": 183217
    }, 
    {
        "date": "2012-10-31", 
        "operating_revenue": 162583, 
        "accumulated_operating_revenue": 1702471, 
        "long_term_average": 170247, 
        "short_term_average": 168402
    }, 
    {
        "date": "2012-11-30", 
        "operating_revenue": 171491, 
        "accumulated_operating_revenue": 1873962, 
        "long_term_average": 170360, 
        "short_term_average": 164036
    }, 
    {
        "date": "2012-12-31", 
        "operating_revenue": 178078, 
        "accumulated_operating_revenue": 2052040, 
        "long_term_average": 171003, 
        "short_term_average": 170717
    }, 
    {
        "accumulated_operating_revenue_yoy": 89.5789870323227, 
        "accumulated_operating_revenue": 206279, 
        "long_term_average": 179125, 
        "date": "2013-01-31", 
        "operating_revenue": 206279, 
        "short_term_average": 185282
    }, 
    {
        "accumulated_operating_revenue_yoy": 52.41608901126328, 
        "accumulated_operating_revenue": 378629, 
        "long_term_average": 181854, 
        "date": "2013-02-28", 
        "operating_revenue": 172350, 
        "short_term_average": 185569
    }, 
    {
        "accumulated_operating_revenue_yoy": 37.3640774571035, 
        "accumulated_operating_revenue": 595373, 
        "long_term_average": 184498, 
        "date": "2013-03-31", 
        "operating_revenue": 216744, 
        "short_term_average": 198457
    }, 
    {
        "accumulated_operating_revenue_yoy": 34.77352372842498, 
        "accumulated_operating_revenue": 823008, 
        "long_term_average": 188699, 
        "date": "2013-04-30", 
        "operating_revenue": 227635, 
        "short_term_average": 205576
    }, 
    {
        "accumulated_operating_revenue_yoy": 31.06416518622487, 
        "accumulated_operating_revenue": 1054250, 
        "long_term_average": 191826, 
        "date": "2013-05-31", 
        "operating_revenue": 231242, 
        "short_term_average": 225207
    }, 
    {
        "accumulated_operating_revenue_yoy": 28.687028836589295, 
        "accumulated_operating_revenue": 1274304, 
        "long_term_average": 194675, 
        "date": "2013-06-30", 
        "operating_revenue": 220054, 
        "short_term_average": 226310
    }, 
    {
        "accumulated_operating_revenue_yoy": 23.800014031992944, 
        "accumulated_operating_revenue": 1482213, 
        "long_term_average": 194749, 
        "date": "2013-07-31", 
        "operating_revenue": 207909, 
        "short_term_average": 219735
    }, 
    {
        "accumulated_operating_revenue_yoy": 24.254371301164955, 
        "accumulated_operating_revenue": 1717014, 
        "long_term_average": 198933, 
        "date": "2013-08-31", 
        "operating_revenue": 234801, 
        "short_term_average": 220921
    }, 
    {
        "accumulated_operating_revenue_yoy": 23.66438338372661, 
        "accumulated_operating_revenue": 1904293, 
        "long_term_average": 201370, 
        "date": "2013-09-30", 
        "operating_revenue": 187279, 
        "short_term_average": 209996
    }, 
    {
        "accumulated_operating_revenue_yoy": 22.73918322250423, 
        "accumulated_operating_revenue": 2089599, 
        "long_term_average": 203264, 
        "date": "2013-10-31", 
        "operating_revenue": 185306, 
        "short_term_average": 202462
    }, 
    {
        "accumulated_operating_revenue_yoy": 22.495173327954355, 
        "accumulated_operating_revenue": 2295513, 
        "long_term_average": 206132, 
        "date": "2013-11-30", 
        "operating_revenue": 205914, 
        "short_term_average": 192833
    }, 
    {
        "accumulated_operating_revenue_yoy": 22.15161497826553, 
        "accumulated_operating_revenue": 2506600, 
        "long_term_average": 208883, 
        "date": "2013-12-31", 
        "operating_revenue": 211087, 
        "short_term_average": 200769
    }, 
    {
        "accumulated_operating_revenue_yoy": 5.073226067607464, 
        "accumulated_operating_revenue": 216744, 
        "long_term_average": 209755, 
        "date": "2014-01-31", 
        "operating_revenue": 216744, 
        "short_term_average": 211248
    }, 
    {
        "accumulated_operating_revenue_yoy": 3.2615040052399578, 
        "accumulated_operating_revenue": 390978, 
        "long_term_average": 209912, 
        "date": "2014-02-28", 
        "operating_revenue": 174234, 
        "short_term_average": 200688
    }, 
    {
        "accumulated_operating_revenue_yoy": 3.2514071010946077, 
        "accumulated_operating_revenue": 614731, 
        "long_term_average": 210496, 
        "date": "2014-03-31", 
        "operating_revenue": 223753, 
        "short_term_average": 204910
    }, 
    {
        "accumulated_operating_revenue_yoy": 2.371301372526148, 
        "accumulated_operating_revenue": 842524, 
        "long_term_average": 210509, 
        "date": "2014-04-30", 
        "operating_revenue": 227793, 
        "short_term_average": 208593
    }, 
    {
        "accumulated_operating_revenue_yoy": 1.613943561773773, 
        "accumulated_operating_revenue": 1071265, 
        "long_term_average": 210301, 
        "date": "2014-05-31", 
        "operating_revenue": 228741, 
        "short_term_average": 226762
    }, 
    {
        "accumulated_operating_revenue_yoy": 2.660903520666968, 
        "accumulated_operating_revenue": 1308212, 
        "long_term_average": 211709, 
        "date": "2014-06-30", 
        "operating_revenue": 236947, 
        "short_term_average": 231160
    }, 
    {
        "accumulated_operating_revenue_yoy": 1.6102274099606466, 
        "accumulated_operating_revenue": 1506080, 
        "long_term_average": 210872, 
        "date": "2014-07-31", 
        "operating_revenue": 197868, 
        "short_term_average": 221185
    }, 
    {
        "accumulated_operating_revenue_yoy": 0.11735489634912702, 
        "accumulated_operating_revenue": 1719029, 
        "long_term_average": 209051, 
        "date": "2014-08-31", 
        "operating_revenue": 212949, 
        "short_term_average": 215921
    }, 
    {
        "accumulated_operating_revenue_yoy": 0.3922190545257479, 
        "accumulated_operating_revenue": 1911762, 
        "long_term_average": 209505, 
        "date": "2014-09-30", 
        "operating_revenue": 192733, 
        "short_term_average": 201183
    }, 
    {
        "accumulated_operating_revenue_yoy": 0.8205402089108964, 
        "accumulated_operating_revenue": 2106745, 
        "long_term_average": 210312, 
        "date": "2014-10-31", 
        "operating_revenue": 194983, 
        "short_term_average": 200221
    }, 
    {
        "accumulated_operating_revenue_yoy": 0.2558905133623726, 
        "accumulated_operating_revenue": 2301387, 
        "long_term_average": 209372, 
        "date": "2014-11-30", 
        "operating_revenue": 194642, 
        "short_term_average": 194119
    }, 
    {
        "accumulated_operating_revenue_yoy": 1.3926035266895396, 
        "accumulated_operating_revenue": 2541507, 
        "long_term_average": 211792, 
        "date": "2014-12-31", 
        "operating_revenue": 240120, 
        "short_term_average": 209915
    }, 
    {
        "accumulated_operating_revenue_yoy": -7.150370944524416, 
        "accumulated_operating_revenue": 201246, 
        "long_term_average": 210500, 
        "date": "2015-01-31", 
        "operating_revenue": 201246, 
        "short_term_average": 212002
    }, 
    {
        "accumulated_operating_revenue_yoy": -11.687358367990015, 
        "accumulated_operating_revenue": 345283, 
        "long_term_average": 207984, 
        "date": "2015-02-28", 
        "operating_revenue": 144037, 
        "short_term_average": 195134
    }, 
    {
        "accumulated_operating_revenue_yoy": -9.023784386992034, 
        "accumulated_operating_revenue": 559259, 
        "long_term_average": 207169, 
        "date": "2015-03-31", 
        "operating_revenue": 213976, 
        "short_term_average": 186419
    }, 
    {
        "accumulated_operating_revenue_yoy": -9.31617378258661, 
        "accumulated_operating_revenue": 764033, 
        "long_term_average": 205251, 
        "date": "2015-04-30", 
        "operating_revenue": 204774, 
        "short_term_average": 187595
    }, 
    {
        "accumulated_operating_revenue_yoy": -12.053786878130062, 
        "accumulated_operating_revenue": 942137, 
        "long_term_average": 201031, 
        "date": "2015-05-31", 
        "operating_revenue": 178104, 
        "short_term_average": 198951
    }, 
    {
        "accumulated_operating_revenue_yoy": -12.305115684613808, 
        "accumulated_operating_revenue": 1147235, 
        "long_term_average": 198377, 
        "date": "2015-06-30", 
        "operating_revenue": 205098, 
        "short_term_average": 195992
    }, 
    {
        "accumulated_operating_revenue_yoy": -9.856846913842558, 
        "accumulated_operating_revenue": 1357628, 
        "long_term_average": 199421, 
        "date": "2015-07-31", 
        "operating_revenue": 210393, 
        "short_term_average": 197865
    }, 
    {
        "accumulated_operating_revenue_yoy": -9.656905148197033, 
        "accumulated_operating_revenue": 1553024, 
        "long_term_average": 197958, 
        "date": "2015-08-31", 
        "operating_revenue": 195396, 
        "short_term_average": 203629
    }
]