[
    {
        "date": "2012-01-31", 
        "operating_revenue": 58230, 
        "accumulated_operating_revenue": 58230, 
        "long_term_average": 58230, 
        "short_term_average": 58230
    }, 
    {
        "date": "2012-02-29", 
        "operating_revenue": 57269, 
        "accumulated_operating_revenue": 115499, 
        "long_term_average": 57749, 
        "short_term_average": 57749
    }, 
    {
        "date": "2012-03-31", 
        "operating_revenue": 65434, 
        "accumulated_operating_revenue": 180933, 
        "long_term_average": 60311, 
        "short_term_average": 60311
    }, 
    {
        "date": "2012-04-30", 
        "operating_revenue": 65716, 
        "accumulated_operating_revenue": 246649, 
        "long_term_average": 61662, 
        "short_term_average": 62806
    }, 
    {
        "date": "2012-05-31", 
        "operating_revenue": 69503, 
        "accumulated_operating_revenue": 316152, 
        "long_term_average": 63230, 
        "short_term_average": 66884
    }, 
    {
        "date": "2012-06-30", 
        "operating_revenue": 73044, 
        "accumulated_operating_revenue": 389196, 
        "long_term_average": 64866, 
        "short_term_average": 69421
    }, 
    {
        "date": "2012-07-31", 
        "operating_revenue": 72807, 
        "accumulated_operating_revenue": 462003, 
        "long_term_average": 66000, 
        "short_term_average": 71784
    }, 
    {
        "date": "2012-08-31", 
        "operating_revenue": 90910, 
        "accumulated_operating_revenue": 552913, 
        "long_term_average": 69114, 
        "short_term_average": 78920
    }, 
    {
        "date": "2012-09-30", 
        "operating_revenue": 75455, 
        "accumulated_operating_revenue": 628368, 
        "long_term_average": 69818, 
        "short_term_average": 79724
    }, 
    {
        "date": "2012-10-31", 
        "operating_revenue": 71465, 
        "accumulated_operating_revenue": 699833, 
        "long_term_average": 69983, 
        "short_term_average": 79276
    }, 
    {
        "date": "2012-11-30", 
        "operating_revenue": 71920, 
        "accumulated_operating_revenue": 771753, 
        "long_term_average": 70159, 
        "short_term_average": 72946
    }, 
    {
        "date": "2012-12-31", 
        "operating_revenue": 73779, 
        "accumulated_operating_revenue": 845532, 
        "long_term_average": 70461, 
        "short_term_average": 72388
    }, 
    {
        "accumulated_operating_revenue_yoy": 18.08861411643483, 
        "accumulated_operating_revenue": 68763, 
        "long_term_average": 71338, 
        "date": "2013-01-31", 
        "operating_revenue": 68763, 
        "short_term_average": 71487
    }, 
    {
        "accumulated_operating_revenue_yoy": 25.880743556221265, 
        "accumulated_operating_revenue": 145391, 
        "long_term_average": 72952, 
        "date": "2013-02-28", 
        "operating_revenue": 76628, 
        "short_term_average": 73056
    }, 
    {
        "accumulated_operating_revenue_yoy": 28.604511062105864, 
        "accumulated_operating_revenue": 232688, 
        "long_term_average": 74773, 
        "date": "2013-03-31", 
        "operating_revenue": 87297, 
        "short_term_average": 77562
    }, 
    {
        "accumulated_operating_revenue_yoy": 25.900368539908943, 
        "accumulated_operating_revenue": 310532, 
        "long_term_average": 75784, 
        "date": "2013-04-30", 
        "operating_revenue": 77844, 
        "short_term_average": 80589
    }, 
    {
        "accumulated_operating_revenue_yoy": 23.938485285558844, 
        "accumulated_operating_revenue": 391834, 
        "long_term_average": 76767, 
        "date": "2013-05-31", 
        "operating_revenue": 81302, 
        "short_term_average": 82147
    }, 
    {
        "accumulated_operating_revenue_yoy": 20.547230701240508, 
        "accumulated_operating_revenue": 469165, 
        "long_term_average": 77125, 
        "date": "2013-06-30", 
        "operating_revenue": 77331, 
        "short_term_average": 78825
    }, 
    {
        "accumulated_operating_revenue_yoy": 18.362867773585887, 
        "accumulated_operating_revenue": 546840, 
        "long_term_average": 77530, 
        "date": "2013-07-31", 
        "operating_revenue": 77675, 
        "short_term_average": 78769
    }, 
    {
        "accumulated_operating_revenue_yoy": 14.249619741261283, 
        "accumulated_operating_revenue": 631701, 
        "long_term_average": 77026, 
        "date": "2013-08-31", 
        "operating_revenue": 84861, 
        "short_term_average": 79955
    }, 
    {
        "accumulated_operating_revenue_yoy": 12.475969495582206, 
        "accumulated_operating_revenue": 706763, 
        "long_term_average": 76993, 
        "date": "2013-09-30", 
        "operating_revenue": 75062, 
        "short_term_average": 79199
    }, 
    {
        "accumulated_operating_revenue_yoy": 12.08416865166404, 
        "accumulated_operating_revenue": 784402, 
        "long_term_average": 77508, 
        "date": "2013-10-31", 
        "operating_revenue": 77639, 
        "short_term_average": 79187
    }, 
    {
        "accumulated_operating_revenue_yoy": 12.031440111019977, 
        "accumulated_operating_revenue": 864606, 
        "long_term_average": 78198, 
        "date": "2013-11-30", 
        "operating_revenue": 80204, 
        "short_term_average": 77635
    }, 
    {
        "accumulated_operating_revenue_yoy": 11.452552948912638, 
        "accumulated_operating_revenue": 942367, 
        "long_term_average": 78530, 
        "date": "2013-12-31", 
        "operating_revenue": 77761, 
        "short_term_average": 78534
    }, 
    {
        "accumulated_operating_revenue_yoy": 21.184357866876084, 
        "accumulated_operating_revenue": 83330, 
        "long_term_average": 79744, 
        "date": "2014-01-31", 
        "operating_revenue": 83330, 
        "short_term_average": 80431
    }, 
    {
        "accumulated_operating_revenue_yoy": 5.58562772111066, 
        "accumulated_operating_revenue": 153512, 
        "long_term_average": 79207, 
        "date": "2014-02-28", 
        "operating_revenue": 70182, 
        "short_term_average": 77091
    }, 
    {
        "accumulated_operating_revenue_yoy": 3.14240528089115, 
        "accumulated_operating_revenue": 240000, 
        "long_term_average": 79139, 
        "date": "2014-03-31", 
        "operating_revenue": 86488, 
        "short_term_average": 80000
    }, 
    {
        "accumulated_operating_revenue_yoy": 6.513338399907257, 
        "accumulated_operating_revenue": 330758, 
        "long_term_average": 80216, 
        "date": "2014-04-30", 
        "operating_revenue": 90758, 
        "short_term_average": 82476
    }, 
    {
        "accumulated_operating_revenue_yoy": 8.70981078722112, 
        "accumulated_operating_revenue": 425962, 
        "long_term_average": 81374, 
        "date": "2014-05-31", 
        "operating_revenue": 95204, 
        "short_term_average": 90816
    }, 
    {
        "accumulated_operating_revenue_yoy": 11.579295130710944, 
        "accumulated_operating_revenue": 523491, 
        "long_term_average": 83057, 
        "date": "2014-06-30", 
        "operating_revenue": 97529, 
        "short_term_average": 94497
    }, 
    {
        "accumulated_operating_revenue_yoy": 14.387023626654964, 
        "accumulated_operating_revenue": 625514, 
        "long_term_average": 85086, 
        "date": "2014-07-31", 
        "operating_revenue": 102023, 
        "short_term_average": 98252
    }, 
    {
        "accumulated_operating_revenue_yoy": 14.532349956704198, 
        "accumulated_operating_revenue": 723502, 
        "long_term_average": 86180, 
        "date": "2014-08-31", 
        "operating_revenue": 97988, 
        "short_term_average": 99180
    }, 
    {
        "accumulated_operating_revenue_yoy": 15.9049073027309, 
        "accumulated_operating_revenue": 819173, 
        "long_term_average": 87898, 
        "date": "2014-09-30", 
        "operating_revenue": 95671, 
        "short_term_average": 98560
    }, 
    {
        "accumulated_operating_revenue_yoy": 19.015887261888675, 
        "accumulated_operating_revenue": 933563, 
        "long_term_average": 90960, 
        "date": "2014-10-31", 
        "operating_revenue": 114390, 
        "short_term_average": 102683
    }, 
    {
        "accumulated_operating_revenue_yoy": 20.435897969711057, 
        "accumulated_operating_revenue": 1041296, 
        "long_term_average": 93254, 
        "date": "2014-11-30", 
        "operating_revenue": 107733, 
        "short_term_average": 105931
    }, 
    {
        "accumulated_operating_revenue_yoy": 22.120468989257898, 
        "accumulated_operating_revenue": 1150823, 
        "long_term_average": 95901, 
        "date": "2014-12-31", 
        "operating_revenue": 109527, 
        "short_term_average": 110550
    }, 
    {
        "accumulated_operating_revenue_yoy": 22.98811952478099, 
        "accumulated_operating_revenue": 102486, 
        "long_term_average": 97498, 
        "date": "2015-01-31", 
        "operating_revenue": 102486, 
        "short_term_average": 106582
    }, 
    {
        "accumulated_operating_revenue_yoy": 27.450622752618685, 
        "accumulated_operating_revenue": 195652, 
        "long_term_average": 99413, 
        "date": "2015-02-28", 
        "operating_revenue": 93166, 
        "short_term_average": 101726
    }, 
    {
        "accumulated_operating_revenue_yoy": 33.454166666666666, 
        "accumulated_operating_revenue": 320290, 
        "long_term_average": 102592, 
        "date": "2015-03-31", 
        "operating_revenue": 124638, 
        "short_term_average": 106763
    }, 
    {
        "accumulated_operating_revenue_yoy": 32.331190779966015, 
        "accumulated_operating_revenue": 437696, 
        "long_term_average": 104813, 
        "date": "2015-04-30", 
        "operating_revenue": 117406, 
        "short_term_average": 111736
    }, 
    {
        "accumulated_operating_revenue_yoy": 30.801104323859875, 
        "accumulated_operating_revenue": 557163, 
        "long_term_average": 106835, 
        "date": "2015-05-31", 
        "operating_revenue": 119467, 
        "short_term_average": 120503
    }, 
    {
        "accumulated_operating_revenue_yoy": 28.520261093313927, 
        "accumulated_operating_revenue": 672792, 
        "long_term_average": 108343, 
        "date": "2015-06-30", 
        "operating_revenue": 115629, 
        "short_term_average": 117500
    }, 
    {
        "accumulated_operating_revenue_yoy": 26.783733057933155, 
        "accumulated_operating_revenue": 793050, 
        "long_term_average": 109863, 
        "date": "2015-07-31", 
        "operating_revenue": 120258, 
        "short_term_average": 118451
    }, 
    {
        "accumulated_operating_revenue_yoy": 26.232823129721826, 
        "accumulated_operating_revenue": 913297, 
        "long_term_average": 111718, 
        "date": "2015-08-31", 
        "operating_revenue": 120247, 
        "short_term_average": 118711
    }, 
    {
        "accumulated_operating_revenue_yoy": 25.35020075124546, 
        "accumulated_operating_revenue": 1026835, 
        "long_term_average": 113207, 
        "date": "2015-09-30", 
        "operating_revenue": 113538, 
        "short_term_average": 118014
    }
]