[
    {
        "date": "2013-07-31", 
        "operating_revenue": 262692, 
        "accumulated_operating_revenue": 262692, 
        "long_term_average": 262692, 
        "short_term_average": 262692
    }, 
    {
        "date": "2013-08-31", 
        "operating_revenue": 256686, 
        "accumulated_operating_revenue": 519378, 
        "long_term_average": 259689, 
        "short_term_average": 259689
    }, 
    {
        "date": "2013-09-30", 
        "operating_revenue": 259621, 
        "accumulated_operating_revenue": 778999, 
        "long_term_average": 259666, 
        "short_term_average": 259666
    }, 
    {
        "date": "2013-10-31", 
        "operating_revenue": 294443, 
        "accumulated_operating_revenue": 1073442, 
        "long_term_average": 268360, 
        "short_term_average": 270250
    }, 
    {
        "date": "2013-11-30", 
        "operating_revenue": 309913, 
        "accumulated_operating_revenue": 1383355, 
        "long_term_average": 276671, 
        "short_term_average": 287992
    }, 
    {
        "date": "2013-12-31", 
        "operating_revenue": 338068, 
        "accumulated_operating_revenue": 1721423, 
        "long_term_average": 286903, 
        "short_term_average": 314141
    }, 
    {
        "date": "2014-01-31", 
        "operating_revenue": 308882, 
        "accumulated_operating_revenue": 308882, 
        "long_term_average": 290043, 
        "short_term_average": 318954
    }, 
    {
        "date": "2014-02-28", 
        "operating_revenue": 266082, 
        "accumulated_operating_revenue": 574964, 
        "long_term_average": 287048, 
        "short_term_average": 304344
    }, 
    {
        "date": "2014-03-31", 
        "operating_revenue": 326109, 
        "accumulated_operating_revenue": 901073, 
        "long_term_average": 291388, 
        "short_term_average": 300357
    }, 
    {
        "date": "2014-04-30", 
        "operating_revenue": 302477, 
        "accumulated_operating_revenue": 1203550, 
        "long_term_average": 292497, 
        "short_term_average": 298222
    }, 
    {
        "date": "2014-05-31", 
        "operating_revenue": 281442, 
        "accumulated_operating_revenue": 1484992, 
        "long_term_average": 291492, 
        "short_term_average": 303342
    }, 
    {
        "date": "2014-06-30", 
        "operating_revenue": 301545, 
        "accumulated_operating_revenue": 1786537, 
        "long_term_average": 292330, 
        "short_term_average": 295154
    }, 
    {
        "accumulated_operating_revenue_yoy": 698.2363376121085, 
        "accumulated_operating_revenue": 2096903, 
        "long_term_average": 296302, 
        "date": "2014-07-31", 
        "operating_revenue": 310366, 
        "short_term_average": 297784
    }, 
    {
        "accumulated_operating_revenue_yoy": 363.98750043321047, 
        "accumulated_operating_revenue": 2409849, 
        "long_term_average": 300991, 
        "date": "2014-08-31", 
        "operating_revenue": 312946, 
        "short_term_average": 308285
    }, 
    {
        "accumulated_operating_revenue_yoy": 248.9835031880657, 
        "accumulated_operating_revenue": 2718578, 
        "long_term_average": 305083, 
        "date": "2014-09-30", 
        "operating_revenue": 308729, 
        "short_term_average": 310680
    }, 
    {
        "accumulated_operating_revenue_yoy": 183.24296981113093, 
        "accumulated_operating_revenue": 3040449, 
        "long_term_average": 307369, 
        "date": "2014-10-31", 
        "operating_revenue": 321871, 
        "short_term_average": 314515
    }, 
    {
        "accumulated_operating_revenue_yoy": 145.02090931105897, 
        "accumulated_operating_revenue": 3389509, 
        "long_term_average": 310631, 
        "date": "2014-11-30", 
        "operating_revenue": 349060, 
        "short_term_average": 326553
    }, 
    {
        "accumulated_operating_revenue_yoy": 120.62305429868196, 
        "accumulated_operating_revenue": 3797856, 
        "long_term_average": 316488, 
        "date": "2014-12-31", 
        "operating_revenue": 408347, 
        "short_term_average": 359759
    }, 
    {
        "accumulated_operating_revenue_yoy": 21.490407340019814, 
        "accumulated_operating_revenue": 375262, 
        "long_term_average": 322019, 
        "date": "2015-01-31", 
        "operating_revenue": 375262, 
        "short_term_average": 377556
    }, 
    {
        "accumulated_operating_revenue_yoy": 10.501700976061109, 
        "accumulated_operating_revenue": 635345, 
        "long_term_average": 321519, 
        "date": "2015-02-28", 
        "operating_revenue": 260083, 
        "short_term_average": 347897
    }, 
    {
        "accumulated_operating_revenue_yoy": 9.5425120939147, 
        "accumulated_operating_revenue": 987058, 
        "long_term_average": 323653, 
        "date": "2015-03-31", 
        "operating_revenue": 351713, 
        "short_term_average": 329019
    }, 
    {
        "accumulated_operating_revenue_yoy": 4.042540816750447, 
        "accumulated_operating_revenue": 1252204, 
        "long_term_average": 320542, 
        "date": "2015-04-30", 
        "operating_revenue": 265146, 
        "short_term_average": 292314
    }, 
    {
        "accumulated_operating_revenue_yoy": 3.2889066069042796, 
        "accumulated_operating_revenue": 1533832, 
        "long_term_average": 320558, 
        "date": "2015-05-31", 
        "operating_revenue": 281628, 
        "short_term_average": 299495
    }, 
    {
        "accumulated_operating_revenue_yoy": 2.5865683162453394, 
        "accumulated_operating_revenue": 1832747, 
        "long_term_average": 320338, 
        "date": "2015-06-30", 
        "operating_revenue": 298915, 
        "short_term_average": 281896
    }, 
    {
        "accumulated_operating_revenue_yoy": 3.850583455696329, 
        "accumulated_operating_revenue": 2177646, 
        "long_term_average": 323216, 
        "date": "2015-07-31", 
        "operating_revenue": 344899, 
        "short_term_average": 308480
    }, 
    {
        "accumulated_operating_revenue_yoy": 4.409529393750397, 
        "accumulated_operating_revenue": 2516112, 
        "long_term_average": 325343, 
        "date": "2015-08-31", 
        "operating_revenue": 338466, 
        "short_term_average": 327426
    }
]