[
    {
        "date": "2012-01-31", 
        "operating_revenue": 193535, 
        "accumulated_operating_revenue": 193535, 
        "long_term_average": 193535, 
        "short_term_average": 193535
    }, 
    {
        "date": "2012-02-29", 
        "operating_revenue": 218107, 
        "accumulated_operating_revenue": 411642, 
        "long_term_average": 205821, 
        "short_term_average": 205821
    }, 
    {
        "date": "2012-03-31", 
        "operating_revenue": 241585, 
        "accumulated_operating_revenue": 653227, 
        "long_term_average": 217742, 
        "short_term_average": 217742
    }, 
    {
        "date": "2012-04-30", 
        "operating_revenue": 213469, 
        "accumulated_operating_revenue": 866696, 
        "long_term_average": 216674, 
        "short_term_average": 224387
    }, 
    {
        "date": "2012-05-31", 
        "operating_revenue": 196172, 
        "accumulated_operating_revenue": 1062868, 
        "long_term_average": 212573, 
        "short_term_average": 217075
    }, 
    {
        "date": "2012-06-30", 
        "operating_revenue": 177484, 
        "accumulated_operating_revenue": 1240352, 
        "long_term_average": 206725, 
        "short_term_average": 195708
    }, 
    {
        "date": "2012-07-31", 
        "operating_revenue": 205406, 
        "accumulated_operating_revenue": 1445758, 
        "long_term_average": 206536, 
        "short_term_average": 193020
    }, 
    {
        "date": "2012-08-31", 
        "operating_revenue": 204437, 
        "accumulated_operating_revenue": 1650195, 
        "long_term_average": 206274, 
        "short_term_average": 195775
    }, 
    {
        "date": "2012-09-30", 
        "operating_revenue": 167107, 
        "accumulated_operating_revenue": 1817302, 
        "long_term_average": 201922, 
        "short_term_average": 192316
    }, 
    {
        "date": "2012-10-31", 
        "operating_revenue": 181178, 
        "accumulated_operating_revenue": 1998480, 
        "long_term_average": 199848, 
        "short_term_average": 184240
    }, 
    {
        "date": "2012-11-30", 
        "operating_revenue": 202992, 
        "accumulated_operating_revenue": 2201472, 
        "long_term_average": 200133, 
        "short_term_average": 183759
    }, 
    {
        "date": "2012-12-31", 
        "operating_revenue": 169423, 
        "accumulated_operating_revenue": 2370895, 
        "long_term_average": 197574, 
        "short_term_average": 184531
    }, 
    {
        "accumulated_operating_revenue_yoy": 7.700415945436226, 
        "accumulated_operating_revenue": 208438, 
        "long_term_average": 198816, 
        "date": "2013-01-31", 
        "operating_revenue": 208438, 
        "short_term_average": 193617
    }, 
    {
        "accumulated_operating_revenue_yoy": -10.51569081872112, 
        "accumulated_operating_revenue": 368355, 
        "long_term_average": 193967, 
        "date": "2013-02-28", 
        "operating_revenue": 159917, 
        "short_term_average": 179259
    }, 
    {
        "accumulated_operating_revenue_yoy": -8.4454561737344, 
        "accumulated_operating_revenue": 598059, 
        "long_term_average": 192977, 
        "date": "2013-03-31", 
        "operating_revenue": 229704, 
        "short_term_average": 199353
    }, 
    {
        "accumulated_operating_revenue_yoy": -4.427965515013338, 
        "accumulated_operating_revenue": 828319, 
        "long_term_average": 194376, 
        "date": "2013-04-30", 
        "operating_revenue": 230260, 
        "short_term_average": 206627
    }, 
    {
        "accumulated_operating_revenue_yoy": 1.689673600108386, 
        "accumulated_operating_revenue": 1080827, 
        "long_term_average": 199071, 
        "date": "2013-05-31", 
        "operating_revenue": 252508, 
        "short_term_average": 237490
    }, 
    {
        "accumulated_operating_revenue_yoy": 7.3677472201439596, 
        "accumulated_operating_revenue": 1331738, 
        "long_term_average": 205190, 
        "date": "2013-06-30", 
        "operating_revenue": 250911, 
        "short_term_average": 244559
    }, 
    {
        "accumulated_operating_revenue_yoy": 10.18662874422967, 
        "accumulated_operating_revenue": 1593032, 
        "long_term_average": 209847, 
        "date": "2013-07-31", 
        "operating_revenue": 261294, 
        "short_term_average": 254904
    }, 
    {
        "accumulated_operating_revenue_yoy": 11.138017022230706, 
        "accumulated_operating_revenue": 1833994, 
        "long_term_average": 212891, 
        "date": "2013-08-31", 
        "operating_revenue": 240962, 
        "short_term_average": 251055
    }, 
    {
        "accumulated_operating_revenue_yoy": 14.99816761330808, 
        "accumulated_operating_revenue": 2089864, 
        "long_term_average": 220288, 
        "date": "2013-09-30", 
        "operating_revenue": 255870, 
        "short_term_average": 252708
    }, 
    {
        "accumulated_operating_revenue_yoy": 17.343030703334534, 
        "accumulated_operating_revenue": 2345077, 
        "long_term_average": 226457, 
        "date": "2013-10-31", 
        "operating_revenue": 255213, 
        "short_term_average": 250681
    }, 
    {
        "accumulated_operating_revenue_yoy": 17.818759448223734, 
        "accumulated_operating_revenue": 2593747, 
        "long_term_average": 230264, 
        "date": "2013-11-30", 
        "operating_revenue": 248670, 
        "short_term_average": 253251
    }, 
    {
        "accumulated_operating_revenue_yoy": 17.96262592818324, 
        "accumulated_operating_revenue": 2796770, 
        "long_term_average": 233064, 
        "date": "2013-12-31", 
        "operating_revenue": 203023, 
        "short_term_average": 235635
    }, 
    {
        "accumulated_operating_revenue_yoy": 23.342192882295933, 
        "accumulated_operating_revenue": 257092, 
        "long_term_average": 237118, 
        "date": "2014-01-31", 
        "operating_revenue": 257092, 
        "short_term_average": 236261
    }, 
    {
        "accumulated_operating_revenue_yoy": 28.88029210951392, 
        "accumulated_operating_revenue": 474737, 
        "long_term_average": 241929, 
        "date": "2014-02-28", 
        "operating_revenue": 217645, 
        "short_term_average": 225920
    }, 
    {
        "accumulated_operating_revenue_yoy": 24.097622475374504, 
        "accumulated_operating_revenue": 742177, 
        "long_term_average": 245074, 
        "date": "2014-03-31", 
        "operating_revenue": 267440, 
        "short_term_average": 247392
    }, 
    {
        "accumulated_operating_revenue_yoy": 19.33252768558973, 
        "accumulated_operating_revenue": 988454, 
        "long_term_average": 246408, 
        "date": "2014-04-30", 
        "operating_revenue": 246277, 
        "short_term_average": 243787
    }, 
    {
        "accumulated_operating_revenue_yoy": 16.86523375156246, 
        "accumulated_operating_revenue": 1263111, 
        "long_term_average": 248254, 
        "date": "2014-05-31", 
        "operating_revenue": 274657, 
        "short_term_average": 262791
    }, 
    {
        "accumulated_operating_revenue_yoy": 17.431356618193668, 
        "accumulated_operating_revenue": 1563878, 
        "long_term_average": 252409, 
        "date": "2014-06-30", 
        "operating_revenue": 300767, 
        "short_term_average": 273900
    }, 
    {
        "accumulated_operating_revenue_yoy": 19.809520461610315, 
        "accumulated_operating_revenue": 1908604, 
        "long_term_average": 259361, 
        "date": "2014-07-31", 
        "operating_revenue": 344726, 
        "short_term_average": 306716
    }, 
    {
        "accumulated_operating_revenue_yoy": 20.325911644203853, 
        "accumulated_operating_revenue": 2206770, 
        "long_term_average": 264128, 
        "date": "2014-08-31", 
        "operating_revenue": 298166, 
        "short_term_average": 314553
    }, 
    {
        "accumulated_operating_revenue_yoy": 20.30352214306768, 
        "accumulated_operating_revenue": 2514180, 
        "long_term_average": 268423, 
        "date": "2014-09-30", 
        "operating_revenue": 307410, 
        "short_term_average": 316767
    }, 
    {
        "accumulated_operating_revenue_yoy": 23.333988606770696, 
        "accumulated_operating_revenue": 2892277, 
        "long_term_average": 278664, 
        "date": "2014-10-31", 
        "operating_revenue": 378097, 
        "short_term_average": 327891
    }, 
    {
        "accumulated_operating_revenue_yoy": 24.649204413537635, 
        "accumulated_operating_revenue": 3233085, 
        "long_term_average": 286342, 
        "date": "2014-11-30", 
        "operating_revenue": 340808, 
        "short_term_average": 342105
    }, 
    {
        "accumulated_operating_revenue_yoy": 26.205908959263724, 
        "accumulated_operating_revenue": 3529689, 
        "long_term_average": 294140, 
        "date": "2014-12-31", 
        "operating_revenue": 296604, 
        "short_term_average": 338503
    }, 
    {
        "accumulated_operating_revenue_yoy": 40.63525897344141, 
        "accumulated_operating_revenue": 361562, 
        "long_term_average": 302846, 
        "date": "2015-01-31", 
        "operating_revenue": 361562, 
        "short_term_average": 332991
    }, 
    {
        "accumulated_operating_revenue_yoy": 31.107539542946938, 
        "accumulated_operating_revenue": 622416, 
        "long_term_average": 306447, 
        "date": "2015-02-28", 
        "operating_revenue": 260854, 
        "short_term_average": 306340
    }, 
    {
        "accumulated_operating_revenue_yoy": 31.56093492522673, 
        "accumulated_operating_revenue": 976415, 
        "long_term_average": 313660, 
        "date": "2015-03-31", 
        "operating_revenue": 353999, 
        "short_term_average": 325471
    }, 
    {
        "accumulated_operating_revenue_yoy": 32.740926740141674, 
        "accumulated_operating_revenue": 1312083, 
        "long_term_average": 321109, 
        "date": "2015-04-30", 
        "operating_revenue": 335668, 
        "short_term_average": 316840
    }, 
    {
        "accumulated_operating_revenue_yoy": 35.850689290173236, 
        "accumulated_operating_revenue": 1715945, 
        "long_term_average": 331876, 
        "date": "2015-05-31", 
        "operating_revenue": 403862, 
        "short_term_average": 364509
    }, 
    {
        "accumulated_operating_revenue_yoy": 29.694579756221394, 
        "accumulated_operating_revenue": 2028265, 
        "long_term_average": 332839, 
        "date": "2015-06-30", 
        "operating_revenue": 312320, 
        "short_term_average": 350616
    }, 
    {
        "accumulated_operating_revenue_yoy": 26.379385142229612, 
        "accumulated_operating_revenue": 2412082, 
        "long_term_average": 336097, 
        "date": "2015-07-31", 
        "operating_revenue": 383817, 
        "short_term_average": 366666
    }, 
    {
        "accumulated_operating_revenue_yoy": 27.95905327696135, 
        "accumulated_operating_revenue": 2823762, 
        "long_term_average": 345556, 
        "date": "2015-08-31", 
        "operating_revenue": 411680, 
        "short_term_average": 369272
    }
]