[
    {
        "date": "2012-01-31", 
        "operating_revenue": 60326, 
        "accumulated_operating_revenue": 60326, 
        "long_term_average": 60326, 
        "short_term_average": 60326
    }, 
    {
        "date": "2012-02-29", 
        "operating_revenue": 70143, 
        "accumulated_operating_revenue": 130469, 
        "long_term_average": 65234, 
        "short_term_average": 65234
    }, 
    {
        "date": "2012-03-31", 
        "operating_revenue": 79616, 
        "accumulated_operating_revenue": 210085, 
        "long_term_average": 70028, 
        "short_term_average": 70028
    }, 
    {
        "date": "2012-04-30", 
        "operating_revenue": 93576, 
        "accumulated_operating_revenue": 303661, 
        "long_term_average": 75915, 
        "short_term_average": 81111
    }, 
    {
        "date": "2012-05-31", 
        "operating_revenue": 111701, 
        "accumulated_operating_revenue": 415362, 
        "long_term_average": 83072, 
        "short_term_average": 94964
    }, 
    {
        "date": "2012-06-30", 
        "operating_revenue": 100942, 
        "accumulated_operating_revenue": 516304, 
        "long_term_average": 86050, 
        "short_term_average": 102073
    }, 
    {
        "date": "2012-07-31", 
        "operating_revenue": 126185, 
        "accumulated_operating_revenue": 642489, 
        "long_term_average": 91784, 
        "short_term_average": 112942
    }, 
    {
        "date": "2012-08-31", 
        "operating_revenue": 122607, 
        "accumulated_operating_revenue": 765096, 
        "long_term_average": 95637, 
        "short_term_average": 116578
    }, 
    {
        "date": "2012-09-30", 
        "operating_revenue": 147686, 
        "accumulated_operating_revenue": 912782, 
        "long_term_average": 101420, 
        "short_term_average": 132159
    }, 
    {
        "date": "2012-10-31", 
        "operating_revenue": 168896, 
        "accumulated_operating_revenue": 1081678, 
        "long_term_average": 108167, 
        "short_term_average": 146396
    }, 
    {
        "date": "2012-11-30", 
        "operating_revenue": 148223, 
        "accumulated_operating_revenue": 1229901, 
        "long_term_average": 111809, 
        "short_term_average": 154935
    }, 
    {
        "date": "2012-12-31", 
        "operating_revenue": 92535, 
        "accumulated_operating_revenue": 1322436, 
        "long_term_average": 110203, 
        "short_term_average": 136551
    }, 
    {
        "accumulated_operating_revenue_yoy": 74.62951297947816, 
        "accumulated_operating_revenue": 105347, 
        "long_term_average": 113954, 
        "date": "2013-01-31", 
        "operating_revenue": 105347, 
        "short_term_average": 115368
    }, 
    {
        "accumulated_operating_revenue_yoy": 38.63369842644613, 
        "accumulated_operating_revenue": 180874, 
        "long_term_average": 114403, 
        "date": "2013-02-28", 
        "operating_revenue": 75527, 
        "short_term_average": 91136
    }, 
    {
        "accumulated_operating_revenue_yoy": 65.07699264583383, 
        "accumulated_operating_revenue": 346802, 
        "long_term_average": 121596, 
        "date": "2013-03-31", 
        "operating_revenue": 165928, 
        "short_term_average": 115600
    }, 
    {
        "accumulated_operating_revenue_yoy": 61.416843124405176, 
        "accumulated_operating_revenue": 490160, 
        "long_term_average": 125744, 
        "date": "2013-04-30", 
        "operating_revenue": 143358, 
        "short_term_average": 128271
    }, 
    {
        "accumulated_operating_revenue_yoy": 57.99254626085199, 
        "accumulated_operating_revenue": 656241, 
        "long_term_average": 130276, 
        "date": "2013-05-31", 
        "operating_revenue": 166081, 
        "short_term_average": 158455
    }, 
    {
        "accumulated_operating_revenue_yoy": 46.76508413647774, 
        "accumulated_operating_revenue": 757754, 
        "long_term_average": 130323, 
        "date": "2013-06-30", 
        "operating_revenue": 101513, 
        "short_term_average": 136984
    }, 
    {
        "accumulated_operating_revenue_yoy": 33.69209433935834, 
        "accumulated_operating_revenue": 858957, 
        "long_term_average": 128242, 
        "date": "2013-07-31", 
        "operating_revenue": 101203, 
        "short_term_average": 122932
    }, 
    {
        "accumulated_operating_revenue_yoy": 28.87925175402825, 
        "accumulated_operating_revenue": 986050, 
        "long_term_average": 128615, 
        "date": "2013-08-31", 
        "operating_revenue": 127093, 
        "short_term_average": 109936
    }, 
    {
        "accumulated_operating_revenue_yoy": 24.222432081263655, 
        "accumulated_operating_revenue": 1133880, 
        "long_term_average": 128627, 
        "date": "2013-09-30", 
        "operating_revenue": 147830, 
        "short_term_average": 125375
    }, 
    {
        "accumulated_operating_revenue_yoy": 17.30931016439273, 
        "accumulated_operating_revenue": 1268909, 
        "long_term_average": 125805, 
        "date": "2013-10-31", 
        "operating_revenue": 135029, 
        "short_term_average": 136650
    }, 
    {
        "accumulated_operating_revenue_yoy": 12.551335432689298, 
        "accumulated_operating_revenue": 1384270, 
        "long_term_average": 123067, 
        "date": "2013-11-30", 
        "operating_revenue": 115361, 
        "short_term_average": 132740
    }, 
    {
        "accumulated_operating_revenue_yoy": 12.727269977526323, 
        "accumulated_operating_revenue": 1490746, 
        "long_term_average": 124228, 
        "date": "2013-12-31", 
        "operating_revenue": 106476, 
        "short_term_average": 118955
    }, 
    {
        "accumulated_operating_revenue_yoy": 7.734439518923178, 
        "accumulated_operating_revenue": 113495, 
        "long_term_average": 124907, 
        "date": "2014-01-31", 
        "operating_revenue": 113495, 
        "short_term_average": 111777
    }, 
    {
        "accumulated_operating_revenue_yoy": 28.779150126607473, 
        "accumulated_operating_revenue": 232928, 
        "long_term_average": 128566, 
        "date": "2014-02-28", 
        "operating_revenue": 119433, 
        "short_term_average": 113134
    }, 
    {
        "accumulated_operating_revenue_yoy": 18.40041291572713, 
        "accumulated_operating_revenue": 410615, 
        "long_term_average": 129546, 
        "date": "2014-03-31", 
        "operating_revenue": 177687, 
        "short_term_average": 136871
    }, 
    {
        "accumulated_operating_revenue_yoy": 20.336624775583484, 
        "accumulated_operating_revenue": 589842, 
        "long_term_average": 132535, 
        "date": "2014-04-30", 
        "operating_revenue": 179227, 
        "short_term_average": 158782
    }, 
    {
        "accumulated_operating_revenue_yoy": 12.105004106722987, 
        "accumulated_operating_revenue": 735679, 
        "long_term_average": 130848, 
        "date": "2014-05-31", 
        "operating_revenue": 145837, 
        "short_term_average": 167583
    }, 
    {
        "accumulated_operating_revenue_yoy": 13.75538763239785, 
        "accumulated_operating_revenue": 861986, 
        "long_term_average": 132914, 
        "date": "2014-06-30", 
        "operating_revenue": 126307, 
        "short_term_average": 150457
    }, 
    {
        "accumulated_operating_revenue_yoy": 19.21143898937898, 
        "accumulated_operating_revenue": 1023975, 
        "long_term_average": 137980, 
        "date": "2014-07-31", 
        "operating_revenue": 161989, 
        "short_term_average": 144711
    }, 
    {
        "accumulated_operating_revenue_yoy": 15.575984990619137, 
        "accumulated_operating_revenue": 1139637, 
        "long_term_average": 137027, 
        "date": "2014-08-31", 
        "operating_revenue": 115662, 
        "short_term_average": 134652
    }, 
    {
        "accumulated_operating_revenue_yoy": 8.484407521078067, 
        "accumulated_operating_revenue": 1230083, 
        "long_term_average": 132245, 
        "date": "2014-09-30", 
        "operating_revenue": 90446, 
        "short_term_average": 122699
    }, 
    {
        "accumulated_operating_revenue_yoy": 3.716263341185223, 
        "accumulated_operating_revenue": 1316065, 
        "long_term_average": 128158, 
        "date": "2014-10-31", 
        "operating_revenue": 85982, 
        "short_term_average": 97363
    }, 
    {
        "accumulated_operating_revenue_yoy": 2.0002600648717372, 
        "accumulated_operating_revenue": 1411959, 
        "long_term_average": 126536, 
        "date": "2014-11-30", 
        "operating_revenue": 95894, 
        "short_term_average": 90774
    }, 
    {
        "accumulated_operating_revenue_yoy": 0.6333070824942679, 
        "accumulated_operating_revenue": 1500187, 
        "long_term_average": 125015, 
        "date": "2014-12-31", 
        "operating_revenue": 88228, 
        "short_term_average": 90034
    }, 
    {
        "accumulated_operating_revenue_yoy": -13.318648398607868, 
        "accumulated_operating_revenue": 98379, 
        "long_term_average": 123755, 
        "date": "2015-01-31", 
        "operating_revenue": 98379, 
        "short_term_average": 94167
    }, 
    {
        "accumulated_operating_revenue_yoy": -26.361794202500345, 
        "accumulated_operating_revenue": 171524, 
        "long_term_average": 119898, 
        "date": "2015-02-28", 
        "operating_revenue": 73145, 
        "short_term_average": 86584
    }, 
    {
        "accumulated_operating_revenue_yoy": -36.13579630554169, 
        "accumulated_operating_revenue": 262236, 
        "long_term_average": 112650, 
        "date": "2015-03-31", 
        "operating_revenue": 90712, 
        "short_term_average": 87412
    }, 
    {
        "accumulated_operating_revenue_yoy": -39.47379128648011, 
        "accumulated_operating_revenue": 357009, 
        "long_term_average": 105612, 
        "date": "2015-04-30", 
        "operating_revenue": 94773, 
        "short_term_average": 86210
    }, 
    {
        "accumulated_operating_revenue_yoy": -38.906098991543864, 
        "accumulated_operating_revenue": 449455, 
        "long_term_average": 101163, 
        "date": "2015-05-31", 
        "operating_revenue": 92446, 
        "short_term_average": 92643
    }, 
    {
        "accumulated_operating_revenue_yoy": -38.061755063307295, 
        "accumulated_operating_revenue": 533899, 
        "long_term_average": 97675, 
        "date": "2015-06-30", 
        "operating_revenue": 84444, 
        "short_term_average": 90554
    }, 
    {
        "accumulated_operating_revenue_yoy": -38.91579384262311, 
        "accumulated_operating_revenue": 625487, 
        "long_term_average": 91808, 
        "date": "2015-07-31", 
        "operating_revenue": 91588, 
        "short_term_average": 89492
    }, 
    {
        "accumulated_operating_revenue_yoy": -37.3606683531686, 
        "accumulated_operating_revenue": 713861, 
        "long_term_average": 89534, 
        "date": "2015-08-31", 
        "operating_revenue": 88374, 
        "short_term_average": 88135
    }, 
    {
        "accumulated_operating_revenue_yoy": -34.85098160042859, 
        "accumulated_operating_revenue": 801387, 
        "long_term_average": 89290, 
        "date": "2015-09-30", 
        "operating_revenue": 87526, 
        "short_term_average": 89162
    }
]