[
    {
        "date": "2012-01-31", 
        "operating_revenue": 24389, 
        "accumulated_operating_revenue": 24389, 
        "long_term_average": 24389, 
        "short_term_average": 24389
    }, 
    {
        "date": "2012-02-29", 
        "operating_revenue": 6573, 
        "accumulated_operating_revenue": 30962, 
        "long_term_average": 15481, 
        "short_term_average": 15481
    }, 
    {
        "date": "2012-03-31", 
        "operating_revenue": 9103, 
        "accumulated_operating_revenue": 40065, 
        "long_term_average": 13355, 
        "short_term_average": 13355
    }, 
    {
        "date": "2012-04-30", 
        "operating_revenue": 3791, 
        "accumulated_operating_revenue": 43856, 
        "long_term_average": 10964, 
        "short_term_average": 6489
    }, 
    {
        "date": "2012-05-31", 
        "operating_revenue": 1160, 
        "accumulated_operating_revenue": 45016, 
        "long_term_average": 9003, 
        "short_term_average": 4684
    }, 
    {
        "date": "2012-06-30", 
        "operating_revenue": 1078, 
        "accumulated_operating_revenue": 46094, 
        "long_term_average": 7682, 
        "short_term_average": 2009
    }, 
    {
        "date": "2012-07-31", 
        "operating_revenue": 455, 
        "accumulated_operating_revenue": 46549, 
        "long_term_average": 6649, 
        "short_term_average": 897
    }, 
    {
        "date": "2012-08-31", 
        "operating_revenue": 3429, 
        "accumulated_operating_revenue": 49978, 
        "long_term_average": 6247, 
        "short_term_average": 1654
    }, 
    {
        "date": "2012-09-30", 
        "operating_revenue": 2137, 
        "accumulated_operating_revenue": 52115, 
        "long_term_average": 5790, 
        "short_term_average": 2007
    }, 
    {
        "date": "2012-10-31", 
        "operating_revenue": 64162, 
        "accumulated_operating_revenue": 116277, 
        "long_term_average": 11627, 
        "short_term_average": 23242
    }, 
    {
        "date": "2012-11-30", 
        "operating_revenue": 229836, 
        "accumulated_operating_revenue": 346113, 
        "long_term_average": 31464, 
        "short_term_average": 98711
    }, 
    {
        "date": "2012-12-31", 
        "operating_revenue": 140292, 
        "accumulated_operating_revenue": 486405, 
        "long_term_average": 40533, 
        "short_term_average": 144763
    }, 
    {
        "accumulated_operating_revenue_yoy": 157.2430193939891, 
        "accumulated_operating_revenue": 62739, 
        "long_term_average": 43729, 
        "date": "2013-01-31", 
        "operating_revenue": 62739, 
        "short_term_average": 144289
    }, 
    {
        "accumulated_operating_revenue_yoy": 288.60215748336674, 
        "accumulated_operating_revenue": 120319, 
        "long_term_average": 47980, 
        "date": "2013-02-28", 
        "operating_revenue": 57580, 
        "short_term_average": 86870
    }, 
    {
        "accumulated_operating_revenue_yoy": 292.1577436665419, 
        "accumulated_operating_revenue": 157118, 
        "long_term_average": 50288, 
        "date": "2013-03-31", 
        "operating_revenue": 36799, 
        "short_term_average": 52372
    }, 
    {
        "accumulated_operating_revenue_yoy": 391.11410069317765, 
        "accumulated_operating_revenue": 215383, 
        "long_term_average": 54827, 
        "date": "2013-04-30", 
        "operating_revenue": 58265, 
        "short_term_average": 50881
    }, 
    {
        "accumulated_operating_revenue_yoy": 510.4496179136307, 
        "accumulated_operating_revenue": 274800, 
        "long_term_average": 59682, 
        "date": "2013-05-31", 
        "operating_revenue": 59417, 
        "short_term_average": 51493
    }, 
    {
        "accumulated_operating_revenue_yoy": 642.1139410769298, 
        "accumulated_operating_revenue": 342070, 
        "long_term_average": 65198, 
        "date": "2013-06-30", 
        "operating_revenue": 67270, 
        "short_term_average": 61650
    }, 
    {
        "accumulated_operating_revenue_yoy": 736.3423489226407, 
        "accumulated_operating_revenue": 389309, 
        "long_term_average": 69097, 
        "date": "2013-07-31", 
        "operating_revenue": 47239, 
        "short_term_average": 57975
    }, 
    {
        "accumulated_operating_revenue_yoy": 793.2190163672016, 
        "accumulated_operating_revenue": 446413, 
        "long_term_average": 73570, 
        "date": "2013-08-31", 
        "operating_revenue": 57104, 
        "short_term_average": 57204
    }, 
    {
        "accumulated_operating_revenue_yoy": 914.4967859541399, 
        "accumulated_operating_revenue": 528705, 
        "long_term_average": 80249, 
        "date": "2013-09-30", 
        "operating_revenue": 82292, 
        "short_term_average": 62211
    }, 
    {
        "accumulated_operating_revenue_yoy": 411.26620053836956, 
        "accumulated_operating_revenue": 594485, 
        "long_term_average": 80384, 
        "date": "2013-10-31", 
        "operating_revenue": 65780, 
        "short_term_average": 68392
    }, 
    {
        "accumulated_operating_revenue_yoy": 101.89475691464926, 
        "accumulated_operating_revenue": 698784, 
        "long_term_average": 69923, 
        "date": "2013-11-30", 
        "operating_revenue": 104299, 
        "short_term_average": 84123
    }, 
    {
        "accumulated_operating_revenue_yoy": 72.92873222931507, 
        "accumulated_operating_revenue": 841134, 
        "long_term_average": 70094, 
        "date": "2013-12-31", 
        "operating_revenue": 142350, 
        "short_term_average": 104143
    }, 
    {
        "accumulated_operating_revenue_yoy": 81.99365625846762, 
        "accumulated_operating_revenue": 114181, 
        "long_term_average": 74381, 
        "date": "2014-01-31", 
        "operating_revenue": 114181, 
        "short_term_average": 120276
    }, 
    {
        "accumulated_operating_revenue_yoy": 99.45478270264879, 
        "accumulated_operating_revenue": 239982, 
        "long_term_average": 80066, 
        "date": "2014-02-28", 
        "operating_revenue": 125801, 
        "short_term_average": 127444
    }, 
    {
        "accumulated_operating_revenue_yoy": 154.11346885780114, 
        "accumulated_operating_revenue": 399258, 
        "long_term_average": 90272, 
        "date": "2014-03-31", 
        "operating_revenue": 159276, 
        "short_term_average": 133086
    }, 
    {
        "accumulated_operating_revenue_yoy": 175.73763946086737, 
        "accumulated_operating_revenue": 593892, 
        "long_term_average": 101636, 
        "date": "2014-04-30", 
        "operating_revenue": 194634, 
        "short_term_average": 159903
    }, 
    {
        "accumulated_operating_revenue_yoy": 178.9807132459971, 
        "accumulated_operating_revenue": 766639, 
        "long_term_average": 111081, 
        "date": "2014-05-31", 
        "operating_revenue": 172747, 
        "short_term_average": 175552
    }, 
    {
        "accumulated_operating_revenue_yoy": 170.1335983862952, 
        "accumulated_operating_revenue": 924046, 
        "long_term_average": 118592, 
        "date": "2014-06-30", 
        "operating_revenue": 157407, 
        "short_term_average": 174929
    }, 
    {
        "accumulated_operating_revenue_yoy": 170.41784289600292, 
        "accumulated_operating_revenue": 1052761, 
        "long_term_average": 125382, 
        "date": "2014-07-31", 
        "operating_revenue": 128715, 
        "short_term_average": 152956
    }, 
    {
        "accumulated_operating_revenue_yoy": 162.82702340657642, 
        "accumulated_operating_revenue": 1173294, 
        "long_term_average": 130667, 
        "date": "2014-08-31", 
        "operating_revenue": 120533, 
        "short_term_average": 135551
    }, 
    {
        "accumulated_operating_revenue_yoy": 148.35267304073162, 
        "accumulated_operating_revenue": 1313053, 
        "long_term_average": 135456, 
        "date": "2014-09-30", 
        "operating_revenue": 139759, 
        "short_term_average": 129669
    }, 
    {
        "accumulated_operating_revenue_yoy": 151.55420237684717, 
        "accumulated_operating_revenue": 1495452, 
        "long_term_average": 145175, 
        "date": "2014-10-31", 
        "operating_revenue": 182399, 
        "short_term_average": 147563
    }, 
    {
        "accumulated_operating_revenue_yoy": 141.52542130329257, 
        "accumulated_operating_revenue": 1687741, 
        "long_term_average": 152507, 
        "date": "2014-11-30", 
        "operating_revenue": 192289, 
        "short_term_average": 171482
    }, 
    {
        "accumulated_operating_revenue_yoy": 124.55803712607027, 
        "accumulated_operating_revenue": 1888834, 
        "long_term_average": 157402, 
        "date": "2014-12-31", 
        "operating_revenue": 201093, 
        "short_term_average": 191927
    }, 
    {
        "accumulated_operating_revenue_yoy": 82.49796375929446, 
        "accumulated_operating_revenue": 208378, 
        "long_term_average": 165252, 
        "date": "2015-01-31", 
        "operating_revenue": 208378, 
        "short_term_average": 200586
    }, 
    {
        "accumulated_operating_revenue_yoy": 83.2299922494187, 
        "accumulated_operating_revenue": 439719, 
        "long_term_average": 174047, 
        "date": "2015-02-28", 
        "operating_revenue": 231341, 
        "short_term_average": 213604
    }, 
    {
        "accumulated_operating_revenue_yoy": 68.78033752611094, 
        "accumulated_operating_revenue": 673869, 
        "long_term_average": 180287, 
        "date": "2015-03-31", 
        "operating_revenue": 234150, 
        "short_term_average": 224623
    }, 
    {
        "accumulated_operating_revenue_yoy": 46.93883736436928, 
        "accumulated_operating_revenue": 872658, 
        "long_term_average": 180633, 
        "date": "2015-04-30", 
        "operating_revenue": 198789, 
        "short_term_average": 221426
    }, 
    {
        "accumulated_operating_revenue_yoy": 41.44793051227501, 
        "accumulated_operating_revenue": 1084395, 
        "long_term_average": 183882, 
        "date": "2015-05-31", 
        "operating_revenue": 211737, 
        "short_term_average": 214892
    }, 
    {
        "accumulated_operating_revenue_yoy": 31.34389413514046, 
        "accumulated_operating_revenue": 1213678, 
        "long_term_average": 181538, 
        "date": "2015-06-30", 
        "operating_revenue": 129283, 
        "short_term_average": 179936
    }, 
    {
        "accumulated_operating_revenue_yoy": 27.84934092353345, 
        "accumulated_operating_revenue": 1345948, 
        "long_term_average": 181835, 
        "date": "2015-07-31", 
        "operating_revenue": 132270, 
        "short_term_average": 157763
    }, 
    {
        "accumulated_operating_revenue_yoy": 29.248167978358364, 
        "accumulated_operating_revenue": 1516461, 
        "long_term_average": 186000, 
        "date": "2015-08-31", 
        "operating_revenue": 170513, 
        "short_term_average": 144022
    }
]