[
    {
        "date": "2012-01-31", 
        "operating_revenue": 23059, 
        "accumulated_operating_revenue": 23059, 
        "long_term_average": 23059, 
        "short_term_average": 23059
    }, 
    {
        "date": "2012-02-29", 
        "operating_revenue": 35372, 
        "accumulated_operating_revenue": 58431, 
        "long_term_average": 29215, 
        "short_term_average": 29215
    }, 
    {
        "date": "2012-03-31", 
        "operating_revenue": 59534, 
        "accumulated_operating_revenue": 117965, 
        "long_term_average": 39321, 
        "short_term_average": 39321
    }, 
    {
        "date": "2012-04-30", 
        "operating_revenue": 32596, 
        "accumulated_operating_revenue": 150561, 
        "long_term_average": 37640, 
        "short_term_average": 42500
    }, 
    {
        "date": "2012-05-31", 
        "operating_revenue": 33647, 
        "accumulated_operating_revenue": 184208, 
        "long_term_average": 36841, 
        "short_term_average": 41925
    }, 
    {
        "date": "2012-06-30", 
        "operating_revenue": 19880, 
        "accumulated_operating_revenue": 204088, 
        "long_term_average": 34014, 
        "short_term_average": 28707
    }, 
    {
        "date": "2012-07-31", 
        "operating_revenue": 23472, 
        "accumulated_operating_revenue": 227560, 
        "long_term_average": 32508, 
        "short_term_average": 25666
    }, 
    {
        "date": "2012-08-31", 
        "operating_revenue": 23336, 
        "accumulated_operating_revenue": 250896, 
        "long_term_average": 31362, 
        "short_term_average": 22229
    }, 
    {
        "date": "2012-09-30", 
        "operating_revenue": 32056, 
        "accumulated_operating_revenue": 282952, 
        "long_term_average": 31439, 
        "short_term_average": 26288
    }, 
    {
        "date": "2012-10-31", 
        "operating_revenue": 25718, 
        "accumulated_operating_revenue": 308670, 
        "long_term_average": 30867, 
        "short_term_average": 27036
    }, 
    {
        "date": "2012-11-30", 
        "operating_revenue": 23877, 
        "accumulated_operating_revenue": 332547, 
        "long_term_average": 30231, 
        "short_term_average": 27217
    }, 
    {
        "date": "2012-12-31", 
        "operating_revenue": 24995, 
        "accumulated_operating_revenue": 357542, 
        "long_term_average": 29795, 
        "short_term_average": 24863
    }, 
    {
        "accumulated_operating_revenue_yoy": 2.2550847825144196, 
        "accumulated_operating_revenue": 23579, 
        "long_term_average": 29838, 
        "date": "2013-01-31", 
        "operating_revenue": 23579, 
        "short_term_average": 24150
    }, 
    {
        "accumulated_operating_revenue_yoy": -33.908370556725025, 
        "accumulated_operating_revenue": 38618, 
        "long_term_average": 28144, 
        "date": "2013-02-28", 
        "operating_revenue": 15039, 
        "short_term_average": 21204
    }, 
    {
        "accumulated_operating_revenue_yoy": -46.98851354215233, 
        "accumulated_operating_revenue": 62535, 
        "long_term_average": 25176, 
        "date": "2013-03-31", 
        "operating_revenue": 23917, 
        "short_term_average": 20845
    }, 
    {
        "accumulated_operating_revenue_yoy": -42.282530004450024, 
        "accumulated_operating_revenue": 86900, 
        "long_term_average": 24490, 
        "date": "2013-04-30", 
        "operating_revenue": 24365, 
        "short_term_average": 21107
    }, 
    {
        "accumulated_operating_revenue_yoy": -39.65354382002953, 
        "accumulated_operating_revenue": 111163, 
        "long_term_average": 23708, 
        "date": "2013-05-31", 
        "operating_revenue": 24263, 
        "short_term_average": 24181
    }, 
    {
        "accumulated_operating_revenue_yoy": -34.22886205950375, 
        "accumulated_operating_revenue": 134231, 
        "long_term_average": 23973, 
        "date": "2013-06-30", 
        "operating_revenue": 23068, 
        "short_term_average": 23898
    }, 
    {
        "accumulated_operating_revenue_yoy": -27.70961504658112, 
        "accumulated_operating_revenue": 164504, 
        "long_term_average": 24540, 
        "date": "2013-07-31", 
        "operating_revenue": 30273, 
        "short_term_average": 25868
    }, 
    {
        "accumulated_operating_revenue_yoy": -24.342755564058415, 
        "accumulated_operating_revenue": 189821, 
        "long_term_average": 24705, 
        "date": "2013-08-31", 
        "operating_revenue": 25317, 
        "short_term_average": 26219
    }, 
    {
        "accumulated_operating_revenue_yoy": -25.059727444937657, 
        "accumulated_operating_revenue": 212045, 
        "long_term_average": 23886, 
        "date": "2013-09-30", 
        "operating_revenue": 22224, 
        "short_term_average": 25938
    }, 
    {
        "accumulated_operating_revenue_yoy": -24.491852139825703, 
        "accumulated_operating_revenue": 233071, 
        "long_term_average": 23495, 
        "date": "2013-10-31", 
        "operating_revenue": 21026, 
        "short_term_average": 22855
    }, 
    {
        "accumulated_operating_revenue_yoy": -23.1456004715123, 
        "accumulated_operating_revenue": 255577, 
        "long_term_average": 23381, 
        "date": "2013-11-30", 
        "operating_revenue": 22506, 
        "short_term_average": 21918
    }, 
    {
        "accumulated_operating_revenue_yoy": -22.363526522758164, 
        "accumulated_operating_revenue": 277583, 
        "long_term_average": 23131, 
        "date": "2013-12-31", 
        "operating_revenue": 22006, 
        "short_term_average": 21846
    }, 
    {
        "accumulated_operating_revenue_yoy": -76.82259637813308, 
        "accumulated_operating_revenue": 5465, 
        "long_term_average": 21622, 
        "date": "2014-01-31", 
        "operating_revenue": 5465, 
        "short_term_average": 16659
    }, 
    {
        "accumulated_operating_revenue_yoy": -44.01315448754467, 
        "accumulated_operating_revenue": 21621, 
        "long_term_average": 21715, 
        "date": "2014-02-28", 
        "operating_revenue": 16156, 
        "short_term_average": 14542
    }, 
    {
        "accumulated_operating_revenue_yoy": -39.138082673702726, 
        "accumulated_operating_revenue": 38060, 
        "long_term_average": 21092, 
        "date": "2014-03-31", 
        "operating_revenue": 16439, 
        "short_term_average": 12686
    }, 
    {
        "accumulated_operating_revenue_yoy": -38.552359033371694, 
        "accumulated_operating_revenue": 53398, 
        "long_term_average": 20340, 
        "date": "2014-04-30", 
        "operating_revenue": 15338, 
        "short_term_average": 15977
    }, 
    {
        "accumulated_operating_revenue_yoy": -38.35628761368441, 
        "accumulated_operating_revenue": 68525, 
        "long_term_average": 19578, 
        "date": "2014-05-31", 
        "operating_revenue": 15127, 
        "short_term_average": 15634
    }, 
    {
        "accumulated_operating_revenue_yoy": -32.89031594788089, 
        "accumulated_operating_revenue": 90082, 
        "long_term_average": 19452, 
        "date": "2014-06-30", 
        "operating_revenue": 21557, 
        "short_term_average": 17340
    }, 
    {
        "accumulated_operating_revenue_yoy": -36.46233526236444, 
        "accumulated_operating_revenue": 104522, 
        "long_term_average": 18133, 
        "date": "2014-07-31", 
        "operating_revenue": 14440, 
        "short_term_average": 17041
    }, 
    {
        "accumulated_operating_revenue_yoy": -37.4515991381354, 
        "accumulated_operating_revenue": 118730, 
        "long_term_average": 17207, 
        "date": "2014-08-31", 
        "operating_revenue": 14208, 
        "short_term_average": 16735
    }, 
    {
        "accumulated_operating_revenue_yoy": -33.52260133462237, 
        "accumulated_operating_revenue": 140962, 
        "long_term_average": 17208, 
        "date": "2014-09-30", 
        "operating_revenue": 22232, 
        "short_term_average": 16960
    }, 
    {
        "accumulated_operating_revenue_yoy": -32.881396655954624, 
        "accumulated_operating_revenue": 156434, 
        "long_term_average": 16745, 
        "date": "2014-10-31", 
        "operating_revenue": 15472, 
        "short_term_average": 17304
    }, 
    {
        "accumulated_operating_revenue_yoy": -33.30620517495706, 
        "accumulated_operating_revenue": 170454, 
        "long_term_average": 16038, 
        "date": "2014-11-30", 
        "operating_revenue": 14020, 
        "short_term_average": 17241
    }, 
    {
        "accumulated_operating_revenue_yoy": -29.7338093471142, 
        "accumulated_operating_revenue": 195047, 
        "long_term_average": 16253, 
        "date": "2014-12-31", 
        "operating_revenue": 24593, 
        "short_term_average": 18028
    }, 
    {
        "accumulated_operating_revenue_yoy": 182.3787740164684, 
        "accumulated_operating_revenue": 15432, 
        "long_term_average": 17084, 
        "date": "2015-01-31", 
        "operating_revenue": 15432, 
        "short_term_average": 18015
    }, 
    {
        "accumulated_operating_revenue_yoy": -12.47860876000185, 
        "accumulated_operating_revenue": 18923, 
        "long_term_average": 16029, 
        "date": "2015-02-28", 
        "operating_revenue": 3491, 
        "short_term_average": 14505
    }, 
    {
        "accumulated_operating_revenue_yoy": 1.5528113504992118, 
        "accumulated_operating_revenue": 38651, 
        "long_term_average": 16303, 
        "date": "2015-03-31", 
        "operating_revenue": 19728, 
        "short_term_average": 12883
    }, 
    {
        "accumulated_operating_revenue_yoy": 8.37297277051575, 
        "accumulated_operating_revenue": 57869, 
        "long_term_average": 16626, 
        "date": "2015-04-30", 
        "operating_revenue": 19218, 
        "short_term_average": 14145
    }, 
    {
        "accumulated_operating_revenue_yoy": 19.976650857351334, 
        "accumulated_operating_revenue": 82214, 
        "long_term_average": 17394, 
        "date": "2015-05-31", 
        "operating_revenue": 24345, 
        "short_term_average": 21097
    }, 
    {
        "accumulated_operating_revenue_yoy": 9.535756310916721, 
        "accumulated_operating_revenue": 98672, 
        "long_term_average": 16969, 
        "date": "2015-06-30", 
        "operating_revenue": 16458, 
        "short_term_average": 20007
    }, 
    {
        "accumulated_operating_revenue_yoy": 17.995254587550946, 
        "accumulated_operating_revenue": 123331, 
        "long_term_average": 17821, 
        "date": "2015-07-31", 
        "operating_revenue": 24659, 
        "short_term_average": 21820
    }, 
    {
        "accumulated_operating_revenue_yoy": 21.1606165248884, 
        "accumulated_operating_revenue": 143854, 
        "long_term_average": 18347, 
        "date": "2015-08-31", 
        "operating_revenue": 20523, 
        "short_term_average": 20546
    }, 
    {
        "accumulated_operating_revenue_yoy": 13.49583575715441, 
        "accumulated_operating_revenue": 159986, 
        "long_term_average": 17839, 
        "date": "2015-09-30", 
        "operating_revenue": 16132, 
        "short_term_average": 20438
    }, 
    {
        "accumulated_operating_revenue_yoy": 11.85739672961121, 
        "accumulated_operating_revenue": 174983, 
        "long_term_average": 17799, 
        "date": "2015-10-31", 
        "operating_revenue": 14997, 
        "short_term_average": 17217
    }
]