[
    {
        "date": "2011-09-30", 
        "operating_revenue": 98701, 
        "accumulated_operating_revenue": 98701, 
        "long_term_average": 98701, 
        "short_term_average": 98701
    }, 
    {
        "date": "2011-10-31", 
        "operating_revenue": 118682, 
        "accumulated_operating_revenue": 217383, 
        "long_term_average": 108691, 
        "short_term_average": 108691
    }, 
    {
        "date": "2011-11-30", 
        "operating_revenue": 118100, 
        "accumulated_operating_revenue": 335483, 
        "long_term_average": 111827, 
        "short_term_average": 111827
    }, 
    {
        "date": "2011-12-31", 
        "operating_revenue": 141939, 
        "accumulated_operating_revenue": 477422, 
        "long_term_average": 119355, 
        "short_term_average": 126240
    }, 
    {
        "date": "2012-01-31", 
        "operating_revenue": 104982, 
        "accumulated_operating_revenue": 104982, 
        "long_term_average": 116480, 
        "short_term_average": 121673
    }, 
    {
        "date": "2012-02-29", 
        "operating_revenue": 119582, 
        "accumulated_operating_revenue": 224564, 
        "long_term_average": 116997, 
        "short_term_average": 122167
    }, 
    {
        "date": "2012-03-31", 
        "operating_revenue": 136413, 
        "accumulated_operating_revenue": 360977, 
        "long_term_average": 119771, 
        "short_term_average": 120325
    }, 
    {
        "date": "2012-04-30", 
        "operating_revenue": 133287, 
        "accumulated_operating_revenue": 494264, 
        "long_term_average": 121460, 
        "short_term_average": 129760
    }, 
    {
        "date": "2012-05-31", 
        "operating_revenue": 127265, 
        "accumulated_operating_revenue": 621529, 
        "long_term_average": 122105, 
        "short_term_average": 132321
    }, 
    {
        "date": "2012-06-30", 
        "operating_revenue": 108648, 
        "accumulated_operating_revenue": 730177, 
        "long_term_average": 120759, 
        "short_term_average": 123066
    }, 
    {
        "date": "2012-07-31", 
        "operating_revenue": 114968, 
        "accumulated_operating_revenue": 845145, 
        "long_term_average": 120233, 
        "short_term_average": 116960
    }, 
    {
        "date": "2012-08-31", 
        "operating_revenue": 95783, 
        "accumulated_operating_revenue": 940928, 
        "long_term_average": 118195, 
        "short_term_average": 106466
    }, 
    {
        "accumulated_operating_revenue_yoy": 932.1739394737642, 
        "accumulated_operating_revenue": 1018766, 
        "long_term_average": 116457, 
        "date": "2012-09-30", 
        "operating_revenue": 77838, 
        "short_term_average": 96196
    }, 
    {
        "accumulated_operating_revenue_yoy": 402.4353330297218, 
        "accumulated_operating_revenue": 1092209, 
        "long_term_average": 112687, 
        "date": "2012-10-31", 
        "operating_revenue": 73443, 
        "short_term_average": 82354
    }, 
    {
        "accumulated_operating_revenue_yoy": 247.94013407534808, 
        "accumulated_operating_revenue": 1167280, 
        "long_term_average": 109101, 
        "date": "2012-11-30", 
        "operating_revenue": 75071, 
        "short_term_average": 75450
    }, 
    {
        "accumulated_operating_revenue_yoy": 158.7274989422356, 
        "accumulated_operating_revenue": 1235222, 
        "long_term_average": 102935, 
        "date": "2012-12-31", 
        "operating_revenue": 67942, 
        "short_term_average": 72152
    }, 
    {
        "accumulated_operating_revenue_yoy": -20.28633480025147, 
        "accumulated_operating_revenue": 83685, 
        "long_term_average": 101160, 
        "date": "2013-01-31", 
        "operating_revenue": 83685, 
        "short_term_average": 75566
    }, 
    {
        "accumulated_operating_revenue_yoy": -32.16232343563527, 
        "accumulated_operating_revenue": 152339, 
        "long_term_average": 96916, 
        "date": "2013-02-28", 
        "operating_revenue": 68654, 
        "short_term_average": 73427
    }, 
    {
        "accumulated_operating_revenue_yoy": -32.07434268665317, 
        "accumulated_operating_revenue": 245196, 
        "long_term_average": 93286, 
        "date": "2013-03-31", 
        "operating_revenue": 92857, 
        "short_term_average": 81732
    }, 
    {
        "accumulated_operating_revenue_yoy": -30.48330446886684, 
        "accumulated_operating_revenue": 343596, 
        "long_term_average": 90379, 
        "date": "2013-04-30", 
        "operating_revenue": 98400, 
        "short_term_average": 86637
    }, 
    {
        "accumulated_operating_revenue_yoy": -29.039996524699575, 
        "accumulated_operating_revenue": 441037, 
        "long_term_average": 87894, 
        "date": "2013-05-31", 
        "operating_revenue": 97441, 
        "short_term_average": 96232
    }, 
    {
        "accumulated_operating_revenue_yoy": -26.327315157831592, 
        "accumulated_operating_revenue": 537941, 
        "long_term_average": 86915, 
        "date": "2013-06-30", 
        "operating_revenue": 96904, 
        "short_term_average": 97581
    }, 
    {
        "accumulated_operating_revenue_yoy": -25.184435806873378, 
        "accumulated_operating_revenue": 632300, 
        "long_term_average": 85198, 
        "date": "2013-07-31", 
        "operating_revenue": 94359, 
        "short_term_average": 96234
    }, 
    {
        "accumulated_operating_revenue_yoy": -24.312380968575702, 
        "accumulated_operating_revenue": 712166, 
        "long_term_average": 83871, 
        "date": "2013-08-31", 
        "operating_revenue": 79866, 
        "short_term_average": 90376
    }, 
    {
        "accumulated_operating_revenue_yoy": -25.229247933283993, 
        "accumulated_operating_revenue": 761739, 
        "long_term_average": 81516, 
        "date": "2013-09-30", 
        "operating_revenue": 49573, 
        "short_term_average": 74599
    }, 
    {
        "accumulated_operating_revenue_yoy": -23.70452907822587, 
        "accumulated_operating_revenue": 833306, 
        "long_term_average": 81359, 
        "date": "2013-10-31", 
        "operating_revenue": 71567, 
        "short_term_average": 67002
    }, 
    {
        "accumulated_operating_revenue_yoy": -23.748886299773833, 
        "accumulated_operating_revenue": 890064, 
        "long_term_average": 79833, 
        "date": "2013-11-30", 
        "operating_revenue": 56758, 
        "short_term_average": 59299
    }, 
    {
        "accumulated_operating_revenue_yoy": -22.741256227625477, 
        "accumulated_operating_revenue": 954317, 
        "long_term_average": 79526, 
        "date": "2013-12-31", 
        "operating_revenue": 64253, 
        "short_term_average": 64192
    }, 
    {
        "accumulated_operating_revenue_yoy": -45.95686204218199, 
        "accumulated_operating_revenue": 45226, 
        "long_term_average": 76321, 
        "date": "2014-01-31", 
        "operating_revenue": 45226, 
        "short_term_average": 55412
    }, 
    {
        "accumulated_operating_revenue_yoy": -27.830036957049735, 
        "accumulated_operating_revenue": 109943, 
        "long_term_average": 75993, 
        "date": "2014-02-28", 
        "operating_revenue": 64717, 
        "short_term_average": 58065
    }, 
    {
        "accumulated_operating_revenue_yoy": -29.5588019380414, 
        "accumulated_operating_revenue": 172719, 
        "long_term_average": 73486, 
        "date": "2014-03-31", 
        "operating_revenue": 62776, 
        "short_term_average": 57573
    }, 
    {
        "accumulated_operating_revenue_yoy": -29.901104785853157, 
        "accumulated_operating_revenue": 240857, 
        "long_term_average": 70964, 
        "date": "2014-04-30", 
        "operating_revenue": 68138, 
        "short_term_average": 65210
    }, 
    {
        "accumulated_operating_revenue_yoy": -30.0031516630124, 
        "accumulated_operating_revenue": 308712, 
        "long_term_average": 68499, 
        "date": "2014-05-31", 
        "operating_revenue": 67855, 
        "short_term_average": 66256
    }, 
    {
        "accumulated_operating_revenue_yoy": -28.666154838541775, 
        "accumulated_operating_revenue": 383734, 
        "long_term_average": 66675, 
        "date": "2014-06-30", 
        "operating_revenue": 75022, 
        "short_term_average": 70338
    }, 
    {
        "accumulated_operating_revenue_yoy": -28.457694132532023, 
        "accumulated_operating_revenue": 452362, 
        "long_term_average": 64531, 
        "date": "2014-07-31", 
        "operating_revenue": 68628, 
        "short_term_average": 70501
    }, 
    {
        "accumulated_operating_revenue_yoy": -31.40293133904174, 
        "accumulated_operating_revenue": 488525, 
        "long_term_average": 60889, 
        "date": "2014-08-31", 
        "operating_revenue": 36163, 
        "short_term_average": 59937
    }, 
    {
        "accumulated_operating_revenue_yoy": -29.58112949448564, 
        "accumulated_operating_revenue": 536408, 
        "long_term_average": 60748, 
        "date": "2014-09-30", 
        "operating_revenue": 47883, 
        "short_term_average": 50891
    }, 
    {
        "accumulated_operating_revenue_yoy": -29.13491562523251, 
        "accumulated_operating_revenue": 590523, 
        "long_term_average": 59294, 
        "date": "2014-10-31", 
        "operating_revenue": 54115, 
        "short_term_average": 46053
    }, 
    {
        "accumulated_operating_revenue_yoy": -26.52842941631164, 
        "accumulated_operating_revenue": 653944, 
        "long_term_average": 59849, 
        "date": "2014-11-30", 
        "operating_revenue": 63421, 
        "short_term_average": 55139
    }, 
    {
        "accumulated_operating_revenue_yoy": -26.846006096506713, 
        "accumulated_operating_revenue": 698121, 
        "long_term_average": 58176, 
        "date": "2014-12-31", 
        "operating_revenue": 44177, 
        "short_term_average": 53904
    }, 
    {
        "accumulated_operating_revenue_yoy": 37.84769822668377, 
        "accumulated_operating_revenue": 62343, 
        "long_term_average": 59603, 
        "date": "2015-01-31", 
        "operating_revenue": 62343, 
        "short_term_average": 56647
    }, 
    {
        "accumulated_operating_revenue_yoy": 8.978288749624806, 
        "accumulated_operating_revenue": 119814, 
        "long_term_average": 58999, 
        "date": "2015-02-28", 
        "operating_revenue": 57471, 
        "short_term_average": 54663
    }, 
    {
        "accumulated_operating_revenue_yoy": 17.52905007555625, 
        "accumulated_operating_revenue": 202995, 
        "long_term_average": 60699, 
        "date": "2015-03-31", 
        "operating_revenue": 83181, 
        "short_term_average": 67665
    }, 
    {
        "accumulated_operating_revenue_yoy": 13.03761152883246, 
        "accumulated_operating_revenue": 272259, 
        "long_term_average": 60793, 
        "date": "2015-04-30", 
        "operating_revenue": 69264, 
        "short_term_average": 69972
    }, 
    {
        "accumulated_operating_revenue_yoy": 11.050104952188446, 
        "accumulated_operating_revenue": 342825, 
        "long_term_average": 61019, 
        "date": "2015-05-31", 
        "operating_revenue": 70566, 
        "short_term_average": 74337
    }, 
    {
        "accumulated_operating_revenue_yoy": 12.054183366602906, 
        "accumulated_operating_revenue": 429990, 
        "long_term_average": 62031, 
        "date": "2015-06-30", 
        "operating_revenue": 87165, 
        "short_term_average": 75665
    }, 
    {
        "accumulated_operating_revenue_yoy": 6.588749718146087, 
        "accumulated_operating_revenue": 482167, 
        "long_term_average": 60660, 
        "date": "2015-07-31", 
        "operating_revenue": 52177, 
        "short_term_average": 69969
    }, 
    {
        "accumulated_operating_revenue_yoy": 14.912440509697559, 
        "accumulated_operating_revenue": 561376, 
        "long_term_average": 64247, 
        "date": "2015-08-31", 
        "operating_revenue": 79209, 
        "short_term_average": 72850
    }
]