[
    {
        "date": "2011-09-30", 
        "operating_revenue": 787819, 
        "accumulated_operating_revenue": 787819, 
        "long_term_average": 787819, 
        "short_term_average": 787819
    }, 
    {
        "date": "2011-10-31", 
        "operating_revenue": 664968, 
        "accumulated_operating_revenue": 1452787, 
        "long_term_average": 726393, 
        "short_term_average": 726393
    }, 
    {
        "date": "2011-11-30", 
        "operating_revenue": 636072, 
        "accumulated_operating_revenue": 2088859, 
        "long_term_average": 696286, 
        "short_term_average": 696286
    }, 
    {
        "date": "2011-12-31", 
        "operating_revenue": 602415, 
        "accumulated_operating_revenue": 2691274, 
        "long_term_average": 672818, 
        "short_term_average": 634485
    }, 
    {
        "date": "2012-01-31", 
        "operating_revenue": 525998, 
        "accumulated_operating_revenue": 525998, 
        "long_term_average": 643454, 
        "short_term_average": 588161
    }, 
    {
        "date": "2012-02-29", 
        "operating_revenue": 626484, 
        "accumulated_operating_revenue": 1152482, 
        "long_term_average": 640626, 
        "short_term_average": 584965
    }, 
    {
        "date": "2012-03-31", 
        "operating_revenue": 708659, 
        "accumulated_operating_revenue": 1861141, 
        "long_term_average": 650345, 
        "short_term_average": 620380
    }, 
    {
        "date": "2012-04-30", 
        "operating_revenue": 766269, 
        "accumulated_operating_revenue": 2627410, 
        "long_term_average": 664835, 
        "short_term_average": 700470
    }, 
    {
        "date": "2012-05-31", 
        "operating_revenue": 824012, 
        "accumulated_operating_revenue": 3451422, 
        "long_term_average": 682521, 
        "short_term_average": 766313
    }, 
    {
        "date": "2012-06-30", 
        "operating_revenue": 789888, 
        "accumulated_operating_revenue": 4241310, 
        "long_term_average": 693258, 
        "short_term_average": 793389
    }, 
    {
        "date": "2012-07-31", 
        "operating_revenue": 795904, 
        "accumulated_operating_revenue": 5037214, 
        "long_term_average": 702589, 
        "short_term_average": 803268
    }, 
    {
        "date": "2012-08-31", 
        "operating_revenue": 773098, 
        "accumulated_operating_revenue": 5810312, 
        "long_term_average": 708465, 
        "short_term_average": 786296
    }, 
    {
        "accumulated_operating_revenue_yoy": 734.5328051240197, 
        "accumulated_operating_revenue": 6574608, 
        "long_term_average": 706505, 
        "date": "2012-09-30", 
        "operating_revenue": 764296, 
        "short_term_average": 777766
    }, 
    {
        "accumulated_operating_revenue_yoy": 401.982603093227, 
        "accumulated_operating_revenue": 7292738, 
        "long_term_average": 710935, 
        "date": "2012-10-31", 
        "operating_revenue": 718130, 
        "short_term_average": 751841
    }, 
    {
        "accumulated_operating_revenue_yoy": 283.26306371085843, 
        "accumulated_operating_revenue": 8005825, 
        "long_term_average": 717353, 
        "date": "2012-11-30", 
        "operating_revenue": 713087, 
        "short_term_average": 731837
    }, 
    {
        "accumulated_operating_revenue_yoy": 221.2521653313635, 
        "accumulated_operating_revenue": 8645776, 
        "long_term_average": 720481, 
        "date": "2012-12-31", 
        "operating_revenue": 639951, 
        "short_term_average": 690389
    }, 
    {
        "accumulated_operating_revenue_yoy": 34.19119464332564, 
        "accumulated_operating_revenue": 705843, 
        "long_term_average": 735468, 
        "date": "2013-01-31", 
        "operating_revenue": 705843, 
        "short_term_average": 686293
    }, 
    {
        "accumulated_operating_revenue_yoy": 13.099900909515288, 
        "accumulated_operating_revenue": 1303456, 
        "long_term_average": 733062, 
        "date": "2013-02-28", 
        "operating_revenue": 597613, 
        "short_term_average": 647802
    }, 
    {
        "accumulated_operating_revenue_yoy": 11.19066207235239, 
        "accumulated_operating_revenue": 2069415, 
        "long_term_average": 737837, 
        "date": "2013-03-31", 
        "operating_revenue": 765959, 
        "short_term_average": 689805
    }, 
    {
        "accumulated_operating_revenue_yoy": 9.804027540429548, 
        "accumulated_operating_revenue": 2885002, 
        "long_term_average": 741947, 
        "date": "2013-04-30", 
        "operating_revenue": 815587, 
        "short_term_average": 726386
    }, 
    {
        "accumulated_operating_revenue_yoy": 8.041091468965545, 
        "accumulated_operating_revenue": 3728954, 
        "long_term_average": 743609, 
        "date": "2013-05-31", 
        "operating_revenue": 843952, 
        "short_term_average": 808499
    }, 
    {
        "accumulated_operating_revenue_yoy": 8.216022879723482, 
        "accumulated_operating_revenue": 4589777, 
        "long_term_average": 749520, 
        "date": "2013-06-30", 
        "operating_revenue": 860823, 
        "short_term_average": 840120
    }, 
    {
        "accumulated_operating_revenue_yoy": 8.858051295815503, 
        "accumulated_operating_revenue": 5483413, 
        "long_term_average": 757664, 
        "date": "2013-07-31", 
        "operating_revenue": 893636, 
        "short_term_average": 866137
    }, 
    {
        "accumulated_operating_revenue_yoy": 9.926248366697003, 
        "accumulated_operating_revenue": 6387058, 
        "long_term_average": 768543, 
        "date": "2013-08-31", 
        "operating_revenue": 903645, 
        "short_term_average": 886034
    }, 
    {
        "accumulated_operating_revenue_yoy": 10.730845093730302, 
        "accumulated_operating_revenue": 7280119, 
        "long_term_average": 779273, 
        "date": "2013-09-30", 
        "operating_revenue": 893061, 
        "short_term_average": 896780
    }, 
    {
        "accumulated_operating_revenue_yoy": 10.754986673043787, 
        "accumulated_operating_revenue": 8077071, 
        "long_term_average": 785842, 
        "date": "2013-10-31", 
        "operating_revenue": 796952, 
        "short_term_average": 864552
    }, 
    {
        "accumulated_operating_revenue_yoy": 10.7763784494415, 
        "accumulated_operating_revenue": 8868563, 
        "long_term_average": 792376, 
        "date": "2013-11-30", 
        "operating_revenue": 791492, 
        "short_term_average": 827168
    }, 
    {
        "accumulated_operating_revenue_yoy": 11.22574769459676, 
        "accumulated_operating_revenue": 9616329, 
        "long_term_average": 801360, 
        "date": "2013-12-31", 
        "operating_revenue": 747766, 
        "short_term_average": 778736
    }, 
    {
        "accumulated_operating_revenue_yoy": 16.745791911232384, 
        "accumulated_operating_revenue": 824042, 
        "long_term_average": 811210, 
        "date": "2014-01-31", 
        "operating_revenue": 824042, 
        "short_term_average": 787766
    }, 
    {
        "accumulated_operating_revenue_yoy": 17.56660754179658, 
        "accumulated_operating_revenue": 1532429, 
        "long_term_average": 820441, 
        "date": "2014-02-28", 
        "operating_revenue": 708387, 
        "short_term_average": 760065
    }, 
    {
        "accumulated_operating_revenue_yoy": 17.263429519936793, 
        "accumulated_operating_revenue": 2426667, 
        "long_term_average": 831131, 
        "date": "2014-03-31", 
        "operating_revenue": 894238, 
        "short_term_average": 808889
    }, 
    {
        "accumulated_operating_revenue_yoy": 16.061756629631454, 
        "accumulated_operating_revenue": 3348384, 
        "long_term_average": 839975, 
        "date": "2014-04-30", 
        "operating_revenue": 921717, 
        "short_term_average": 841447
    }, 
    {
        "accumulated_operating_revenue_yoy": 14.924238807987441, 
        "accumulated_operating_revenue": 4285472, 
        "long_term_average": 847737, 
        "date": "2014-05-31", 
        "operating_revenue": 937088, 
        "short_term_average": 917681
    }, 
    {
        "accumulated_operating_revenue_yoy": 12.86086448208704, 
        "accumulated_operating_revenue": 5180062, 
        "long_term_average": 850551, 
        "date": "2014-06-30", 
        "operating_revenue": 894590, 
        "short_term_average": 917798
    }, 
    {
        "accumulated_operating_revenue_yoy": 10.36250597939641, 
        "accumulated_operating_revenue": 6051632, 
        "long_term_average": 848712, 
        "date": "2014-07-31", 
        "operating_revenue": 871570, 
        "short_term_average": 901082
    }, 
    {
        "accumulated_operating_revenue_yoy": 8.806135782703086, 
        "accumulated_operating_revenue": 6949511, 
        "long_term_average": 848231, 
        "date": "2014-08-31", 
        "operating_revenue": 897879, 
        "short_term_average": 888013
    }, 
    {
        "accumulated_operating_revenue_yoy": 7.4878995796634635, 
        "accumulated_operating_revenue": 7825247, 
        "long_term_average": 846788, 
        "date": "2014-09-30", 
        "operating_revenue": 875736, 
        "short_term_average": 881728
    }, 
    {
        "accumulated_operating_revenue_yoy": 7.063067787815658, 
        "accumulated_operating_revenue": 8647560, 
        "long_term_average": 848901, 
        "date": "2014-10-31", 
        "operating_revenue": 822313, 
        "short_term_average": 865309
    }, 
    {
        "accumulated_operating_revenue_yoy": 6.043583385493231, 
        "accumulated_operating_revenue": 9404542, 
        "long_term_average": 846025, 
        "date": "2014-11-30", 
        "operating_revenue": 756982, 
        "short_term_average": 818343
    }, 
    {
        "accumulated_operating_revenue_yoy": 5.570961642431326, 
        "accumulated_operating_revenue": 10152051, 
        "long_term_average": 846004, 
        "date": "2014-12-31", 
        "operating_revenue": 747509, 
        "short_term_average": 775601
    }, 
    {
        "accumulated_operating_revenue_yoy": -4.60971649503302, 
        "accumulated_operating_revenue": 786056, 
        "long_term_average": 842838, 
        "date": "2015-01-31", 
        "operating_revenue": 786056, 
        "short_term_average": 763515
    }, 
    {
        "accumulated_operating_revenue_yoy": -8.374482602456624, 
        "accumulated_operating_revenue": 1404096, 
        "long_term_average": 835309, 
        "date": "2015-02-28", 
        "operating_revenue": 618040, 
        "short_term_average": 717201
    }, 
    {
        "accumulated_operating_revenue_yoy": -9.876756885060868, 
        "accumulated_operating_revenue": 2186991, 
        "long_term_average": 826031, 
        "date": "2015-03-31", 
        "operating_revenue": 782895, 
        "short_term_average": 728997
    }, 
    {
        "accumulated_operating_revenue_yoy": -10.383665672754379, 
        "accumulated_operating_revenue": 3000699, 
        "long_term_average": 817030, 
        "date": "2015-04-30", 
        "operating_revenue": 813708, 
        "short_term_average": 738214
    }, 
    {
        "accumulated_operating_revenue_yoy": -11.43423641549869, 
        "accumulated_operating_revenue": 3795461, 
        "long_term_average": 805170, 
        "date": "2015-05-31", 
        "operating_revenue": 794762, 
        "short_term_average": 797121
    }, 
    {
        "accumulated_operating_revenue_yoy": -11.031315841393404, 
        "accumulated_operating_revenue": 4608633, 
        "long_term_average": 798385, 
        "date": "2015-06-30", 
        "operating_revenue": 813172, 
        "short_term_average": 807214
    }, 
    {
        "accumulated_operating_revenue_yoy": -11.767982587176483, 
        "accumulated_operating_revenue": 5339477, 
        "long_term_average": 786658, 
        "date": "2015-07-31", 
        "operating_revenue": 730844, 
        "short_term_average": 779592
    }, 
    {
        "accumulated_operating_revenue_yoy": -11.911917255760873, 
        "accumulated_operating_revenue": 6121691, 
        "long_term_average": 777019, 
        "date": "2015-08-31", 
        "operating_revenue": 782214, 
        "short_term_average": 775410
    }, 
    {
        "accumulated_operating_revenue_yoy": -11.048826957155473, 
        "accumulated_operating_revenue": 6960649, 
        "long_term_average": 773954, 
        "date": "2015-09-30", 
        "operating_revenue": 838958, 
        "short_term_average": 784005
    }, 
    {
        "accumulated_operating_revenue_yoy": -9.864470440216662, 
        "accumulated_operating_revenue": 7794524, 
        "long_term_average": 774917, 
        "date": "2015-10-31", 
        "operating_revenue": 833875, 
        "short_term_average": 818349
    }
]