[
    {
        "date": "2011-09-30", 
        "operating_revenue": 7410, 
        "accumulated_operating_revenue": 7410, 
        "long_term_average": 7410, 
        "short_term_average": 7410
    }, 
    {
        "date": "2011-10-31", 
        "operating_revenue": 18739, 
        "accumulated_operating_revenue": 26149, 
        "long_term_average": 13074, 
        "short_term_average": 13074
    }, 
    {
        "date": "2011-11-30", 
        "operating_revenue": 21879, 
        "accumulated_operating_revenue": 48028, 
        "long_term_average": 16009, 
        "short_term_average": 16009
    }, 
    {
        "date": "2011-12-31", 
        "operating_revenue": 60320, 
        "accumulated_operating_revenue": 108348, 
        "long_term_average": 27087, 
        "short_term_average": 33646
    }, 
    {
        "date": "2012-01-31", 
        "operating_revenue": 24985, 
        "accumulated_operating_revenue": 24985, 
        "long_term_average": 26666, 
        "short_term_average": 35728
    }, 
    {
        "date": "2012-02-29", 
        "operating_revenue": 41396, 
        "accumulated_operating_revenue": 66381, 
        "long_term_average": 29121, 
        "short_term_average": 42233
    }, 
    {
        "date": "2012-03-31", 
        "operating_revenue": 41962, 
        "accumulated_operating_revenue": 108343, 
        "long_term_average": 30955, 
        "short_term_average": 36114
    }, 
    {
        "date": "2012-04-30", 
        "operating_revenue": 51631, 
        "accumulated_operating_revenue": 159974, 
        "long_term_average": 33540, 
        "short_term_average": 44996
    }, 
    {
        "date": "2012-05-31", 
        "operating_revenue": 61360, 
        "accumulated_operating_revenue": 221334, 
        "long_term_average": 36631, 
        "short_term_average": 51651
    }, 
    {
        "date": "2012-06-30", 
        "operating_revenue": 39833, 
        "accumulated_operating_revenue": 261167, 
        "long_term_average": 36951, 
        "short_term_average": 50941
    }, 
    {
        "date": "2012-07-31", 
        "operating_revenue": 159250, 
        "accumulated_operating_revenue": 420417, 
        "long_term_average": 48069, 
        "short_term_average": 86814
    }, 
    {
        "date": "2012-08-31", 
        "operating_revenue": 179522, 
        "accumulated_operating_revenue": 599939, 
        "long_term_average": 59023, 
        "short_term_average": 126201
    }, 
    {
        "accumulated_operating_revenue_yoy": 10466.12685560054, 
        "accumulated_operating_revenue": 782950, 
        "long_term_average": 73657, 
        "date": "2012-09-30", 
        "operating_revenue": 183011, 
        "short_term_average": 173927
    }, 
    {
        "accumulated_operating_revenue_yoy": 3567.5322192053236, 
        "accumulated_operating_revenue": 959023, 
        "long_term_average": 86768, 
        "date": "2012-10-31", 
        "operating_revenue": 176073, 
        "short_term_average": 179535
    }, 
    {
        "accumulated_operating_revenue_yoy": 2260.1149329557757, 
        "accumulated_operating_revenue": 1133516, 
        "long_term_average": 99486, 
        "date": "2012-11-30", 
        "operating_revenue": 174493, 
        "short_term_average": 177859
    }, 
    {
        "accumulated_operating_revenue_yoy": 1144.7373278694577, 
        "accumulated_operating_revenue": 1348648, 
        "long_term_average": 112387, 
        "date": "2012-12-31", 
        "operating_revenue": 215132, 
        "short_term_average": 188566
    }, 
    {
        "accumulated_operating_revenue_yoy": 652.9597758655193, 
        "accumulated_operating_revenue": 188127, 
        "long_term_average": 125982, 
        "date": "2013-01-31", 
        "operating_revenue": 188127, 
        "short_term_average": 192584
    }, 
    {
        "accumulated_operating_revenue_yoy": 382.678778566156, 
        "accumulated_operating_revenue": 320407, 
        "long_term_average": 133556, 
        "date": "2013-02-28", 
        "operating_revenue": 132280, 
        "short_term_average": 178513
    }, 
    {
        "accumulated_operating_revenue_yoy": 344.9258373868178, 
        "accumulated_operating_revenue": 482046, 
        "long_term_average": 143529, 
        "date": "2013-03-31", 
        "operating_revenue": 161639, 
        "short_term_average": 160682
    }, 
    {
        "accumulated_operating_revenue_yoy": 289.6383162263868, 
        "accumulated_operating_revenue": 623320, 
        "long_term_average": 150999, 
        "date": "2013-04-30", 
        "operating_revenue": 141274, 
        "short_term_average": 145064
    }, 
    {
        "accumulated_operating_revenue_yoy": 271.0564124806853, 
        "accumulated_operating_revenue": 821274, 
        "long_term_average": 162382, 
        "date": "2013-05-31", 
        "operating_revenue": 197954, 
        "short_term_average": 166955
    }, 
    {
        "accumulated_operating_revenue_yoy": 268.0342462868586, 
        "accumulated_operating_revenue": 961184, 
        "long_term_average": 170722, 
        "date": "2013-06-30", 
        "operating_revenue": 139910, 
        "short_term_average": 159712
    }, 
    {
        "accumulated_operating_revenue_yoy": 166.53441701929273, 
        "accumulated_operating_revenue": 1120556, 
        "long_term_average": 170732, 
        "date": "2013-07-31", 
        "operating_revenue": 159372, 
        "short_term_average": 165745
    }, 
    {
        "accumulated_operating_revenue_yoy": 116.50934511675352, 
        "accumulated_operating_revenue": 1298924, 
        "long_term_average": 170636, 
        "date": "2013-08-31", 
        "operating_revenue": 178368, 
        "short_term_average": 159216
    }, 
    {
        "accumulated_operating_revenue_yoy": 88.36145347723354, 
        "accumulated_operating_revenue": 1474776, 
        "long_term_average": 170039, 
        "date": "2013-09-30", 
        "operating_revenue": 175852, 
        "short_term_average": 171197
    }, 
    {
        "accumulated_operating_revenue_yoy": 74.67578984028538, 
        "accumulated_operating_revenue": 1675181, 
        "long_term_average": 172067, 
        "date": "2013-10-31", 
        "operating_revenue": 200405, 
        "short_term_average": 184875
    }, 
    {
        "accumulated_operating_revenue_yoy": 63.19822569774048, 
        "accumulated_operating_revenue": 1849878, 
        "long_term_average": 172084, 
        "date": "2013-11-30", 
        "operating_revenue": 174697, 
        "short_term_average": 183651
    }, 
    {
        "accumulated_operating_revenue_yoy": 53.92889768123336, 
        "accumulated_operating_revenue": 2075959, 
        "long_term_average": 172996, 
        "date": "2013-12-31", 
        "operating_revenue": 226081, 
        "short_term_average": 200394
    }, 
    {
        "accumulated_operating_revenue_yoy": 20.420248023941273, 
        "accumulated_operating_revenue": 226543, 
        "long_term_average": 176197, 
        "date": "2014-01-31", 
        "operating_revenue": 226543, 
        "short_term_average": 209107
    }, 
    {
        "accumulated_operating_revenue_yoy": 32.43031519286408, 
        "accumulated_operating_revenue": 424316, 
        "long_term_average": 181655, 
        "date": "2014-02-28", 
        "operating_revenue": 197773, 
        "short_term_average": 216799
    }, 
    {
        "accumulated_operating_revenue_yoy": 30.410168324184827, 
        "accumulated_operating_revenue": 628637, 
        "long_term_average": 185212, 
        "date": "2014-03-31", 
        "operating_revenue": 204321, 
        "short_term_average": 209545
    }, 
    {
        "accumulated_operating_revenue_yoy": 32.57091060771353, 
        "accumulated_operating_revenue": 826341, 
        "long_term_average": 189915, 
        "date": "2014-04-30", 
        "operating_revenue": 197704, 
        "short_term_average": 199932
    }, 
    {
        "accumulated_operating_revenue_yoy": 26.0861783034651, 
        "accumulated_operating_revenue": 1035513, 
        "long_term_average": 190849, 
        "date": "2014-05-31", 
        "operating_revenue": 209172, 
        "short_term_average": 203732
    }, 
    {
        "accumulated_operating_revenue_yoy": 27.977577654226454, 
        "accumulated_operating_revenue": 1230100, 
        "long_term_average": 195406, 
        "date": "2014-06-30", 
        "operating_revenue": 194587, 
        "short_term_average": 200487
    }, 
    {
        "accumulated_operating_revenue_yoy": 33.0886631279472, 
        "accumulated_operating_revenue": 1491333, 
        "long_term_average": 203894, 
        "date": "2014-07-31", 
        "operating_revenue": 261233, 
        "short_term_average": 221664
    }, 
    {
        "accumulated_operating_revenue_yoy": 33.66994527778376, 
        "accumulated_operating_revenue": 1736271, 
        "long_term_average": 209442, 
        "date": "2014-08-31", 
        "operating_revenue": 244938, 
        "short_term_average": 233586
    }, 
    {
        "accumulated_operating_revenue_yoy": 35.30780267647426, 
        "accumulated_operating_revenue": 1995487, 
        "long_term_average": 216389, 
        "date": "2014-09-30", 
        "operating_revenue": 259216, 
        "short_term_average": 255129
    }, 
    {
        "accumulated_operating_revenue_yoy": 33.84022383252914, 
        "accumulated_operating_revenue": 2242066, 
        "long_term_average": 220237, 
        "date": "2014-10-31", 
        "operating_revenue": 246579, 
        "short_term_average": 250244
    }, 
    {
        "accumulated_operating_revenue_yoy": 34.628878228726435, 
        "accumulated_operating_revenue": 2490470, 
        "long_term_average": 226379, 
        "date": "2014-11-30", 
        "operating_revenue": 248404, 
        "short_term_average": 251399
    }, 
    {
        "accumulated_operating_revenue_yoy": 33.88361716199597, 
        "accumulated_operating_revenue": 2779369, 
        "long_term_average": 231614, 
        "date": "2014-12-31", 
        "operating_revenue": 288899, 
        "short_term_average": 261294
    }, 
    {
        "accumulated_operating_revenue_yoy": 38.978913495451195, 
        "accumulated_operating_revenue": 314847, 
        "long_term_average": 238972, 
        "date": "2015-01-31", 
        "operating_revenue": 314847, 
        "short_term_average": 284050
    }, 
    {
        "accumulated_operating_revenue_yoy": 25.138340293554805, 
        "accumulated_operating_revenue": 530982, 
        "long_term_average": 240502, 
        "date": "2015-02-28", 
        "operating_revenue": 216135, 
        "short_term_average": 273293
    }, 
    {
        "accumulated_operating_revenue_yoy": 30.665232876843074, 
        "accumulated_operating_revenue": 821410, 
        "long_term_average": 247678, 
        "date": "2015-03-31", 
        "operating_revenue": 290428, 
        "short_term_average": 273803
    }, 
    {
        "accumulated_operating_revenue_yoy": 28.916875720798075, 
        "accumulated_operating_revenue": 1065293, 
        "long_term_average": 251526, 
        "date": "2015-04-30", 
        "operating_revenue": 243883, 
        "short_term_average": 250148
    }, 
    {
        "accumulated_operating_revenue_yoy": 27.87970793220365, 
        "accumulated_operating_revenue": 1324211, 
        "long_term_average": 255672, 
        "date": "2015-05-31", 
        "operating_revenue": 258918, 
        "short_term_average": 264409
    }, 
    {
        "accumulated_operating_revenue_yoy": 27.887244939435817, 
        "accumulated_operating_revenue": 1573141, 
        "long_term_average": 260200, 
        "date": "2015-06-30", 
        "operating_revenue": 248930, 
        "short_term_average": 250577
    }, 
    {
        "accumulated_operating_revenue_yoy": 25.845870774669372, 
        "accumulated_operating_revenue": 1876781, 
        "long_term_average": 263734, 
        "date": "2015-07-31", 
        "operating_revenue": 303640, 
        "short_term_average": 270496
    }, 
    {
        "accumulated_operating_revenue_yoy": 25.021266841408973, 
        "accumulated_operating_revenue": 2170708, 
        "long_term_average": 267817, 
        "date": "2015-08-31", 
        "operating_revenue": 293927, 
        "short_term_average": 282165
    }
]