[
    {
        "date": "2012-01-31", 
        "operating_revenue": 150342, 
        "accumulated_operating_revenue": 150342, 
        "long_term_average": 150342, 
        "short_term_average": 150342
    }, 
    {
        "date": "2012-02-29", 
        "operating_revenue": 174131, 
        "accumulated_operating_revenue": 324473, 
        "long_term_average": 162236, 
        "short_term_average": 162236
    }, 
    {
        "date": "2012-03-31", 
        "operating_revenue": 151904, 
        "accumulated_operating_revenue": 476377, 
        "long_term_average": 158792, 
        "short_term_average": 158792
    }, 
    {
        "date": "2012-04-30", 
        "operating_revenue": 120116, 
        "accumulated_operating_revenue": 596493, 
        "long_term_average": 149123, 
        "short_term_average": 148717
    }, 
    {
        "date": "2012-05-31", 
        "operating_revenue": 154647, 
        "accumulated_operating_revenue": 751140, 
        "long_term_average": 150228, 
        "short_term_average": 142222
    }, 
    {
        "date": "2012-06-30", 
        "operating_revenue": 142285, 
        "accumulated_operating_revenue": 893425, 
        "long_term_average": 148904, 
        "short_term_average": 139016
    }, 
    {
        "date": "2012-07-31", 
        "operating_revenue": 134463, 
        "accumulated_operating_revenue": 1027888, 
        "long_term_average": 146841, 
        "short_term_average": 143798
    }, 
    {
        "date": "2012-08-31", 
        "operating_revenue": 103630, 
        "accumulated_operating_revenue": 1131518, 
        "long_term_average": 141439, 
        "short_term_average": 126792
    }, 
    {
        "date": "2012-09-30", 
        "operating_revenue": 131218, 
        "accumulated_operating_revenue": 1262736, 
        "long_term_average": 140304, 
        "short_term_average": 123103
    }, 
    {
        "date": "2012-10-31", 
        "operating_revenue": 111961, 
        "accumulated_operating_revenue": 1374697, 
        "long_term_average": 137469, 
        "short_term_average": 115603
    }, 
    {
        "date": "2012-11-30", 
        "operating_revenue": 164125, 
        "accumulated_operating_revenue": 1538822, 
        "long_term_average": 139892, 
        "short_term_average": 135768
    }, 
    {
        "date": "2012-12-31", 
        "operating_revenue": 153232, 
        "accumulated_operating_revenue": 1692054, 
        "long_term_average": 141004, 
        "short_term_average": 143106
    }, 
    {
        "accumulated_operating_revenue_yoy": 33.401178646020405, 
        "accumulated_operating_revenue": 200558, 
        "long_term_average": 145189, 
        "date": "2013-01-31", 
        "operating_revenue": 200558, 
        "short_term_average": 172638
    }, 
    {
        "accumulated_operating_revenue_yoy": -5.388738046000746, 
        "accumulated_operating_revenue": 306988, 
        "long_term_average": 139547, 
        "date": "2013-02-28", 
        "operating_revenue": 106430, 
        "short_term_average": 153406
    }, 
    {
        "accumulated_operating_revenue_yoy": -5.9148531520203536, 
        "accumulated_operating_revenue": 448200, 
        "long_term_average": 138656, 
        "date": "2013-03-31", 
        "operating_revenue": 141212, 
        "short_term_average": 149400
    }, 
    {
        "accumulated_operating_revenue_yoy": -0.08348798728568482, 
        "accumulated_operating_revenue": 595995, 
        "long_term_average": 140963, 
        "date": "2013-04-30", 
        "operating_revenue": 147795, 
        "short_term_average": 131812
    }, 
    {
        "accumulated_operating_revenue_yoy": -3.0561546449396917, 
        "accumulated_operating_revenue": 728184, 
        "long_term_average": 139091, 
        "date": "2013-05-31", 
        "operating_revenue": 132189, 
        "short_term_average": 140398
    }, 
    {
        "accumulated_operating_revenue_yoy": -3.144640008954305, 
        "accumulated_operating_revenue": 865330, 
        "long_term_average": 138663, 
        "date": "2013-06-30", 
        "operating_revenue": 137146, 
        "short_term_average": 139043
    }, 
    {
        "accumulated_operating_revenue_yoy": -1.5061952274956028, 
        "accumulated_operating_revenue": 1012406, 
        "long_term_average": 139714, 
        "date": "2013-07-31", 
        "operating_revenue": 147076, 
        "short_term_average": 138803
    }, 
    {
        "accumulated_operating_revenue_yoy": 4.86611790532718, 
        "accumulated_operating_revenue": 1186579, 
        "long_term_average": 145592, 
        "date": "2013-08-31", 
        "operating_revenue": 174173, 
        "short_term_average": 152798
    }, 
    {
        "accumulated_operating_revenue_yoy": 9.35935935935936, 
        "accumulated_operating_revenue": 1380920, 
        "long_term_average": 150853, 
        "date": "2013-09-30", 
        "operating_revenue": 194341, 
        "short_term_average": 171863
    }, 
    {
        "accumulated_operating_revenue_yoy": 14.199056228390692, 
        "accumulated_operating_revenue": 1569891, 
        "long_term_average": 157270, 
        "date": "2013-10-31", 
        "operating_revenue": 188971, 
        "short_term_average": 185828
    }, 
    {
        "accumulated_operating_revenue_yoy": 11.420619148933405, 
        "accumulated_operating_revenue": 1714565, 
        "long_term_average": 155649, 
        "date": "2013-11-30", 
        "operating_revenue": 144674, 
        "short_term_average": 175995
    }, 
    {
        "accumulated_operating_revenue_yoy": 12.586300437220089, 
        "accumulated_operating_revenue": 1905021, 
        "long_term_average": 158751, 
        "date": "2013-12-31", 
        "operating_revenue": 190456, 
        "short_term_average": 174700
    }, 
    {
        "accumulated_operating_revenue_yoy": -8.130316417196024, 
        "accumulated_operating_revenue": 184252, 
        "long_term_average": 157392, 
        "date": "2014-01-31", 
        "operating_revenue": 184252, 
        "short_term_average": 173127
    }, 
    {
        "accumulated_operating_revenue_yoy": 5.60705955933131, 
        "accumulated_operating_revenue": 324201, 
        "long_term_average": 160186, 
        "date": "2014-02-28", 
        "operating_revenue": 139949, 
        "short_term_average": 171552
    }, 
    {
        "accumulated_operating_revenue_yoy": 17.16599732262383, 
        "accumulated_operating_revenue": 525138, 
        "long_term_average": 165163, 
        "date": "2014-03-31", 
        "operating_revenue": 200937, 
        "short_term_average": 175046
    }, 
    {
        "accumulated_operating_revenue_yoy": 15.500465607932954, 
        "accumulated_operating_revenue": 688377, 
        "long_term_average": 166450, 
        "date": "2014-04-30", 
        "operating_revenue": 163239, 
        "short_term_average": 168041
    }, 
    {
        "accumulated_operating_revenue_yoy": 16.53730375839074, 
        "accumulated_operating_revenue": 848606, 
        "long_term_average": 168786, 
        "date": "2014-05-31", 
        "operating_revenue": 160229, 
        "short_term_average": 174801
    }, 
    {
        "accumulated_operating_revenue_yoy": 15.90214137958929, 
        "accumulated_operating_revenue": 1002936, 
        "long_term_average": 170218, 
        "date": "2014-06-30", 
        "operating_revenue": 154330, 
        "short_term_average": 159266
    }, 
    {
        "accumulated_operating_revenue_yoy": 14.514927805643191, 
        "accumulated_operating_revenue": 1159356, 
        "long_term_average": 170997, 
        "date": "2014-07-31", 
        "operating_revenue": 156420, 
        "short_term_average": 156993
    }, 
    {
        "accumulated_operating_revenue_yoy": 12.08381405704972, 
        "accumulated_operating_revenue": 1329963, 
        "long_term_average": 170700, 
        "date": "2014-08-31", 
        "operating_revenue": 170607, 
        "short_term_average": 160452
    }, 
    {
        "accumulated_operating_revenue_yoy": 13.735770355994553, 
        "accumulated_operating_revenue": 1570600, 
        "long_term_average": 174558, 
        "date": "2014-09-30", 
        "operating_revenue": 240637, 
        "short_term_average": 189221
    }, 
    {
        "accumulated_operating_revenue_yoy": 12.093705868751398, 
        "accumulated_operating_revenue": 1759749, 
        "long_term_average": 174573, 
        "date": "2014-10-31", 
        "operating_revenue": 189149, 
        "short_term_average": 200131
    }, 
    {
        "accumulated_operating_revenue_yoy": 11.745544788328235, 
        "accumulated_operating_revenue": 1915950, 
        "long_term_average": 175533, 
        "date": "2014-11-30", 
        "operating_revenue": 156201, 
        "short_term_average": 195329
    }, 
    {
        "accumulated_operating_revenue_yoy": 9.418478851414235, 
        "accumulated_operating_revenue": 2084445, 
        "long_term_average": 173703, 
        "date": "2014-12-31", 
        "operating_revenue": 168495, 
        "short_term_average": 171281
    }, 
    {
        "accumulated_operating_revenue_yoy": 8.344549855632504, 
        "accumulated_operating_revenue": 199627, 
        "long_term_average": 174985, 
        "date": "2015-01-31", 
        "operating_revenue": 199627, 
        "short_term_average": 174774
    }, 
    {
        "accumulated_operating_revenue_yoy": -7.498434613094964, 
        "accumulated_operating_revenue": 299891, 
        "long_term_average": 171677, 
        "date": "2015-02-28", 
        "operating_revenue": 100264, 
        "short_term_average": 156128
    }, 
    {
        "accumulated_operating_revenue_yoy": -18.885892851022017, 
        "accumulated_operating_revenue": 425961, 
        "long_term_average": 165439, 
        "date": "2015-03-31", 
        "operating_revenue": 126070, 
        "short_term_average": 141987
    }, 
    {
        "accumulated_operating_revenue_yoy": -21.92098225245759, 
        "accumulated_operating_revenue": 537478, 
        "long_term_average": 161128, 
        "date": "2015-04-30", 
        "operating_revenue": 111517, 
        "short_term_average": 112617
    }, 
    {
        "accumulated_operating_revenue_yoy": -21.93350035234255, 
        "accumulated_operating_revenue": 662477, 
        "long_term_average": 158193, 
        "date": "2015-05-31", 
        "operating_revenue": 124999, 
        "short_term_average": 120862
    }, 
    {
        "accumulated_operating_revenue_yoy": -23.612673191509728, 
        "accumulated_operating_revenue": 766116, 
        "long_term_average": 153968, 
        "date": "2015-06-30", 
        "operating_revenue": 103639, 
        "short_term_average": 113385
    }, 
    {
        "accumulated_operating_revenue_yoy": -24.548369957114122, 
        "accumulated_operating_revenue": 874753, 
        "long_term_average": 149986, 
        "date": "2015-07-31", 
        "operating_revenue": 108637, 
        "short_term_average": 112425
    }, 
    {
        "accumulated_operating_revenue_yoy": -25.88575772408706, 
        "accumulated_operating_revenue": 985692, 
        "long_term_average": 145014, 
        "date": "2015-08-31", 
        "operating_revenue": 110939, 
        "short_term_average": 107738
    }
]