[
    {
        "date": "2012-01-31", 
        "operating_revenue": 16197, 
        "accumulated_operating_revenue": 16197, 
        "long_term_average": 16197, 
        "short_term_average": 16197
    }, 
    {
        "date": "2012-02-29", 
        "operating_revenue": 13234, 
        "accumulated_operating_revenue": 29431, 
        "long_term_average": 14715, 
        "short_term_average": 14715
    }, 
    {
        "date": "2012-03-31", 
        "operating_revenue": 34738, 
        "accumulated_operating_revenue": 64169, 
        "long_term_average": 21389, 
        "short_term_average": 21389
    }, 
    {
        "date": "2012-04-30", 
        "operating_revenue": 16016, 
        "accumulated_operating_revenue": 80185, 
        "long_term_average": 20046, 
        "short_term_average": 21329
    }, 
    {
        "date": "2012-05-31", 
        "operating_revenue": 22023, 
        "accumulated_operating_revenue": 102208, 
        "long_term_average": 20441, 
        "short_term_average": 24259
    }, 
    {
        "date": "2012-06-30", 
        "operating_revenue": 14272, 
        "accumulated_operating_revenue": 116480, 
        "long_term_average": 19413, 
        "short_term_average": 17437
    }, 
    {
        "date": "2012-07-31", 
        "operating_revenue": 14057, 
        "accumulated_operating_revenue": 130537, 
        "long_term_average": 18648, 
        "short_term_average": 16784
    }, 
    {
        "date": "2012-08-31", 
        "operating_revenue": 10772, 
        "accumulated_operating_revenue": 141309, 
        "long_term_average": 17663, 
        "short_term_average": 13033
    }, 
    {
        "date": "2012-09-30", 
        "operating_revenue": 18566, 
        "accumulated_operating_revenue": 159875, 
        "long_term_average": 17763, 
        "short_term_average": 14465
    }, 
    {
        "date": "2012-10-31", 
        "operating_revenue": 17392, 
        "accumulated_operating_revenue": 177267, 
        "long_term_average": 17726, 
        "short_term_average": 15576
    }, 
    {
        "date": "2012-11-30", 
        "operating_revenue": 36678, 
        "accumulated_operating_revenue": 213945, 
        "long_term_average": 19449, 
        "short_term_average": 24212
    }, 
    {
        "date": "2012-12-31", 
        "operating_revenue": 57659, 
        "accumulated_operating_revenue": 271604, 
        "long_term_average": 22633, 
        "short_term_average": 37243
    }, 
    {
        "accumulated_operating_revenue_yoy": -13.008581836142497, 
        "accumulated_operating_revenue": 14090, 
        "long_term_average": 22458, 
        "date": "2013-01-31", 
        "operating_revenue": 14090, 
        "short_term_average": 36142
    }, 
    {
        "accumulated_operating_revenue_yoy": -9.693860215419116, 
        "accumulated_operating_revenue": 26578, 
        "long_term_average": 22395, 
        "date": "2013-02-28", 
        "operating_revenue": 12488, 
        "short_term_average": 28079
    }, 
    {
        "accumulated_operating_revenue_yoy": -7.185712727329396, 
        "accumulated_operating_revenue": 59558, 
        "long_term_average": 22249, 
        "date": "2013-03-31", 
        "operating_revenue": 32980, 
        "short_term_average": 19852
    }, 
    {
        "accumulated_operating_revenue_yoy": -5.756687659786743, 
        "accumulated_operating_revenue": 75569, 
        "long_term_average": 22249, 
        "date": "2013-04-30", 
        "operating_revenue": 16011, 
        "short_term_average": 20493
    }, 
    {
        "accumulated_operating_revenue_yoy": -3.120108015028178, 
        "accumulated_operating_revenue": 99019, 
        "long_term_average": 22367, 
        "date": "2013-05-31", 
        "operating_revenue": 23450, 
        "short_term_average": 24147
    }, 
    {
        "accumulated_operating_revenue_yoy": 3.9749313186813184, 
        "accumulated_operating_revenue": 121110, 
        "long_term_average": 23019, 
        "date": "2013-06-30", 
        "operating_revenue": 22091, 
        "short_term_average": 20517
    }, 
    {
        "accumulated_operating_revenue_yoy": 3.959796839210339, 
        "accumulated_operating_revenue": 135706, 
        "long_term_average": 23064, 
        "date": "2013-07-31", 
        "operating_revenue": 14596, 
        "short_term_average": 20045
    }, 
    {
        "accumulated_operating_revenue_yoy": 36.63956294362001, 
        "accumulated_operating_revenue": 193084, 
        "long_term_average": 26948, 
        "date": "2013-08-31", 
        "operating_revenue": 57378, 
        "short_term_average": 31355
    }, 
    {
        "accumulated_operating_revenue_yoy": 42.56075058639562, 
        "accumulated_operating_revenue": 227919, 
        "long_term_average": 28304, 
        "date": "2013-09-30", 
        "operating_revenue": 34835, 
        "short_term_average": 35603
    }, 
    {
        "accumulated_operating_revenue_yoy": 41.4408773206519, 
        "accumulated_operating_revenue": 250728, 
        "long_term_average": 28755, 
        "date": "2013-10-31", 
        "operating_revenue": 22809, 
        "short_term_average": 38340
    }, 
    {
        "accumulated_operating_revenue_yoy": 25.394377059524643, 
        "accumulated_operating_revenue": 268275, 
        "long_term_average": 27161, 
        "date": "2013-11-30", 
        "operating_revenue": 17547, 
        "short_term_average": 25063
    }, 
    {
        "accumulated_operating_revenue_yoy": 22.27213148554513, 
        "accumulated_operating_revenue": 332096, 
        "long_term_average": 27674, 
        "date": "2013-12-31", 
        "operating_revenue": 63821, 
        "short_term_average": 34725
    }, 
    {
        "accumulated_operating_revenue_yoy": -2.5833924769339958, 
        "accumulated_operating_revenue": 13726, 
        "long_term_average": 27644, 
        "date": "2014-01-31", 
        "operating_revenue": 13726, 
        "short_term_average": 31698
    }, 
    {
        "accumulated_operating_revenue_yoy": 13.977725938746332, 
        "accumulated_operating_revenue": 30293, 
        "long_term_average": 27984, 
        "date": "2014-02-28", 
        "operating_revenue": 16567, 
        "short_term_average": 31371
    }, 
    {
        "accumulated_operating_revenue_yoy": -13.878907955270492, 
        "accumulated_operating_revenue": 51292, 
        "long_term_average": 26985, 
        "date": "2014-03-31", 
        "operating_revenue": 20999, 
        "short_term_average": 17097
    }, 
    {
        "accumulated_operating_revenue_yoy": -0.6312112109462875, 
        "accumulated_operating_revenue": 75092, 
        "long_term_average": 27634, 
        "date": "2014-04-30", 
        "operating_revenue": 23800, 
        "short_term_average": 20455
    }, 
    {
        "accumulated_operating_revenue_yoy": -6.086710631292984, 
        "accumulated_operating_revenue": 92992, 
        "long_term_average": 27172, 
        "date": "2014-05-31", 
        "operating_revenue": 17900, 
        "short_term_average": 20899
    }, 
    {
        "accumulated_operating_revenue_yoy": 9.424490132936999, 
        "accumulated_operating_revenue": 132524, 
        "long_term_average": 28625, 
        "date": "2014-06-30", 
        "operating_revenue": 39532, 
        "short_term_average": 27077
    }, 
    {
        "accumulated_operating_revenue_yoy": 11.66787024892046, 
        "accumulated_operating_revenue": 151540, 
        "long_term_average": 28994, 
        "date": "2014-07-31", 
        "operating_revenue": 19016, 
        "short_term_average": 25482
    }, 
    {
        "accumulated_operating_revenue_yoy": -5.352592653974436, 
        "accumulated_operating_revenue": 182749, 
        "long_term_average": 26813, 
        "date": "2014-08-31", 
        "operating_revenue": 31209, 
        "short_term_average": 29919
    }, 
    {
        "accumulated_operating_revenue_yoy": -11.597102479389608, 
        "accumulated_operating_revenue": 201487, 
        "long_term_average": 25472, 
        "date": "2014-09-30", 
        "operating_revenue": 18738, 
        "short_term_average": 22987
    }, 
    {
        "accumulated_operating_revenue_yoy": -9.93147953160397, 
        "accumulated_operating_revenue": 225827, 
        "long_term_average": 25599, 
        "date": "2014-10-31", 
        "operating_revenue": 24340, 
        "short_term_average": 24762
    }, 
    {
        "accumulated_operating_revenue_yoy": -4.423446090765073, 
        "accumulated_operating_revenue": 256408, 
        "long_term_average": 26685, 
        "date": "2014-11-30", 
        "operating_revenue": 30581, 
        "short_term_average": 24553
    }, 
    {
        "accumulated_operating_revenue_yoy": -14.232932645981885, 
        "accumulated_operating_revenue": 284829, 
        "long_term_average": 23735, 
        "date": "2014-12-31", 
        "operating_revenue": 28421, 
        "short_term_average": 27780
    }, 
    {
        "accumulated_operating_revenue_yoy": 7.569575987177619, 
        "accumulated_operating_revenue": 14765, 
        "long_term_average": 23822, 
        "date": "2015-01-31", 
        "operating_revenue": 14765, 
        "short_term_average": 24589
    }, 
    {
        "accumulated_operating_revenue_yoy": 36.86660284554188, 
        "accumulated_operating_revenue": 41461, 
        "long_term_average": 24666, 
        "date": "2015-02-28", 
        "operating_revenue": 26696, 
        "short_term_average": 23294
    }, 
    {
        "accumulated_operating_revenue_yoy": 29.907198003587304, 
        "accumulated_operating_revenue": 66632, 
        "long_term_average": 25014, 
        "date": "2015-03-31", 
        "operating_revenue": 25171, 
        "short_term_average": 22210
    }, 
    {
        "accumulated_operating_revenue_yoy": 11.32610664251851, 
        "accumulated_operating_revenue": 83597, 
        "long_term_average": 24444, 
        "date": "2015-04-30", 
        "operating_revenue": 16965, 
        "short_term_average": 22944
    }, 
    {
        "accumulated_operating_revenue_yoy": 10.914917412250515, 
        "accumulated_operating_revenue": 103142, 
        "long_term_average": 24581, 
        "date": "2015-05-31", 
        "operating_revenue": 19545, 
        "short_term_average": 20560
    }, 
    {
        "accumulated_operating_revenue_yoy": -3.1299990945036367, 
        "accumulated_operating_revenue": 128376, 
        "long_term_average": 23390, 
        "date": "2015-06-30", 
        "operating_revenue": 25234, 
        "short_term_average": 20581
    }, 
    {
        "accumulated_operating_revenue_yoy": 0.10624257621750033, 
        "accumulated_operating_revenue": 151701, 
        "long_term_average": 23749, 
        "date": "2015-07-31", 
        "operating_revenue": 23325, 
        "short_term_average": 22701
    }, 
    {
        "accumulated_operating_revenue_yoy": -7.1814346453332165, 
        "accumulated_operating_revenue": 169625, 
        "long_term_average": 22642, 
        "date": "2015-08-31", 
        "operating_revenue": 17924, 
        "short_term_average": 22161
    }, 
    {
        "accumulated_operating_revenue_yoy": -3.427020105515492, 
        "accumulated_operating_revenue": 194582, 
        "long_term_average": 23160, 
        "date": "2015-09-30", 
        "operating_revenue": 24957, 
        "short_term_average": 22068
    }
]