[
    {
        "date": "2011-09-30", 
        "operating_revenue": 180020, 
        "accumulated_operating_revenue": 180020, 
        "long_term_average": 180020, 
        "short_term_average": 180020
    }, 
    {
        "date": "2011-10-31", 
        "operating_revenue": 173034, 
        "accumulated_operating_revenue": 353054, 
        "long_term_average": 176527, 
        "short_term_average": 176527
    }, 
    {
        "date": "2011-11-30", 
        "operating_revenue": 156627, 
        "accumulated_operating_revenue": 509681, 
        "long_term_average": 169893, 
        "short_term_average": 169893
    }, 
    {
        "date": "2011-12-31", 
        "operating_revenue": 161625, 
        "accumulated_operating_revenue": 671306, 
        "long_term_average": 167826, 
        "short_term_average": 163762
    }, 
    {
        "date": "2012-01-31", 
        "operating_revenue": 180123, 
        "accumulated_operating_revenue": 180123, 
        "long_term_average": 170285, 
        "short_term_average": 166125
    }, 
    {
        "date": "2012-02-29", 
        "operating_revenue": 188761, 
        "accumulated_operating_revenue": 368884, 
        "long_term_average": 173365, 
        "short_term_average": 176836
    }, 
    {
        "date": "2012-03-31", 
        "operating_revenue": 181584, 
        "accumulated_operating_revenue": 550468, 
        "long_term_average": 174539, 
        "short_term_average": 183489
    }, 
    {
        "date": "2012-04-30", 
        "operating_revenue": 167257, 
        "accumulated_operating_revenue": 717725, 
        "long_term_average": 173628, 
        "short_term_average": 179200
    }, 
    {
        "date": "2012-05-31", 
        "operating_revenue": 173205, 
        "accumulated_operating_revenue": 890930, 
        "long_term_average": 173581, 
        "short_term_average": 174015
    }, 
    {
        "date": "2012-06-30", 
        "operating_revenue": 174196, 
        "accumulated_operating_revenue": 1065126, 
        "long_term_average": 173643, 
        "short_term_average": 171552
    }, 
    {
        "date": "2012-07-31", 
        "operating_revenue": 192589, 
        "accumulated_operating_revenue": 1257715, 
        "long_term_average": 175365, 
        "short_term_average": 179996
    }, 
    {
        "date": "2012-08-31", 
        "operating_revenue": 194851, 
        "accumulated_operating_revenue": 1452566, 
        "long_term_average": 176989, 
        "short_term_average": 187212
    }, 
    {
        "accumulated_operating_revenue_yoy": 808.5829352294189, 
        "accumulated_operating_revenue": 1635631, 
        "long_term_average": 177243, 
        "date": "2012-09-30", 
        "operating_revenue": 183065, 
        "short_term_average": 190168
    }, 
    {
        "accumulated_operating_revenue_yoy": 416.850963308729, 
        "accumulated_operating_revenue": 1824763, 
        "long_term_average": 178584, 
        "date": "2012-10-31", 
        "operating_revenue": 189132, 
        "short_term_average": 189016
    }, 
    {
        "accumulated_operating_revenue_yoy": 290.80581775659675, 
        "accumulated_operating_revenue": 1991863, 
        "long_term_average": 179457, 
        "date": "2012-11-30", 
        "operating_revenue": 167100, 
        "short_term_average": 179765
    }, 
    {
        "accumulated_operating_revenue_yoy": 221.51284213160616, 
        "accumulated_operating_revenue": 2158335, 
        "long_term_average": 179861, 
        "date": "2012-12-31", 
        "operating_revenue": 166472, 
        "short_term_average": 174234
    }, 
    {
        "accumulated_operating_revenue_yoy": -2.1923907552061648, 
        "accumulated_operating_revenue": 176174, 
        "long_term_average": 179532, 
        "date": "2013-01-31", 
        "operating_revenue": 176174, 
        "short_term_average": 169915
    }, 
    {
        "accumulated_operating_revenue_yoy": 1.1702865941596816, 
        "accumulated_operating_revenue": 373201, 
        "long_term_average": 180221, 
        "date": "2013-02-28", 
        "operating_revenue": 197027, 
        "short_term_average": 179891
    }, 
    {
        "accumulated_operating_revenue_yoy": 3.0768364373587564, 
        "accumulated_operating_revenue": 567405, 
        "long_term_average": 181272, 
        "date": "2013-03-31", 
        "operating_revenue": 194204, 
        "short_term_average": 189135
    }, 
    {
        "accumulated_operating_revenue_yoy": 2.5618447176843495, 
        "accumulated_operating_revenue": 736112, 
        "long_term_average": 181393, 
        "date": "2013-04-30", 
        "operating_revenue": 168707, 
        "short_term_average": 186646
    }, 
    {
        "accumulated_operating_revenue_yoy": 1.9058736376595244, 
        "accumulated_operating_revenue": 907910, 
        "long_term_average": 181276, 
        "date": "2013-05-31", 
        "operating_revenue": 171798, 
        "short_term_average": 178236
    }, 
    {
        "accumulated_operating_revenue_yoy": 1.9302880598163974, 
        "accumulated_operating_revenue": 1085686, 
        "long_term_average": 181574, 
        "date": "2013-06-30", 
        "operating_revenue": 177776, 
        "short_term_average": 172760
    }, 
    {
        "accumulated_operating_revenue_yoy": 1.7116755385759095, 
        "accumulated_operating_revenue": 1279243, 
        "long_term_average": 181655, 
        "date": "2013-07-31", 
        "operating_revenue": 193557, 
        "short_term_average": 181043
    }, 
    {
        "accumulated_operating_revenue_yoy": 1.8172668229877336, 
        "accumulated_operating_revenue": 1478963, 
        "long_term_average": 182061, 
        "date": "2013-08-31", 
        "operating_revenue": 199720, 
        "short_term_average": 190351
    }, 
    {
        "accumulated_operating_revenue_yoy": 2.075101291183647, 
        "accumulated_operating_revenue": 1669572, 
        "long_term_average": 182689, 
        "date": "2013-09-30", 
        "operating_revenue": 190609, 
        "short_term_average": 194628
    }, 
    {
        "accumulated_operating_revenue_yoy": 2.039552533671496, 
        "accumulated_operating_revenue": 1861980, 
        "long_term_average": 182962, 
        "date": "2013-10-31", 
        "operating_revenue": 192408, 
        "short_term_average": 194245
    }, 
    {
        "accumulated_operating_revenue_yoy": 2.5765326229765804, 
        "accumulated_operating_revenue": 2043184, 
        "long_term_average": 184138, 
        "date": "2013-11-30", 
        "operating_revenue": 181204, 
        "short_term_average": 188073
    }, 
    {
        "accumulated_operating_revenue_yoy": 2.945464906976906, 
        "accumulated_operating_revenue": 2221908, 
        "long_term_average": 185159, 
        "date": "2013-12-31", 
        "operating_revenue": 178724, 
        "short_term_average": 184112
    }, 
    {
        "accumulated_operating_revenue_yoy": 11.71228444605901, 
        "accumulated_operating_revenue": 196808, 
        "long_term_average": 186878, 
        "date": "2014-01-31", 
        "operating_revenue": 196808, 
        "short_term_average": 185578
    }, 
    {
        "accumulated_operating_revenue_yoy": 5.423886859895874, 
        "accumulated_operating_revenue": 393443, 
        "long_term_average": 186845, 
        "date": "2014-02-28", 
        "operating_revenue": 196635, 
        "short_term_average": 190722
    }, 
    {
        "accumulated_operating_revenue_yoy": 4.920823750231317, 
        "accumulated_operating_revenue": 595326, 
        "long_term_average": 187485, 
        "date": "2014-03-31", 
        "operating_revenue": 201883, 
        "short_term_average": 198442
    }, 
    {
        "accumulated_operating_revenue_yoy": 6.948263307757515, 
        "accumulated_operating_revenue": 787259, 
        "long_term_average": 189421, 
        "date": "2014-04-30", 
        "operating_revenue": 191933, 
        "short_term_average": 196817
    }, 
    {
        "accumulated_operating_revenue_yoy": 7.071405756077144, 
        "accumulated_operating_revenue": 972112, 
        "long_term_average": 190509, 
        "date": "2014-05-31", 
        "operating_revenue": 184853, 
        "short_term_average": 192889
    }, 
    {
        "accumulated_operating_revenue_yoy": 7.228609376928505, 
        "accumulated_operating_revenue": 1164166, 
        "long_term_average": 191699, 
        "date": "2014-06-30", 
        "operating_revenue": 192054, 
        "short_term_average": 189613
    }, 
    {
        "accumulated_operating_revenue_yoy": 7.730196686634205, 
        "accumulated_operating_revenue": 1378131, 
        "long_term_average": 193399, 
        "date": "2014-07-31", 
        "operating_revenue": 213965, 
        "short_term_average": 196957
    }, 
    {
        "accumulated_operating_revenue_yoy": 7.838803269588218, 
        "accumulated_operating_revenue": 1594896, 
        "long_term_average": 194820, 
        "date": "2014-08-31", 
        "operating_revenue": 216765, 
        "short_term_average": 207594
    }, 
    {
        "accumulated_operating_revenue_yoy": 8.255888335453637, 
        "accumulated_operating_revenue": 1807410, 
        "long_term_average": 196645, 
        "date": "2014-09-30", 
        "operating_revenue": 212514, 
        "short_term_average": 214414
    }, 
    {
        "accumulated_operating_revenue_yoy": 8.406051622466407, 
        "accumulated_operating_revenue": 2018499, 
        "long_term_average": 198202, 
        "date": "2014-10-31", 
        "operating_revenue": 211089, 
        "short_term_average": 213456
    }, 
    {
        "accumulated_operating_revenue_yoy": 7.993846858628493, 
        "accumulated_operating_revenue": 2206513, 
        "long_term_average": 198769, 
        "date": "2014-11-30", 
        "operating_revenue": 188014, 
        "short_term_average": 203872
    }, 
    {
        "accumulated_operating_revenue_yoy": 8.021664263326835, 
        "accumulated_operating_revenue": 2400142, 
        "long_term_average": 200011, 
        "date": "2014-12-31", 
        "operating_revenue": 193629, 
        "short_term_average": 197577
    }, 
    {
        "accumulated_operating_revenue_yoy": 4.469330515019715, 
        "accumulated_operating_revenue": 205604, 
        "long_term_average": 200744, 
        "date": "2015-01-31", 
        "operating_revenue": 205604, 
        "short_term_average": 195749
    }, 
    {
        "accumulated_operating_revenue_yoy": 4.7529121117925595, 
        "accumulated_operating_revenue": 412143, 
        "long_term_average": 201570, 
        "date": "2015-02-28", 
        "operating_revenue": 206539, 
        "short_term_average": 201924
    }, 
    {
        "accumulated_operating_revenue_yoy": 6.071967291870337, 
        "accumulated_operating_revenue": 631474, 
        "long_term_average": 203024, 
        "date": "2015-03-31", 
        "operating_revenue": 219331, 
        "short_term_average": 210491
    }, 
    {
        "accumulated_operating_revenue_yoy": 6.189449723661463, 
        "accumulated_operating_revenue": 835986, 
        "long_term_average": 204072, 
        "date": "2015-04-30", 
        "operating_revenue": 204512, 
        "short_term_average": 210127
    }, 
    {
        "accumulated_operating_revenue_yoy": 7.258114291357375, 
        "accumulated_operating_revenue": 1042669, 
        "long_term_average": 205891, 
        "date": "2015-05-31", 
        "operating_revenue": 206683, 
        "short_term_average": 210175
    }, 
    {
        "accumulated_operating_revenue_yoy": 7.627090981870283, 
        "accumulated_operating_revenue": 1252958, 
        "long_term_average": 207411, 
        "date": "2015-06-30", 
        "operating_revenue": 210289, 
        "short_term_average": 207161
    }, 
    {
        "accumulated_operating_revenue_yoy": 7.438407524393545, 
        "accumulated_operating_revenue": 1480642, 
        "long_term_average": 208554, 
        "date": "2015-07-31", 
        "operating_revenue": 227684, 
        "short_term_average": 214885
    }, 
    {
        "accumulated_operating_revenue_yoy": 6.733354400537715, 
        "accumulated_operating_revenue": 1702286, 
        "long_term_average": 208961, 
        "date": "2015-08-31", 
        "operating_revenue": 221644, 
        "short_term_average": 219872
    }, 
    {
        "accumulated_operating_revenue_yoy": 6.008874577434008, 
        "accumulated_operating_revenue": 1916015, 
        "long_term_average": 209062, 
        "date": "2015-09-30", 
        "operating_revenue": 213729, 
        "short_term_average": 221019
    }, 
    {
        "accumulated_operating_revenue_yoy": 5.975479799593658, 
        "accumulated_operating_revenue": 2139114, 
        "long_term_average": 210063, 
        "date": "2015-10-31", 
        "operating_revenue": 223099, 
        "short_term_average": 219490
    }
]