[
    {
        "date": "2012-01-31", 
        "operating_revenue": 99651, 
        "accumulated_operating_revenue": 99651, 
        "long_term_average": 99651, 
        "short_term_average": 99651
    }, 
    {
        "date": "2012-02-29", 
        "operating_revenue": 158415, 
        "accumulated_operating_revenue": 258066, 
        "long_term_average": 129033, 
        "short_term_average": 129033
    }, 
    {
        "date": "2012-03-31", 
        "operating_revenue": 158400, 
        "accumulated_operating_revenue": 416466, 
        "long_term_average": 138822, 
        "short_term_average": 138822
    }, 
    {
        "date": "2012-04-30", 
        "operating_revenue": 172387, 
        "accumulated_operating_revenue": 588853, 
        "long_term_average": 147213, 
        "short_term_average": 163067
    }, 
    {
        "date": "2012-05-31", 
        "operating_revenue": 136710, 
        "accumulated_operating_revenue": 725563, 
        "long_term_average": 145112, 
        "short_term_average": 155832
    }, 
    {
        "date": "2012-06-30", 
        "operating_revenue": 119093, 
        "accumulated_operating_revenue": 844656, 
        "long_term_average": 140776, 
        "short_term_average": 142730
    }, 
    {
        "date": "2012-07-31", 
        "operating_revenue": 130512, 
        "accumulated_operating_revenue": 975168, 
        "long_term_average": 139309, 
        "short_term_average": 128771
    }, 
    {
        "date": "2012-08-31", 
        "operating_revenue": 132702, 
        "accumulated_operating_revenue": 1107870, 
        "long_term_average": 138483, 
        "short_term_average": 127435
    }, 
    {
        "date": "2012-09-30", 
        "operating_revenue": 117027, 
        "accumulated_operating_revenue": 1224897, 
        "long_term_average": 136099, 
        "short_term_average": 126747
    }, 
    {
        "date": "2012-10-31", 
        "operating_revenue": 121921, 
        "accumulated_operating_revenue": 1346818, 
        "long_term_average": 134681, 
        "short_term_average": 123883
    }, 
    {
        "date": "2012-11-30", 
        "operating_revenue": 131437, 
        "accumulated_operating_revenue": 1478255, 
        "long_term_average": 134386, 
        "short_term_average": 123461
    }, 
    {
        "date": "2012-12-31", 
        "operating_revenue": 102939, 
        "accumulated_operating_revenue": 1581194, 
        "long_term_average": 131766, 
        "short_term_average": 118765
    }, 
    {
        "accumulated_operating_revenue_yoy": 27.281211427883314, 
        "accumulated_operating_revenue": 126837, 
        "long_term_average": 134031, 
        "date": "2013-01-31", 
        "operating_revenue": 126837, 
        "short_term_average": 120404
    }, 
    {
        "accumulated_operating_revenue_yoy": -11.062286391853247, 
        "accumulated_operating_revenue": 229518, 
        "long_term_average": 129387, 
        "date": "2013-02-28", 
        "operating_revenue": 102681, 
        "short_term_average": 110819
    }, 
    {
        "accumulated_operating_revenue_yoy": -14.107754294468217, 
        "accumulated_operating_revenue": 357712, 
        "long_term_average": 126870, 
        "date": "2013-03-31", 
        "operating_revenue": 128194, 
        "short_term_average": 119237
    }, 
    {
        "accumulated_operating_revenue_yoy": -14.556773931694329, 
        "accumulated_operating_revenue": 503135, 
        "long_term_average": 124623, 
        "date": "2013-04-30", 
        "operating_revenue": 145423, 
        "short_term_average": 125432
    }, 
    {
        "accumulated_operating_revenue_yoy": -12.451985561557025, 
        "accumulated_operating_revenue": 635216, 
        "long_term_average": 124237, 
        "date": "2013-05-31", 
        "operating_revenue": 132081, 
        "short_term_average": 135232
    }, 
    {
        "accumulated_operating_revenue_yoy": -12.361482070807524, 
        "accumulated_operating_revenue": 740244, 
        "long_term_average": 123065, 
        "date": "2013-06-30", 
        "operating_revenue": 105028, 
        "short_term_average": 127510
    }, 
    {
        "accumulated_operating_revenue_yoy": -12.095967053881997, 
        "accumulated_operating_revenue": 857212, 
        "long_term_average": 121936, 
        "date": "2013-07-31", 
        "operating_revenue": 116968, 
        "short_term_average": 118025
    }, 
    {
        "accumulated_operating_revenue_yoy": -11.805717277297878, 
        "accumulated_operating_revenue": 977078, 
        "long_term_average": 120866, 
        "date": "2013-08-31", 
        "operating_revenue": 119866, 
        "short_term_average": 113954
    }, 
    {
        "accumulated_operating_revenue_yoy": -5.107694769437757, 
        "accumulated_operating_revenue": 1162333, 
        "long_term_average": 126552, 
        "date": "2013-09-30", 
        "operating_revenue": 185255, 
        "short_term_average": 140696
    }, 
    {
        "accumulated_operating_revenue_yoy": 0.5365238658823984, 
        "accumulated_operating_revenue": 1354044, 
        "long_term_average": 132368, 
        "date": "2013-10-31", 
        "operating_revenue": 191711, 
        "short_term_average": 165610
    }, 
    {
        "accumulated_operating_revenue_yoy": 3.077479866464176, 
        "accumulated_operating_revenue": 1523748, 
        "long_term_average": 135557, 
        "date": "2013-11-30", 
        "operating_revenue": 169704, 
        "short_term_average": 182223
    }, 
    {
        "accumulated_operating_revenue_yoy": 6.620945943382027, 
        "accumulated_operating_revenue": 1685884, 
        "long_term_average": 140490, 
        "date": "2013-12-31", 
        "operating_revenue": 162136, 
        "short_term_average": 174517
    }, 
    {
        "accumulated_operating_revenue_yoy": 20.43804252702287, 
        "accumulated_operating_revenue": 152760, 
        "long_term_average": 142650, 
        "date": "2014-01-31", 
        "operating_revenue": 152760, 
        "short_term_average": 161533
    }, 
    {
        "accumulated_operating_revenue_yoy": 22.58123545865684, 
        "accumulated_operating_revenue": 281346, 
        "long_term_average": 144809, 
        "date": "2014-02-28", 
        "operating_revenue": 128586, 
        "short_term_average": 147827
    }, 
    {
        "accumulated_operating_revenue_yoy": 19.799727154806103, 
        "accumulated_operating_revenue": 428538, 
        "long_term_average": 146392, 
        "date": "2014-03-31", 
        "operating_revenue": 147192, 
        "short_term_average": 142846
    }, 
    {
        "accumulated_operating_revenue_yoy": 21.40916453834458, 
        "accumulated_operating_revenue": 610852, 
        "long_term_average": 149466, 
        "date": "2014-04-30", 
        "operating_revenue": 182314, 
        "short_term_average": 152697
    }, 
    {
        "accumulated_operating_revenue_yoy": 27.83698773330647, 
        "accumulated_operating_revenue": 812041, 
        "long_term_average": 155225, 
        "date": "2014-05-31", 
        "operating_revenue": 201189, 
        "short_term_average": 176898
    }, 
    {
        "accumulated_operating_revenue_yoy": 37.39591269905599, 
        "accumulated_operating_revenue": 1017065, 
        "long_term_average": 163558, 
        "date": "2014-06-30", 
        "operating_revenue": 205024, 
        "short_term_average": 196175
    }, 
    {
        "accumulated_operating_revenue_yoy": 42.63461080806149, 
        "accumulated_operating_revenue": 1222681, 
        "long_term_average": 170946, 
        "date": "2014-07-31", 
        "operating_revenue": 205616, 
        "short_term_average": 203943
    }, 
    {
        "accumulated_operating_revenue_yoy": 46.63824177803615, 
        "accumulated_operating_revenue": 1432770, 
        "long_term_average": 178464, 
        "date": "2014-08-31", 
        "operating_revenue": 210089, 
        "short_term_average": 206909
    }, 
    {
        "accumulated_operating_revenue_yoy": 41.46582777913042, 
        "accumulated_operating_revenue": 1644304, 
        "long_term_average": 180654, 
        "date": "2014-09-30", 
        "operating_revenue": 211534, 
        "short_term_average": 209079
    }, 
    {
        "accumulated_operating_revenue_yoy": 36.529536706340416, 
        "accumulated_operating_revenue": 1848670, 
        "long_term_average": 181709, 
        "date": "2014-10-31", 
        "operating_revenue": 204366, 
        "short_term_average": 208663
    }, 
    {
        "accumulated_operating_revenue_yoy": 34.60998800326563, 
        "accumulated_operating_revenue": 2051117, 
        "long_term_average": 184437, 
        "date": "2014-11-30", 
        "operating_revenue": 202447, 
        "short_term_average": 206115
    }, 
    {
        "accumulated_operating_revenue_yoy": 33.64596852452482, 
        "accumulated_operating_revenue": 2253116, 
        "long_term_average": 187759, 
        "date": "2014-12-31", 
        "operating_revenue": 201999, 
        "short_term_average": 202937
    }, 
    {
        "accumulated_operating_revenue_yoy": 50.41568473422362, 
        "accumulated_operating_revenue": 229775, 
        "long_term_average": 194177, 
        "date": "2015-01-31", 
        "operating_revenue": 229775, 
        "short_term_average": 211407
    }, 
    {
        "accumulated_operating_revenue_yoy": 43.209073525125646, 
        "accumulated_operating_revenue": 402913, 
        "long_term_average": 197890, 
        "date": "2015-02-28", 
        "operating_revenue": 173138, 
        "short_term_average": 201637
    }, 
    {
        "accumulated_operating_revenue_yoy": 42.44361060162692, 
        "accumulated_operating_revenue": 610425, 
        "long_term_average": 202916, 
        "date": "2015-03-31", 
        "operating_revenue": 207512, 
        "short_term_average": 203475
    }, 
    {
        "accumulated_operating_revenue_yoy": 36.28587612056603, 
        "accumulated_operating_revenue": 832505, 
        "long_term_average": 206230, 
        "date": "2015-04-30", 
        "operating_revenue": 222080, 
        "short_term_average": 200910
    }, 
    {
        "accumulated_operating_revenue_yoy": 30.0892442622971, 
        "accumulated_operating_revenue": 1056378, 
        "long_term_average": 208121, 
        "date": "2015-05-31", 
        "operating_revenue": 223873, 
        "short_term_average": 217821
    }, 
    {
        "accumulated_operating_revenue_yoy": 26.0854517656197, 
        "accumulated_operating_revenue": 1282371, 
        "long_term_average": 209868, 
        "date": "2015-06-30", 
        "operating_revenue": 225993, 
        "short_term_average": 223982
    }, 
    {
        "accumulated_operating_revenue_yoy": 23.406023320882554, 
        "accumulated_operating_revenue": 1508862, 
        "long_term_average": 211608, 
        "date": "2015-07-31", 
        "operating_revenue": 226491, 
        "short_term_average": 225452
    }, 
    {
        "accumulated_operating_revenue_yoy": 21.157757351144983, 
        "accumulated_operating_revenue": 1735912, 
        "long_term_average": 213021, 
        "date": "2015-08-31", 
        "operating_revenue": 227050, 
        "short_term_average": 226511
    }
]