[
    {
        "date": "2011-09-30", 
        "operating_revenue": 201295, 
        "accumulated_operating_revenue": 201295, 
        "long_term_average": 201295, 
        "short_term_average": 201295
    }, 
    {
        "date": "2011-10-31", 
        "operating_revenue": 174235, 
        "accumulated_operating_revenue": 375530, 
        "long_term_average": 187765, 
        "short_term_average": 187765
    }, 
    {
        "date": "2011-11-30", 
        "operating_revenue": 158069, 
        "accumulated_operating_revenue": 533599, 
        "long_term_average": 177866, 
        "short_term_average": 177866
    }, 
    {
        "date": "2011-12-31", 
        "operating_revenue": 88485, 
        "accumulated_operating_revenue": 622084, 
        "long_term_average": 155521, 
        "short_term_average": 140263
    }, 
    {
        "date": "2012-01-31", 
        "operating_revenue": 132166, 
        "accumulated_operating_revenue": 132166, 
        "long_term_average": 150850, 
        "short_term_average": 126240
    }, 
    {
        "date": "2012-02-29", 
        "operating_revenue": 146355, 
        "accumulated_operating_revenue": 278521, 
        "long_term_average": 150100, 
        "short_term_average": 122335
    }, 
    {
        "date": "2012-03-31", 
        "operating_revenue": 175575, 
        "accumulated_operating_revenue": 454096, 
        "long_term_average": 153740, 
        "short_term_average": 151365
    }, 
    {
        "date": "2012-04-30", 
        "operating_revenue": 192209, 
        "accumulated_operating_revenue": 646305, 
        "long_term_average": 158548, 
        "short_term_average": 171379
    }, 
    {
        "date": "2012-05-31", 
        "operating_revenue": 174394, 
        "accumulated_operating_revenue": 820699, 
        "long_term_average": 160309, 
        "short_term_average": 180726
    }, 
    {
        "date": "2012-06-30", 
        "operating_revenue": 167458, 
        "accumulated_operating_revenue": 988157, 
        "long_term_average": 161024, 
        "short_term_average": 178020
    }, 
    {
        "date": "2012-07-31", 
        "operating_revenue": 183717, 
        "accumulated_operating_revenue": 1171874, 
        "long_term_average": 163087, 
        "short_term_average": 175189
    }, 
    {
        "date": "2012-08-31", 
        "operating_revenue": 170695, 
        "accumulated_operating_revenue": 1342569, 
        "long_term_average": 163721, 
        "short_term_average": 173956
    }, 
    {
        "accumulated_operating_revenue_yoy": 647.5123574852828, 
        "accumulated_operating_revenue": 1504705, 
        "long_term_average": 160457, 
        "date": "2012-09-30", 
        "operating_revenue": 162136, 
        "short_term_average": 172182
    }, 
    {
        "accumulated_operating_revenue_yoy": 342.96327856629296, 
        "accumulated_operating_revenue": 1663460, 
        "long_term_average": 159167, 
        "date": "2012-10-31", 
        "operating_revenue": 158755, 
        "short_term_average": 163862
    }, 
    {
        "accumulated_operating_revenue_yoy": 239.39287742293368, 
        "accumulated_operating_revenue": 1810997, 
        "long_term_average": 158290, 
        "date": "2012-11-30", 
        "operating_revenue": 147537, 
        "short_term_average": 156142
    }, 
    {
        "accumulated_operating_revenue_yoy": 206.38338230849854, 
        "accumulated_operating_revenue": 1905962, 
        "long_term_average": 158830, 
        "date": "2012-12-31", 
        "operating_revenue": 94965, 
        "short_term_average": 133752
    }, 
    {
        "accumulated_operating_revenue_yoy": 28.69421787751767, 
        "accumulated_operating_revenue": 170090, 
        "long_term_average": 161990, 
        "date": "2013-01-31", 
        "operating_revenue": 170090, 
        "short_term_average": 137530
    }, 
    {
        "accumulated_operating_revenue_yoy": 0.6455527590379181, 
        "accumulated_operating_revenue": 280319, 
        "long_term_average": 158980, 
        "date": "2013-02-28", 
        "operating_revenue": 110229, 
        "short_term_average": 125094
    }, 
    {
        "accumulated_operating_revenue_yoy": -2.9676544166872203, 
        "accumulated_operating_revenue": 440620, 
        "long_term_average": 157707, 
        "date": "2013-03-31", 
        "operating_revenue": 160301, 
        "short_term_average": 146873
    }, 
    {
        "accumulated_operating_revenue_yoy": -1.9110172441803792, 
        "accumulated_operating_revenue": 633954, 
        "long_term_average": 157800, 
        "date": "2013-04-30", 
        "operating_revenue": 193334, 
        "short_term_average": 154621
    }, 
    {
        "accumulated_operating_revenue_yoy": -1.4326811656892477, 
        "accumulated_operating_revenue": 808941, 
        "long_term_average": 157850, 
        "date": "2013-05-31", 
        "operating_revenue": 174987, 
        "short_term_average": 176207
    }, 
    {
        "accumulated_operating_revenue_yoy": -1.0777639585612409, 
        "accumulated_operating_revenue": 977507, 
        "long_term_average": 157942, 
        "date": "2013-06-30", 
        "operating_revenue": 168566, 
        "short_term_average": 178962
    }, 
    {
        "accumulated_operating_revenue_yoy": -2.4876394561190023, 
        "accumulated_operating_revenue": 1142722, 
        "long_term_average": 156400, 
        "date": "2013-07-31", 
        "operating_revenue": 165215, 
        "short_term_average": 169589
    }, 
    {
        "accumulated_operating_revenue_yoy": -1.923700010949158, 
        "accumulated_operating_revenue": 1316742, 
        "long_term_average": 156677, 
        "date": "2013-08-31", 
        "operating_revenue": 174020, 
        "short_term_average": 169267
    }, 
    {
        "accumulated_operating_revenue_yoy": -1.6546100398416967, 
        "accumulated_operating_revenue": 1479808, 
        "long_term_average": 156755, 
        "date": "2013-09-30", 
        "operating_revenue": 163066, 
        "short_term_average": 167433
    }, 
    {
        "accumulated_operating_revenue_yoy": -2.4724970843903673, 
        "accumulated_operating_revenue": 1622331, 
        "long_term_average": 155402, 
        "date": "2013-10-31", 
        "operating_revenue": 142523, 
        "short_term_average": 159869
    }, 
    {
        "accumulated_operating_revenue_yoy": -2.2440677704049206, 
        "accumulated_operating_revenue": 1770357, 
        "long_term_average": 155443, 
        "date": "2013-11-30", 
        "operating_revenue": 148026, 
        "short_term_average": 151205
    }, 
    {
        "accumulated_operating_revenue_yoy": 1.0888464722801399, 
        "accumulated_operating_revenue": 1926715, 
        "long_term_average": 160559, 
        "date": "2013-12-31", 
        "operating_revenue": 156358, 
        "short_term_average": 148969
    }, 
    {
        "accumulated_operating_revenue_yoy": -18.6818743018402, 
        "accumulated_operating_revenue": 138314, 
        "long_term_average": 157911, 
        "date": "2014-01-31", 
        "operating_revenue": 138314, 
        "short_term_average": 147566
    }, 
    {
        "accumulated_operating_revenue_yoy": -9.287633018097239, 
        "accumulated_operating_revenue": 254284, 
        "long_term_average": 158390, 
        "date": "2014-02-28", 
        "operating_revenue": 115970, 
        "short_term_average": 136880
    }, 
    {
        "accumulated_operating_revenue_yoy": -5.475012482411148, 
        "accumulated_operating_revenue": 416496, 
        "long_term_average": 158549, 
        "date": "2014-03-31", 
        "operating_revenue": 162212, 
        "short_term_average": 138832
    }, 
    {
        "accumulated_operating_revenue_yoy": -8.238294892058414, 
        "accumulated_operating_revenue": 581727, 
        "long_term_average": 156207, 
        "date": "2014-04-30", 
        "operating_revenue": 165231, 
        "short_term_average": 147804
    }, 
    {
        "accumulated_operating_revenue_yoy": -7.76447231627523, 
        "accumulated_operating_revenue": 746131, 
        "long_term_average": 155325, 
        "date": "2014-05-31", 
        "operating_revenue": 164404, 
        "short_term_average": 163949
    }, 
    {
        "accumulated_operating_revenue_yoy": -7.810481152564637, 
        "accumulated_operating_revenue": 901159, 
        "long_term_average": 154197, 
        "date": "2014-06-30", 
        "operating_revenue": 155028, 
        "short_term_average": 161554
    }, 
    {
        "accumulated_operating_revenue_yoy": -7.7665433937563115, 
        "accumulated_operating_revenue": 1053972, 
        "long_term_average": 153163, 
        "date": "2014-07-31", 
        "operating_revenue": 152813, 
        "short_term_average": 157415
    }, 
    {
        "accumulated_operating_revenue_yoy": -7.590021431685175, 
        "accumulated_operating_revenue": 1216801, 
        "long_term_average": 152231, 
        "date": "2014-08-31", 
        "operating_revenue": 162829, 
        "short_term_average": 156890
    }, 
    {
        "accumulated_operating_revenue_yoy": -7.860006162961682, 
        "accumulated_operating_revenue": 1363495, 
        "long_term_average": 150866, 
        "date": "2014-09-30", 
        "operating_revenue": 146694, 
        "short_term_average": 154112
    }, 
    {
        "accumulated_operating_revenue_yoy": -7.299743393918996, 
        "accumulated_operating_revenue": 1503905, 
        "long_term_average": 150690, 
        "date": "2014-10-31", 
        "operating_revenue": 140410, 
        "short_term_average": 149977
    }, 
    {
        "accumulated_operating_revenue_yoy": -6.951874678384078, 
        "accumulated_operating_revenue": 1647284, 
        "long_term_average": 150303, 
        "date": "2014-11-30", 
        "operating_revenue": 143379, 
        "short_term_average": 143494
    }, 
    {
        "accumulated_operating_revenue_yoy": -7.759372818501959, 
        "accumulated_operating_revenue": 1777214, 
        "long_term_average": 148101, 
        "date": "2014-12-31", 
        "operating_revenue": 129930, 
        "short_term_average": 137906
    }, 
    {
        "accumulated_operating_revenue_yoy": 6.196769669013983, 
        "accumulated_operating_revenue": 146885, 
        "long_term_average": 148815, 
        "date": "2015-01-31", 
        "operating_revenue": 146885, 
        "short_term_average": 140064
    }, 
    {
        "accumulated_operating_revenue_yoy": -3.211763225370059, 
        "accumulated_operating_revenue": 246117, 
        "long_term_average": 147420, 
        "date": "2015-02-28", 
        "operating_revenue": 99232, 
        "short_term_average": 125349
    }, 
    {
        "accumulated_operating_revenue_yoy": -8.562387153778188, 
        "accumulated_operating_revenue": 380834, 
        "long_term_average": 145129, 
        "date": "2015-03-31", 
        "operating_revenue": 134717, 
        "short_term_average": 126944
    }, 
    {
        "accumulated_operating_revenue_yoy": -8.405832976636807, 
        "accumulated_operating_revenue": 532828, 
        "long_term_average": 144026, 
        "date": "2015-04-30", 
        "operating_revenue": 151994, 
        "short_term_average": 128647
    }, 
    {
        "accumulated_operating_revenue_yoy": -8.833167366052344, 
        "accumulated_operating_revenue": 680224, 
        "long_term_average": 142608, 
        "date": "2015-05-31", 
        "operating_revenue": 147396, 
        "short_term_average": 144702
    }, 
    {
        "accumulated_operating_revenue_yoy": -9.621831441510322, 
        "accumulated_operating_revenue": 814451, 
        "long_term_average": 140875, 
        "date": "2015-06-30", 
        "operating_revenue": 134227, 
        "short_term_average": 144539
    }, 
    {
        "accumulated_operating_revenue_yoy": -8.529353720971715, 
        "accumulated_operating_revenue": 964075, 
        "long_term_average": 140609, 
        "date": "2015-07-31", 
        "operating_revenue": 149624, 
        "short_term_average": 143749
    }, 
    {
        "accumulated_operating_revenue_yoy": -9.560889578493114, 
        "accumulated_operating_revenue": 1100464, 
        "long_term_average": 138406, 
        "date": "2015-08-31", 
        "operating_revenue": 136389, 
        "short_term_average": 140080
    }
]