[
    {
        "date": "2012-01-31", 
        "operating_revenue": 36673, 
        "accumulated_operating_revenue": 36673, 
        "long_term_average": 36673, 
        "short_term_average": 36673
    }, 
    {
        "date": "2012-02-29", 
        "operating_revenue": 35843, 
        "accumulated_operating_revenue": 72516, 
        "long_term_average": 36258, 
        "short_term_average": 36258
    }, 
    {
        "date": "2012-03-31", 
        "operating_revenue": 39704, 
        "accumulated_operating_revenue": 112220, 
        "long_term_average": 37406, 
        "short_term_average": 37406
    }, 
    {
        "date": "2012-04-30", 
        "operating_revenue": 29042, 
        "accumulated_operating_revenue": 141262, 
        "long_term_average": 35315, 
        "short_term_average": 34863
    }, 
    {
        "date": "2012-05-31", 
        "operating_revenue": 39720, 
        "accumulated_operating_revenue": 180982, 
        "long_term_average": 36196, 
        "short_term_average": 36155
    }, 
    {
        "date": "2012-06-30", 
        "operating_revenue": 32155, 
        "accumulated_operating_revenue": 213137, 
        "long_term_average": 35522, 
        "short_term_average": 33639
    }, 
    {
        "date": "2012-07-31", 
        "operating_revenue": 30207, 
        "accumulated_operating_revenue": 243344, 
        "long_term_average": 34763, 
        "short_term_average": 34027
    }, 
    {
        "date": "2012-08-31", 
        "operating_revenue": 32236, 
        "accumulated_operating_revenue": 275580, 
        "long_term_average": 34447, 
        "short_term_average": 31532
    }, 
    {
        "date": "2012-09-30", 
        "operating_revenue": 44947, 
        "accumulated_operating_revenue": 320527, 
        "long_term_average": 35614, 
        "short_term_average": 35796
    }, 
    {
        "date": "2012-10-31", 
        "operating_revenue": 28229, 
        "accumulated_operating_revenue": 348756, 
        "long_term_average": 34875, 
        "short_term_average": 35137
    }, 
    {
        "date": "2012-11-30", 
        "operating_revenue": 18724, 
        "accumulated_operating_revenue": 367480, 
        "long_term_average": 33407, 
        "short_term_average": 30633
    }, 
    {
        "date": "2012-12-31", 
        "operating_revenue": 13560, 
        "accumulated_operating_revenue": 381040, 
        "long_term_average": 31753, 
        "short_term_average": 20171
    }, 
    {
        "accumulated_operating_revenue_yoy": -59.967823739535895, 
        "accumulated_operating_revenue": 14681, 
        "long_term_average": 29920, 
        "date": "2013-01-31", 
        "operating_revenue": 14681, 
        "short_term_average": 15655
    }, 
    {
        "accumulated_operating_revenue_yoy": -65.27938661812566, 
        "accumulated_operating_revenue": 25178, 
        "long_term_average": 27808, 
        "date": "2013-02-28", 
        "operating_revenue": 10497, 
        "short_term_average": 12912
    }, 
    {
        "accumulated_operating_revenue_yoy": -52.73837105685261, 
        "accumulated_operating_revenue": 53037, 
        "long_term_average": 26821, 
        "date": "2013-03-31", 
        "operating_revenue": 27859, 
        "short_term_average": 17679
    }, 
    {
        "accumulated_operating_revenue_yoy": -44.929988248785946, 
        "accumulated_operating_revenue": 77793, 
        "long_term_average": 26464, 
        "date": "2013-04-30", 
        "operating_revenue": 24756, 
        "short_term_average": 21037
    }, 
    {
        "accumulated_operating_revenue_yoy": 11.335381419146655, 
        "accumulated_operating_revenue": 201497, 
        "long_term_average": 33462, 
        "date": "2013-05-31", 
        "operating_revenue": 123704, 
        "short_term_average": 58773
    }, 
    {
        "accumulated_operating_revenue_yoy": 34.751826290132634, 
        "accumulated_operating_revenue": 287206, 
        "long_term_average": 37925, 
        "date": "2013-06-30", 
        "operating_revenue": 85709, 
        "short_term_average": 78056
    }, 
    {
        "accumulated_operating_revenue_yoy": 50.083010059832986, 
        "accumulated_operating_revenue": 365218, 
        "long_term_average": 41909, 
        "date": "2013-07-31", 
        "operating_revenue": 78012, 
        "short_term_average": 95808
    }, 
    {
        "accumulated_operating_revenue_yoy": 54.62551709122578, 
        "accumulated_operating_revenue": 426117, 
        "long_term_average": 44298, 
        "date": "2013-08-31", 
        "operating_revenue": 60899, 
        "short_term_average": 74873
    }, 
    {
        "accumulated_operating_revenue_yoy": 49.12940251523273, 
        "accumulated_operating_revenue": 478000, 
        "long_term_average": 44876, 
        "date": "2013-09-30", 
        "operating_revenue": 51883, 
        "short_term_average": 63598
    }, 
    {
        "accumulated_operating_revenue_yoy": 52.38189450504077, 
        "accumulated_operating_revenue": 531441, 
        "long_term_average": 46977, 
        "date": "2013-10-31", 
        "operating_revenue": 53441, 
        "short_term_average": 55407
    }, 
    {
        "accumulated_operating_revenue_yoy": 61.01747033852183, 
        "accumulated_operating_revenue": 591707, 
        "long_term_average": 50438, 
        "date": "2013-11-30", 
        "operating_revenue": 60266, 
        "short_term_average": 55196
    }, 
    {
        "accumulated_operating_revenue_yoy": 72.9521834977955, 
        "accumulated_operating_revenue": 659017, 
        "long_term_average": 54918, 
        "date": "2013-12-31", 
        "operating_revenue": 67310, 
        "short_term_average": 60339
    }, 
    {
        "accumulated_operating_revenue_yoy": 297.3503167359172, 
        "accumulated_operating_revenue": 58335, 
        "long_term_average": 58555, 
        "date": "2014-01-31", 
        "operating_revenue": 58335, 
        "short_term_average": 61970
    }, 
    {
        "accumulated_operating_revenue_yoy": 317.45174358567004, 
        "accumulated_operating_revenue": 105106, 
        "long_term_average": 61578, 
        "date": "2014-02-28", 
        "operating_revenue": 46771, 
        "short_term_average": 57472
    }, 
    {
        "accumulated_operating_revenue_yoy": 218.03835058544036, 
        "accumulated_operating_revenue": 168678, 
        "long_term_average": 64554, 
        "date": "2014-03-31", 
        "operating_revenue": 63572, 
        "short_term_average": 56226
    }, 
    {
        "accumulated_operating_revenue_yoy": 215.30343347087785, 
        "accumulated_operating_revenue": 245284, 
        "long_term_average": 68875, 
        "date": "2014-04-30", 
        "operating_revenue": 76606, 
        "short_term_average": 62316
    }, 
    {
        "accumulated_operating_revenue_yoy": 66.72605547477134, 
        "accumulated_operating_revenue": 335948, 
        "long_term_average": 66122, 
        "date": "2014-05-31", 
        "operating_revenue": 90664, 
        "short_term_average": 76947
    }, 
    {
        "accumulated_operating_revenue_yoy": 42.510253964053675, 
        "accumulated_operating_revenue": 409298, 
        "long_term_average": 65092, 
        "date": "2014-06-30", 
        "operating_revenue": 73350, 
        "short_term_average": 80206
    }, 
    {
        "accumulated_operating_revenue_yoy": 40.272659069377745, 
        "accumulated_operating_revenue": 512301, 
        "long_term_average": 67175, 
        "date": "2014-07-31", 
        "operating_revenue": 103003, 
        "short_term_average": 89005
    }, 
    {
        "accumulated_operating_revenue_yoy": 44.98201198262449, 
        "accumulated_operating_revenue": 617793, 
        "long_term_average": 70891, 
        "date": "2014-08-31", 
        "operating_revenue": 105492, 
        "short_term_average": 93948
    }, 
    {
        "accumulated_operating_revenue_yoy": 50.96694560669456, 
        "accumulated_operating_revenue": 721622, 
        "long_term_average": 75219, 
        "date": "2014-09-30", 
        "operating_revenue": 103829, 
        "short_term_average": 104108
    }, 
    {
        "accumulated_operating_revenue_yoy": 59.63634721446031, 
        "accumulated_operating_revenue": 848373, 
        "long_term_average": 81329, 
        "date": "2014-10-31", 
        "operating_revenue": 126751, 
        "short_term_average": 112024
    }, 
    {
        "accumulated_operating_revenue_yoy": 64.04926762738991, 
        "accumulated_operating_revenue": 970691, 
        "long_term_average": 86500, 
        "date": "2014-11-30", 
        "operating_revenue": 122318, 
        "short_term_average": 117632
    }, 
    {
        "accumulated_operating_revenue_yoy": 67.38627379870323, 
        "accumulated_operating_revenue": 1103104, 
        "long_term_average": 91925, 
        "date": "2014-12-31", 
        "operating_revenue": 132413, 
        "short_term_average": 127160
    }, 
    {
        "accumulated_operating_revenue_yoy": 106.34953287048941, 
        "accumulated_operating_revenue": 120374, 
        "long_term_average": 97095, 
        "date": "2015-01-31", 
        "operating_revenue": 120374, 
        "short_term_average": 125035
    }, 
    {
        "accumulated_operating_revenue_yoy": 92.25543736799041, 
        "accumulated_operating_revenue": 202072, 
        "long_term_average": 100005, 
        "date": "2015-02-28", 
        "operating_revenue": 81698, 
        "short_term_average": 111495
    }, 
    {
        "accumulated_operating_revenue_yoy": 76.6472213329539, 
        "accumulated_operating_revenue": 297965, 
        "long_term_average": 102699, 
        "date": "2015-03-31", 
        "operating_revenue": 95893, 
        "short_term_average": 99321
    }, 
    {
        "accumulated_operating_revenue_yoy": 61.03537124313041, 
        "accumulated_operating_revenue": 394994, 
        "long_term_average": 104401, 
        "date": "2015-04-30", 
        "operating_revenue": 97029, 
        "short_term_average": 91540
    }, 
    {
        "accumulated_operating_revenue_yoy": 49.48801600247658, 
        "accumulated_operating_revenue": 502202, 
        "long_term_average": 105779, 
        "date": "2015-05-31", 
        "operating_revenue": 107208, 
        "short_term_average": 100043
    }, 
    {
        "accumulated_operating_revenue_yoy": 47.3014771633382, 
        "accumulated_operating_revenue": 602902, 
        "long_term_average": 108059, 
        "date": "2015-06-30", 
        "operating_revenue": 100700, 
        "short_term_average": 101645
    }, 
    {
        "accumulated_operating_revenue_yoy": 36.728017317943944, 
        "accumulated_operating_revenue": 700459, 
        "long_term_average": 107605, 
        "date": "2015-07-31", 
        "operating_revenue": 97557, 
        "short_term_average": 101821
    }, 
    {
        "accumulated_operating_revenue_yoy": 26.39023103207709, 
        "accumulated_operating_revenue": 780830, 
        "long_term_average": 105511, 
        "date": "2015-08-31", 
        "operating_revenue": 80371, 
        "short_term_average": 92876
    }
]