[
    {
        "date": "2011-12-31", 
        "operating_revenue": 632583, 
        "accumulated_operating_revenue": 632583, 
        "long_term_average": 632583, 
        "short_term_average": 632583
    }, 
    {
        "date": "2012-01-31", 
        "operating_revenue": 29453, 
        "accumulated_operating_revenue": 29453, 
        "long_term_average": 331018, 
        "short_term_average": 331018
    }, 
    {
        "date": "2012-02-29", 
        "operating_revenue": 11289, 
        "accumulated_operating_revenue": 40742, 
        "long_term_average": 224441, 
        "short_term_average": 224441
    }, 
    {
        "date": "2012-03-31", 
        "operating_revenue": 17199, 
        "accumulated_operating_revenue": 57941, 
        "long_term_average": 172631, 
        "short_term_average": 19313
    }, 
    {
        "date": "2012-04-30", 
        "operating_revenue": 8769, 
        "accumulated_operating_revenue": 66710, 
        "long_term_average": 139858, 
        "short_term_average": 12419
    }, 
    {
        "date": "2012-05-31", 
        "operating_revenue": 8760, 
        "accumulated_operating_revenue": 75470, 
        "long_term_average": 118008, 
        "short_term_average": 11576
    }, 
    {
        "date": "2012-06-30", 
        "operating_revenue": 9669, 
        "accumulated_operating_revenue": 85139, 
        "long_term_average": 102531, 
        "short_term_average": 9066
    }, 
    {
        "date": "2012-07-31", 
        "operating_revenue": 9198, 
        "accumulated_operating_revenue": 94337, 
        "long_term_average": 90865, 
        "short_term_average": 9209
    }, 
    {
        "date": "2012-08-31", 
        "operating_revenue": 9099, 
        "accumulated_operating_revenue": 103436, 
        "long_term_average": 81779, 
        "short_term_average": 9322
    }, 
    {
        "date": "2012-09-30", 
        "operating_revenue": 59222, 
        "accumulated_operating_revenue": 162658, 
        "long_term_average": 79524, 
        "short_term_average": 25839
    }, 
    {
        "date": "2012-10-31", 
        "operating_revenue": 9981, 
        "accumulated_operating_revenue": 172639, 
        "long_term_average": 73202, 
        "short_term_average": 26100
    }, 
    {
        "date": "2012-11-30", 
        "operating_revenue": 16001, 
        "accumulated_operating_revenue": 188640, 
        "long_term_average": 68435, 
        "short_term_average": 28401
    }, 
    {
        "accumulated_operating_revenue_yoy": -67.94855378661772, 
        "accumulated_operating_revenue": 202752, 
        "long_term_average": 16896, 
        "date": "2012-12-31", 
        "operating_revenue": 14112, 
        "short_term_average": 13364
    }, 
    {
        "accumulated_operating_revenue_yoy": 3543.1467083149423, 
        "accumulated_operating_revenue": 1073016, 
        "long_term_average": 103859, 
        "date": "2013-01-31", 
        "operating_revenue": 1073016, 
        "short_term_average": 367709
    }, 
    {
        "accumulated_operating_revenue_yoy": 7434.3576653085265, 
        "accumulated_operating_revenue": 3069648, 
        "long_term_average": 269304, 
        "date": "2013-02-28", 
        "operating_revenue": 1996632, 
        "short_term_average": 1027920
    }, 
    {
        "accumulated_operating_revenue_yoy": 5380.378315873043, 
        "accumulated_operating_revenue": 3175386, 
        "long_term_average": 276683, 
        "date": "2013-03-31", 
        "operating_revenue": 105738, 
        "short_term_average": 1058462
    }, 
    {
        "accumulated_operating_revenue_yoy": 4766.532753710088, 
        "accumulated_operating_revenue": 3246464, 
        "long_term_average": 281875, 
        "date": "2013-04-30", 
        "operating_revenue": 71078, 
        "short_term_average": 724482
    }, 
    {
        "accumulated_operating_revenue_yoy": 4219.667417516895, 
        "accumulated_operating_revenue": 3260053, 
        "long_term_average": 282277, 
        "date": "2013-05-31", 
        "operating_revenue": 13589, 
        "short_term_average": 63468
    }, 
    {
        "accumulated_operating_revenue_yoy": 3742.727774580392, 
        "accumulated_operating_revenue": 3271660, 
        "long_term_average": 282439, 
        "date": "2013-06-30", 
        "operating_revenue": 11607, 
        "short_term_average": 32091
    }, 
    {
        "accumulated_operating_revenue_yoy": 3381.4102632053173, 
        "accumulated_operating_revenue": 3284258, 
        "long_term_average": 282722, 
        "date": "2013-07-31", 
        "operating_revenue": 12598, 
        "short_term_average": 12598
    }, 
    {
        "accumulated_operating_revenue_yoy": 3115.1107931474535, 
        "accumulated_operating_revenue": 3325582, 
        "long_term_average": 285408, 
        "date": "2013-08-31", 
        "operating_revenue": 41324, 
        "short_term_average": 21843
    }, 
    {
        "accumulated_operating_revenue_yoy": 1952.3755364015296, 
        "accumulated_operating_revenue": 3338353, 
        "long_term_average": 281537, 
        "date": "2013-09-30", 
        "operating_revenue": 12771, 
        "short_term_average": 22231
    }, 
    {
        "accumulated_operating_revenue_yoy": 1846.1014023482526, 
        "accumulated_operating_revenue": 3359730, 
        "long_term_average": 282486, 
        "date": "2013-10-31", 
        "operating_revenue": 21377, 
        "short_term_average": 25157
    }, 
    {
        "accumulated_operating_revenue_yoy": 1692.4104113655642, 
        "accumulated_operating_revenue": 3381203, 
        "long_term_average": 282942, 
        "date": "2013-11-30", 
        "operating_revenue": 21473, 
        "short_term_average": 18540
    }, 
    {
        "accumulated_operating_revenue_yoy": 1577.2776594065656, 
        "accumulated_operating_revenue": 3400714, 
        "long_term_average": 283392, 
        "date": "2013-12-31", 
        "operating_revenue": 19511, 
        "short_term_average": 20787
    }, 
    {
        "accumulated_operating_revenue_yoy": -96.79715866305814, 
        "accumulated_operating_revenue": 34367, 
        "long_term_average": 196838, 
        "date": "2014-01-31", 
        "operating_revenue": 34367, 
        "short_term_average": 25117
    }, 
    {
        "accumulated_operating_revenue_yoy": -98.50872152116465, 
        "accumulated_operating_revenue": 45777, 
        "long_term_average": 31403, 
        "date": "2014-02-28", 
        "operating_revenue": 11410, 
        "short_term_average": 21762
    }, 
    {
        "accumulated_operating_revenue_yoy": -98.06262923625663, 
        "accumulated_operating_revenue": 61519, 
        "long_term_average": 23903, 
        "date": "2014-03-31", 
        "operating_revenue": 15742, 
        "short_term_average": 20506
    }, 
    {
        "accumulated_operating_revenue_yoy": -97.76285829752001, 
        "accumulated_operating_revenue": 72628, 
        "long_term_average": 18906, 
        "date": "2014-04-30", 
        "operating_revenue": 11109, 
        "short_term_average": 12753
    }, 
    {
        "accumulated_operating_revenue_yoy": -97.69635647027825, 
        "accumulated_operating_revenue": 75100, 
        "long_term_average": 17980, 
        "date": "2014-05-31", 
        "operating_revenue": 2472, 
        "short_term_average": 9774
    }, 
    {
        "accumulated_operating_revenue_yoy": -97.10373327301737, 
        "accumulated_operating_revenue": 94756, 
        "long_term_average": 18650, 
        "date": "2014-06-30", 
        "operating_revenue": 19656, 
        "short_term_average": 11079
    }, 
    {
        "accumulated_operating_revenue_yoy": -96.74833706730713, 
        "accumulated_operating_revenue": 106793, 
        "long_term_average": 18604, 
        "date": "2014-07-31", 
        "operating_revenue": 12037, 
        "short_term_average": 11388
    }, 
    {
        "accumulated_operating_revenue_yoy": -96.40234401076263, 
        "accumulated_operating_revenue": 119643, 
        "long_term_average": 16231, 
        "date": "2014-08-31", 
        "operating_revenue": 12850, 
        "short_term_average": 14847
    }, 
    {
        "accumulated_operating_revenue_yoy": -96.00680335482797, 
        "accumulated_operating_revenue": 133307, 
        "long_term_average": 16305, 
        "date": "2014-09-30", 
        "operating_revenue": 13664, 
        "short_term_average": 12850
    }, 
    {
        "accumulated_operating_revenue_yoy": -95.67947424346599, 
        "accumulated_operating_revenue": 145158, 
        "long_term_average": 15511, 
        "date": "2014-10-31", 
        "operating_revenue": 11851, 
        "short_term_average": 12788
    }, 
    {
        "accumulated_operating_revenue_yoy": -95.38398019876357, 
        "accumulated_operating_revenue": 156077, 
        "long_term_average": 14632, 
        "date": "2014-11-30", 
        "operating_revenue": 10919, 
        "short_term_average": 12144
    }, 
    {
        "accumulated_operating_revenue_yoy": -95.04518756943395, 
        "accumulated_operating_revenue": 168499, 
        "long_term_average": 14041, 
        "date": "2014-12-31", 
        "operating_revenue": 12422, 
        "short_term_average": 11730
    }, 
    {
        "accumulated_operating_revenue_yoy": -67.86161142956907, 
        "accumulated_operating_revenue": 11045, 
        "long_term_average": 12098, 
        "date": "2015-01-31", 
        "operating_revenue": 11045, 
        "short_term_average": 11462
    }, 
    {
        "accumulated_operating_revenue_yoy": -49.23433165126592, 
        "accumulated_operating_revenue": 23239, 
        "long_term_average": 12163, 
        "date": "2015-02-28", 
        "operating_revenue": 12194, 
        "short_term_average": 11887
    }, 
    {
        "accumulated_operating_revenue_yoy": -43.64830377606918, 
        "accumulated_operating_revenue": 34667, 
        "long_term_average": 11803, 
        "date": "2015-03-31", 
        "operating_revenue": 11428, 
        "short_term_average": 11555
    }, 
    {
        "accumulated_operating_revenue_yoy": -36.69108332874374, 
        "accumulated_operating_revenue": 45980, 
        "long_term_average": 11820, 
        "date": "2015-04-30", 
        "operating_revenue": 11313, 
        "short_term_average": 11645
    }, 
    {
        "accumulated_operating_revenue_yoy": -23.44340878828229, 
        "accumulated_operating_revenue": 57494, 
        "long_term_average": 12574, 
        "date": "2015-05-31", 
        "operating_revenue": 11514, 
        "short_term_average": 11418
    }, 
    {
        "accumulated_operating_revenue_yoy": -26.410992443750263, 
        "accumulated_operating_revenue": 69730, 
        "long_term_average": 11956, 
        "date": "2015-06-30", 
        "operating_revenue": 12236, 
        "short_term_average": 11687
    }, 
    {
        "accumulated_operating_revenue_yoy": -22.88820428305226, 
        "accumulated_operating_revenue": 82350, 
        "long_term_average": 12004, 
        "date": "2015-07-31", 
        "operating_revenue": 12620, 
        "short_term_average": 12123
    }, 
    {
        "accumulated_operating_revenue_yoy": -21.378601338983476, 
        "accumulated_operating_revenue": 94065, 
        "long_term_average": 11910, 
        "date": "2015-08-31", 
        "operating_revenue": 11715, 
        "short_term_average": 12190
    }
]