[
    {
        "date": "2012-01-31", 
        "operating_revenue": 109900, 
        "accumulated_operating_revenue": 109900, 
        "long_term_average": 109900, 
        "short_term_average": 109900
    }, 
    {
        "date": "2012-02-29", 
        "operating_revenue": 107126, 
        "accumulated_operating_revenue": 217026, 
        "long_term_average": 108513, 
        "short_term_average": 108513
    }, 
    {
        "date": "2012-03-31", 
        "operating_revenue": 136626, 
        "accumulated_operating_revenue": 353652, 
        "long_term_average": 117884, 
        "short_term_average": 117884
    }, 
    {
        "date": "2012-04-30", 
        "operating_revenue": 134762, 
        "accumulated_operating_revenue": 488414, 
        "long_term_average": 122103, 
        "short_term_average": 126171
    }, 
    {
        "date": "2012-05-31", 
        "operating_revenue": 140850, 
        "accumulated_operating_revenue": 629264, 
        "long_term_average": 125852, 
        "short_term_average": 137412
    }, 
    {
        "date": "2012-06-30", 
        "operating_revenue": 112559, 
        "accumulated_operating_revenue": 741823, 
        "long_term_average": 123637, 
        "short_term_average": 129390
    }, 
    {
        "date": "2012-07-31", 
        "operating_revenue": 111130, 
        "accumulated_operating_revenue": 852953, 
        "long_term_average": 121850, 
        "short_term_average": 121513
    }, 
    {
        "date": "2012-08-31", 
        "operating_revenue": 107697, 
        "accumulated_operating_revenue": 960650, 
        "long_term_average": 120081, 
        "short_term_average": 110462
    }, 
    {
        "date": "2012-09-30", 
        "operating_revenue": 107808, 
        "accumulated_operating_revenue": 1068458, 
        "long_term_average": 118717, 
        "short_term_average": 108878
    }, 
    {
        "date": "2012-10-31", 
        "operating_revenue": 103330, 
        "accumulated_operating_revenue": 1171788, 
        "long_term_average": 117178, 
        "short_term_average": 106278
    }, 
    {
        "date": "2012-11-30", 
        "operating_revenue": 113199, 
        "accumulated_operating_revenue": 1284987, 
        "long_term_average": 116817, 
        "short_term_average": 108112
    }, 
    {
        "date": "2012-12-31", 
        "operating_revenue": 107142, 
        "accumulated_operating_revenue": 1392129, 
        "long_term_average": 116010, 
        "short_term_average": 107890
    }, 
    {
        "accumulated_operating_revenue_yoy": -6.936305732484077, 
        "accumulated_operating_revenue": 102277, 
        "long_term_average": 115375, 
        "date": "2013-01-31", 
        "operating_revenue": 102277, 
        "short_term_average": 107539
    }, 
    {
        "accumulated_operating_revenue_yoy": -20.76571470699363, 
        "accumulated_operating_revenue": 171959, 
        "long_term_average": 112255, 
        "date": "2013-02-28", 
        "operating_revenue": 69682, 
        "short_term_average": 93033
    }, 
    {
        "accumulated_operating_revenue_yoy": -22.71611640822051, 
        "accumulated_operating_revenue": 273316, 
        "long_term_average": 109316, 
        "date": "2013-03-31", 
        "operating_revenue": 101357, 
        "short_term_average": 91105
    }, 
    {
        "accumulated_operating_revenue_yoy": -21.092761468753967, 
        "accumulated_operating_revenue": 385394, 
        "long_term_average": 107425, 
        "date": "2013-04-30", 
        "operating_revenue": 112078, 
        "short_term_average": 94372
    }, 
    {
        "accumulated_operating_revenue_yoy": -19.426186783289683, 
        "accumulated_operating_revenue": 507022, 
        "long_term_average": 105823, 
        "date": "2013-05-31", 
        "operating_revenue": 121628, 
        "short_term_average": 111687
    }, 
    {
        "accumulated_operating_revenue_yoy": -17.787261920970366, 
        "accumulated_operating_revenue": 609873, 
        "long_term_average": 105014, 
        "date": "2013-06-30", 
        "operating_revenue": 102851, 
        "short_term_average": 112185
    }, 
    {
        "accumulated_operating_revenue_yoy": -16.08494254665849, 
        "accumulated_operating_revenue": 715756, 
        "long_term_average": 104577, 
        "date": "2013-07-31", 
        "operating_revenue": 105883, 
        "short_term_average": 110120
    }, 
    {
        "accumulated_operating_revenue_yoy": -13.852912090771873, 
        "accumulated_operating_revenue": 827572, 
        "long_term_average": 104920, 
        "date": "2013-08-31", 
        "operating_revenue": 111816, 
        "short_term_average": 106850
    }, 
    {
        "accumulated_operating_revenue_yoy": -12.522438879207233, 
        "accumulated_operating_revenue": 934661, 
        "long_term_average": 104861, 
        "date": "2013-09-30", 
        "operating_revenue": 107089, 
        "short_term_average": 108262
    }, 
    {
        "accumulated_operating_revenue_yoy": -12.071381512696835, 
        "accumulated_operating_revenue": 1030337, 
        "long_term_average": 104223, 
        "date": "2013-10-31", 
        "operating_revenue": 95676, 
        "short_term_average": 104860
    }, 
    {
        "accumulated_operating_revenue_yoy": -12.365027817402044, 
        "accumulated_operating_revenue": 1126098, 
        "long_term_average": 102770, 
        "date": "2013-11-30", 
        "operating_revenue": 95761, 
        "short_term_average": 99508
    }, 
    {
        "accumulated_operating_revenue_yoy": -11.128853719734307, 
        "accumulated_operating_revenue": 1237201, 
        "long_term_average": 103100, 
        "date": "2013-12-31", 
        "operating_revenue": 111103, 
        "short_term_average": 100846
    }, 
    {
        "accumulated_operating_revenue_yoy": 1.4656276582222787, 
        "accumulated_operating_revenue": 103776, 
        "long_term_average": 103225, 
        "date": "2014-01-31", 
        "operating_revenue": 103776, 
        "short_term_average": 103546
    }, 
    {
        "accumulated_operating_revenue_yoy": 12.936804703446752, 
        "accumulated_operating_revenue": 194205, 
        "long_term_average": 104953, 
        "date": "2014-02-28", 
        "operating_revenue": 90429, 
        "short_term_average": 101769
    }, 
    {
        "accumulated_operating_revenue_yoy": 13.001068360432614, 
        "accumulated_operating_revenue": 308850, 
        "long_term_average": 106061, 
        "date": "2014-03-31", 
        "operating_revenue": 114645, 
        "short_term_average": 102950
    }, 
    {
        "accumulated_operating_revenue_yoy": 5.099716134657, 
        "accumulated_operating_revenue": 405048, 
        "long_term_average": 104737, 
        "date": "2014-04-30", 
        "operating_revenue": 96198, 
        "short_term_average": 100424
    }, 
    {
        "accumulated_operating_revenue_yoy": 0.284405804876317, 
        "accumulated_operating_revenue": 508464, 
        "long_term_average": 103220, 
        "date": "2014-05-31", 
        "operating_revenue": 103416, 
        "short_term_average": 104753
    }, 
    {
        "accumulated_operating_revenue_yoy": -0.6837489116586568, 
        "accumulated_operating_revenue": 605703, 
        "long_term_average": 102752, 
        "date": "2014-06-30", 
        "operating_revenue": 97239, 
        "short_term_average": 98951
    }, 
    {
        "accumulated_operating_revenue_yoy": 0.07432700529230632, 
        "accumulated_operating_revenue": 716288, 
        "long_term_average": 103144, 
        "date": "2014-07-31", 
        "operating_revenue": 110585, 
        "short_term_average": 103746
    }, 
    {
        "accumulated_operating_revenue_yoy": -0.05775932486841025, 
        "accumulated_operating_revenue": 827094, 
        "long_term_average": 103060, 
        "date": "2014-08-31", 
        "operating_revenue": 110806, 
        "short_term_average": 106210
    }, 
    {
        "accumulated_operating_revenue_yoy": -0.6223646862338323, 
        "accumulated_operating_revenue": 928844, 
        "long_term_average": 102615, 
        "date": "2014-09-30", 
        "operating_revenue": 101750, 
        "short_term_average": 107713
    }, 
    {
        "accumulated_operating_revenue_yoy": -0.9528921119983073, 
        "accumulated_operating_revenue": 1020519, 
        "long_term_average": 102281, 
        "date": "2014-10-31", 
        "operating_revenue": 91675, 
        "short_term_average": 101410
    }, 
    {
        "accumulated_operating_revenue_yoy": -1.0268200458574654, 
        "accumulated_operating_revenue": 1114535, 
        "long_term_average": 102136, 
        "date": "2014-11-30", 
        "operating_revenue": 94016, 
        "short_term_average": 95813
    }, 
    {
        "accumulated_operating_revenue_yoy": -1.4048646905393707, 
        "accumulated_operating_revenue": 1219820, 
        "long_term_average": 101651, 
        "date": "2014-12-31", 
        "operating_revenue": 105285, 
        "short_term_average": 96992
    }, 
    {
        "accumulated_operating_revenue_yoy": -13.555157261794633, 
        "accumulated_operating_revenue": 89709, 
        "long_term_average": 100479, 
        "date": "2015-01-31", 
        "operating_revenue": 89709, 
        "short_term_average": 96336
    }, 
    {
        "accumulated_operating_revenue_yoy": -22.548338096341496, 
        "accumulated_operating_revenue": 150415, 
        "long_term_average": 98002, 
        "date": "2015-02-28", 
        "operating_revenue": 60706, 
        "short_term_average": 85233
    }, 
    {
        "accumulated_operating_revenue_yoy": -18.99336247369273, 
        "accumulated_operating_revenue": 250189, 
        "long_term_average": 96763, 
        "date": "2015-03-31", 
        "operating_revenue": 99774, 
        "short_term_average": 83396
    }, 
    {
        "accumulated_operating_revenue_yoy": -16.87083999920997, 
        "accumulated_operating_revenue": 336713, 
        "long_term_average": 95957, 
        "date": "2015-04-30", 
        "operating_revenue": 86524, 
        "short_term_average": 82334
    }, 
    {
        "accumulated_operating_revenue_yoy": -14.986311715283678, 
        "accumulated_operating_revenue": 432264, 
        "long_term_average": 95301, 
        "date": "2015-05-31", 
        "operating_revenue": 95551, 
        "short_term_average": 93949
    }, 
    {
        "accumulated_operating_revenue_yoy": -13.184019230546983, 
        "accumulated_operating_revenue": 525847, 
        "long_term_average": 94997, 
        "date": "2015-06-30", 
        "operating_revenue": 93583, 
        "short_term_average": 91886
    }, 
    {
        "accumulated_operating_revenue_yoy": -16.293585820228735, 
        "accumulated_operating_revenue": 599579, 
        "long_term_average": 91925, 
        "date": "2015-07-31", 
        "operating_revenue": 73732, 
        "short_term_average": 87622
    }, 
    {
        "accumulated_operating_revenue_yoy": -17.71467330194633, 
        "accumulated_operating_revenue": 680577, 
        "long_term_average": 89441, 
        "date": "2015-08-31", 
        "operating_revenue": 80998, 
        "short_term_average": 82771
    }
]