[
    {
        "date": "2011-09-30", 
        "operating_revenue": 64441, 
        "accumulated_operating_revenue": 64441, 
        "long_term_average": 64441, 
        "short_term_average": 64441
    }, 
    {
        "date": "2011-10-31", 
        "operating_revenue": 77936, 
        "accumulated_operating_revenue": 142377, 
        "long_term_average": 71188, 
        "short_term_average": 71188
    }, 
    {
        "date": "2011-11-30", 
        "operating_revenue": 63818, 
        "accumulated_operating_revenue": 206195, 
        "long_term_average": 68731, 
        "short_term_average": 68731
    }, 
    {
        "date": "2011-12-31", 
        "operating_revenue": 60222, 
        "accumulated_operating_revenue": 266417, 
        "long_term_average": 66604, 
        "short_term_average": 67325
    }, 
    {
        "date": "2012-01-31", 
        "operating_revenue": 113492, 
        "accumulated_operating_revenue": 113492, 
        "long_term_average": 75981, 
        "short_term_average": 79177
    }, 
    {
        "date": "2012-02-29", 
        "operating_revenue": 105493, 
        "accumulated_operating_revenue": 218985, 
        "long_term_average": 80900, 
        "short_term_average": 93069
    }, 
    {
        "date": "2012-03-31", 
        "operating_revenue": 122682, 
        "accumulated_operating_revenue": 341667, 
        "long_term_average": 86869, 
        "short_term_average": 113889
    }, 
    {
        "date": "2012-04-30", 
        "operating_revenue": 116864, 
        "accumulated_operating_revenue": 458531, 
        "long_term_average": 90618, 
        "short_term_average": 115013
    }, 
    {
        "date": "2012-05-31", 
        "operating_revenue": 104355, 
        "accumulated_operating_revenue": 562886, 
        "long_term_average": 92144, 
        "short_term_average": 114633
    }, 
    {
        "date": "2012-06-30", 
        "operating_revenue": 77551, 
        "accumulated_operating_revenue": 640437, 
        "long_term_average": 90685, 
        "short_term_average": 99590
    }, 
    {
        "date": "2012-07-31", 
        "operating_revenue": 89513, 
        "accumulated_operating_revenue": 729950, 
        "long_term_average": 90578, 
        "short_term_average": 90473
    }, 
    {
        "date": "2012-08-31", 
        "operating_revenue": 77882, 
        "accumulated_operating_revenue": 807832, 
        "long_term_average": 89520, 
        "short_term_average": 81648
    }, 
    {
        "accumulated_operating_revenue_yoy": 1301.3438649307118, 
        "accumulated_operating_revenue": 903040, 
        "long_term_average": 92084, 
        "date": "2012-09-30", 
        "operating_revenue": 95208, 
        "short_term_average": 87534
    }, 
    {
        "accumulated_operating_revenue_yoy": 583.9018942666302, 
        "accumulated_operating_revenue": 973719, 
        "long_term_average": 91479, 
        "date": "2012-10-31", 
        "operating_revenue": 70679, 
        "short_term_average": 81256
    }, 
    {
        "accumulated_operating_revenue_yoy": 396.2438468440069, 
        "accumulated_operating_revenue": 1023230, 
        "long_term_average": 90287, 
        "date": "2012-11-30", 
        "operating_revenue": 49511, 
        "short_term_average": 71799
    }, 
    {
        "accumulated_operating_revenue_yoy": 310.02338439363854, 
        "accumulated_operating_revenue": 1092372, 
        "long_term_average": 91031, 
        "date": "2012-12-31", 
        "operating_revenue": 69142, 
        "short_term_average": 63110
    }, 
    {
        "accumulated_operating_revenue_yoy": 9.185669474500404, 
        "accumulated_operating_revenue": 123917, 
        "long_term_average": 91899, 
        "date": "2013-01-31", 
        "operating_revenue": 123917, 
        "short_term_average": 80856
    }, 
    {
        "accumulated_operating_revenue_yoy": -0.9069114322898829, 
        "accumulated_operating_revenue": 216999, 
        "long_term_average": 90865, 
        "date": "2013-02-28", 
        "operating_revenue": 93082, 
        "short_term_average": 95380
    }, 
    {
        "accumulated_operating_revenue_yoy": -4.618824762122183, 
        "accumulated_operating_revenue": 325886, 
        "long_term_average": 89715, 
        "date": "2013-03-31", 
        "operating_revenue": 108887, 
        "short_term_average": 108628
    }, 
    {
        "accumulated_operating_revenue_yoy": -5.2744525451932365, 
        "accumulated_operating_revenue": 434346, 
        "long_term_average": 89015, 
        "date": "2013-04-30", 
        "operating_revenue": 108460, 
        "short_term_average": 103476
    }, 
    {
        "accumulated_operating_revenue_yoy": -3.9473356949719838, 
        "accumulated_operating_revenue": 540667, 
        "long_term_average": 89179, 
        "date": "2013-05-31", 
        "operating_revenue": 106321, 
        "short_term_average": 107889
    }, 
    {
        "accumulated_operating_revenue_yoy": -2.08404573751985, 
        "accumulated_operating_revenue": 627090, 
        "long_term_average": 89918, 
        "date": "2013-06-30", 
        "operating_revenue": 86423, 
        "short_term_average": 100401
    }, 
    {
        "accumulated_operating_revenue_yoy": -0.9588327967669018, 
        "accumulated_operating_revenue": 722951, 
        "long_term_average": 90447, 
        "date": "2013-07-31", 
        "operating_revenue": 95861, 
        "short_term_average": 96201
    }, 
    {
        "accumulated_operating_revenue_yoy": 2.00623396943919, 
        "accumulated_operating_revenue": 824039, 
        "long_term_average": 92381, 
        "date": "2013-08-31", 
        "operating_revenue": 101088, 
        "short_term_average": 94457
    }, 
    {
        "accumulated_operating_revenue_yoy": 0.9676204819277109, 
        "accumulated_operating_revenue": 911778, 
        "long_term_average": 91759, 
        "date": "2013-09-30", 
        "operating_revenue": 87739, 
        "short_term_average": 94896
    }, 
    {
        "accumulated_operating_revenue_yoy": 3.1151697769068902, 
        "accumulated_operating_revenue": 1004052, 
        "long_term_average": 93558, 
        "date": "2013-10-31", 
        "operating_revenue": 92274, 
        "short_term_average": 93700
    }, 
    {
        "accumulated_operating_revenue_yoy": 5.770159201743499, 
        "accumulated_operating_revenue": 1082272, 
        "long_term_average": 95951, 
        "date": "2013-11-30", 
        "operating_revenue": 78220, 
        "short_term_average": 86077
    }, 
    {
        "accumulated_operating_revenue_yoy": 6.4426770367603705, 
        "accumulated_operating_revenue": 1162750, 
        "long_term_average": 96895, 
        "date": "2013-12-31", 
        "operating_revenue": 80478, 
        "short_term_average": 83657
    }, 
    {
        "accumulated_operating_revenue_yoy": -22.71520453206582, 
        "accumulated_operating_revenue": 95769, 
        "long_term_average": 94550, 
        "date": "2014-01-31", 
        "operating_revenue": 95769, 
        "short_term_average": 84822
    }, 
    {
        "accumulated_operating_revenue_yoy": -18.09685758920548, 
        "accumulated_operating_revenue": 177729, 
        "long_term_average": 93623, 
        "date": "2014-02-28", 
        "operating_revenue": 81960, 
        "short_term_average": 86069
    }, 
    {
        "accumulated_operating_revenue_yoy": -15.529050035902126, 
        "accumulated_operating_revenue": 275279, 
        "long_term_average": 92678, 
        "date": "2014-03-31", 
        "operating_revenue": 97550, 
        "short_term_average": 91759
    }, 
    {
        "accumulated_operating_revenue_yoy": -15.28182600967892, 
        "accumulated_operating_revenue": 367970, 
        "long_term_average": 91364, 
        "date": "2014-04-30", 
        "operating_revenue": 92691, 
        "short_term_average": 90733
    }, 
    {
        "accumulated_operating_revenue_yoy": -16.645550773396565, 
        "accumulated_operating_revenue": 450670, 
        "long_term_average": 89396, 
        "date": "2014-05-31", 
        "operating_revenue": 82700, 
        "short_term_average": 90980
    }, 
    {
        "accumulated_operating_revenue_yoy": -15.25714012342726, 
        "accumulated_operating_revenue": 531414, 
        "long_term_average": 88922, 
        "date": "2014-06-30", 
        "operating_revenue": 80744, 
        "short_term_average": 85378
    }, 
    {
        "accumulated_operating_revenue_yoy": -13.393162192181766, 
        "accumulated_operating_revenue": 626125, 
        "long_term_average": 88827, 
        "date": "2014-07-31", 
        "operating_revenue": 94711, 
        "short_term_average": 86051
    }, 
    {
        "accumulated_operating_revenue_yoy": -12.234615109236335, 
        "accumulated_operating_revenue": 723221, 
        "long_term_average": 88494, 
        "date": "2014-08-31", 
        "operating_revenue": 97096, 
        "short_term_average": 90850
    }, 
    {
        "accumulated_operating_revenue_yoy": -11.771944486486841, 
        "accumulated_operating_revenue": 804444, 
        "long_term_average": 87951, 
        "date": "2014-09-30", 
        "operating_revenue": 81223, 
        "short_term_average": 91010
    }, 
    {
        "accumulated_operating_revenue_yoy": -12.645062207933453, 
        "accumulated_operating_revenue": 877089, 
        "long_term_average": 86315, 
        "date": "2014-10-31", 
        "operating_revenue": 72645, 
        "short_term_average": 83654
    }, 
    {
        "accumulated_operating_revenue_yoy": -12.529752224948995, 
        "accumulated_operating_revenue": 946666, 
        "long_term_average": 85595, 
        "date": "2014-11-30", 
        "operating_revenue": 69577, 
        "short_term_average": 74481
    }, 
    {
        "accumulated_operating_revenue_yoy": -12.008256288970113, 
        "accumulated_operating_revenue": 1023124, 
        "long_term_average": 85260, 
        "date": "2014-12-31", 
        "operating_revenue": 76458, 
        "short_term_average": 72893
    }, 
    {
        "accumulated_operating_revenue_yoy": -1.8555064791320783, 
        "accumulated_operating_revenue": 93992, 
        "long_term_average": 85112, 
        "date": "2015-01-31", 
        "operating_revenue": 93992, 
        "short_term_average": 80009
    }, 
    {
        "accumulated_operating_revenue_yoy": -10.932374570272717, 
        "accumulated_operating_revenue": 158299, 
        "long_term_average": 83641, 
        "date": "2015-02-28", 
        "operating_revenue": 64307, 
        "short_term_average": 78252
    }, 
    {
        "accumulated_operating_revenue_yoy": -7.678028472931099, 
        "accumulated_operating_revenue": 254143, 
        "long_term_average": 83499, 
        "date": "2015-03-31", 
        "operating_revenue": 95844, 
        "short_term_average": 84714
    }, 
    {
        "accumulated_operating_revenue_yoy": -8.11180259260266, 
        "accumulated_operating_revenue": 338121, 
        "long_term_average": 82772, 
        "date": "2015-04-30", 
        "operating_revenue": 83978, 
        "short_term_average": 81376
    }, 
    {
        "accumulated_operating_revenue_yoy": -8.293651674174008, 
        "accumulated_operating_revenue": 413293, 
        "long_term_average": 82145, 
        "date": "2015-05-31", 
        "operating_revenue": 75172, 
        "short_term_average": 84998
    }, 
    {
        "accumulated_operating_revenue_yoy": -9.770348541814856, 
        "accumulated_operating_revenue": 479493, 
        "long_term_average": 80933, 
        "date": "2015-06-30", 
        "operating_revenue": 66200, 
        "short_term_average": 75116
    }, 
    {
        "accumulated_operating_revenue_yoy": -10.609862247953682, 
        "accumulated_operating_revenue": 559694, 
        "long_term_average": 79724, 
        "date": "2015-07-31", 
        "operating_revenue": 80201, 
        "short_term_average": 73857
    }, 
    {
        "accumulated_operating_revenue_yoy": -11.805658298085923, 
        "accumulated_operating_revenue": 637840, 
        "long_term_average": 78145, 
        "date": "2015-08-31", 
        "operating_revenue": 78146, 
        "short_term_average": 74849
    }
]