[
    {
        "date": "2012-01-31", 
        "operating_revenue": 15132, 
        "accumulated_operating_revenue": 15132, 
        "long_term_average": 15132, 
        "short_term_average": 15132
    }, 
    {
        "date": "2012-02-29", 
        "operating_revenue": 14176, 
        "accumulated_operating_revenue": 29308, 
        "long_term_average": 14654, 
        "short_term_average": 14654
    }, 
    {
        "date": "2012-03-31", 
        "operating_revenue": 16534, 
        "accumulated_operating_revenue": 45842, 
        "long_term_average": 15280, 
        "short_term_average": 15280
    }, 
    {
        "date": "2012-04-30", 
        "operating_revenue": 16703, 
        "accumulated_operating_revenue": 62545, 
        "long_term_average": 15636, 
        "short_term_average": 15804
    }, 
    {
        "date": "2012-05-31", 
        "operating_revenue": 16656, 
        "accumulated_operating_revenue": 79201, 
        "long_term_average": 15840, 
        "short_term_average": 16631
    }, 
    {
        "date": "2012-06-30", 
        "operating_revenue": 17652, 
        "accumulated_operating_revenue": 96853, 
        "long_term_average": 16142, 
        "short_term_average": 17003
    }, 
    {
        "date": "2012-07-31", 
        "operating_revenue": 17922, 
        "accumulated_operating_revenue": 114775, 
        "long_term_average": 16396, 
        "short_term_average": 17410
    }, 
    {
        "date": "2012-08-31", 
        "operating_revenue": 16945, 
        "accumulated_operating_revenue": 131720, 
        "long_term_average": 16465, 
        "short_term_average": 17506
    }, 
    {
        "date": "2012-09-30", 
        "operating_revenue": 16973, 
        "accumulated_operating_revenue": 148693, 
        "long_term_average": 16521, 
        "short_term_average": 17280
    }, 
    {
        "date": "2012-10-31", 
        "operating_revenue": 11196, 
        "accumulated_operating_revenue": 159889, 
        "long_term_average": 15988, 
        "short_term_average": 15038
    }, 
    {
        "date": "2012-11-30", 
        "operating_revenue": 11308, 
        "accumulated_operating_revenue": 171197, 
        "long_term_average": 15563, 
        "short_term_average": 13159
    }, 
    {
        "date": "2012-12-31", 
        "operating_revenue": 11740, 
        "accumulated_operating_revenue": 182937, 
        "long_term_average": 15244, 
        "short_term_average": 11414
    }, 
    {
        "accumulated_operating_revenue_yoy": -11.141950832672483, 
        "accumulated_operating_revenue": 13446, 
        "long_term_average": 15104, 
        "date": "2013-01-31", 
        "operating_revenue": 13446, 
        "short_term_average": 12164
    }, 
    {
        "accumulated_operating_revenue_yoy": -17.72212365224512, 
        "accumulated_operating_revenue": 24114, 
        "long_term_average": 14811, 
        "date": "2013-02-28", 
        "operating_revenue": 10668, 
        "short_term_average": 11951
    }, 
    {
        "accumulated_operating_revenue_yoy": -27.629684568736096, 
        "accumulated_operating_revenue": 33176, 
        "long_term_average": 14189, 
        "date": "2013-03-31", 
        "operating_revenue": 9062, 
        "short_term_average": 11058
    }, 
    {
        "accumulated_operating_revenue_yoy": -25.300183867615317, 
        "accumulated_operating_revenue": 46721, 
        "long_term_average": 13926, 
        "date": "2013-04-30", 
        "operating_revenue": 13545, 
        "short_term_average": 11091
    }, 
    {
        "accumulated_operating_revenue_yoy": -22.90122599462128, 
        "accumulated_operating_revenue": 61063, 
        "long_term_average": 13733, 
        "date": "2013-05-31", 
        "operating_revenue": 14342, 
        "short_term_average": 12316
    }, 
    {
        "accumulated_operating_revenue_yoy": -24.029198889038025, 
        "accumulated_operating_revenue": 73580, 
        "long_term_average": 13305, 
        "date": "2013-06-30", 
        "operating_revenue": 12517, 
        "short_term_average": 13468
    }, 
    {
        "accumulated_operating_revenue_yoy": -25.277281637987365, 
        "accumulated_operating_revenue": 85763, 
        "long_term_average": 12827, 
        "date": "2013-07-31", 
        "operating_revenue": 12183, 
        "short_term_average": 13014
    }, 
    {
        "accumulated_operating_revenue_yoy": -24.380504099605226, 
        "accumulated_operating_revenue": 99606, 
        "long_term_average": 12568, 
        "date": "2013-08-31", 
        "operating_revenue": 13843, 
        "short_term_average": 12847
    }, 
    {
        "accumulated_operating_revenue_yoy": -23.70252802754669, 
        "accumulated_operating_revenue": 113449, 
        "long_term_average": 12307, 
        "date": "2013-09-30", 
        "operating_revenue": 13843, 
        "short_term_average": 13289
    }, 
    {
        "accumulated_operating_revenue_yoy": -20.065795645729224, 
        "accumulated_operating_revenue": 127806, 
        "long_term_average": 12571, 
        "date": "2013-10-31", 
        "operating_revenue": 14357, 
        "short_term_average": 14014
    }, 
    {
        "accumulated_operating_revenue_yoy": -17.42962785562831, 
        "accumulated_operating_revenue": 141358, 
        "long_term_average": 12758, 
        "date": "2013-11-30", 
        "operating_revenue": 13552, 
        "short_term_average": 13917
    }, 
    {
        "accumulated_operating_revenue_yoy": -15.272470850620707, 
        "accumulated_operating_revenue": 154998, 
        "long_term_average": 12916, 
        "date": "2013-12-31", 
        "operating_revenue": 13640, 
        "short_term_average": 13849
    }, 
    {
        "accumulated_operating_revenue_yoy": -3.6442064554514353, 
        "accumulated_operating_revenue": 12956, 
        "long_term_average": 12875, 
        "date": "2014-01-31", 
        "operating_revenue": 12956, 
        "short_term_average": 13382
    }, 
    {
        "accumulated_operating_revenue_yoy": -1.0533300157584806, 
        "accumulated_operating_revenue": 23860, 
        "long_term_average": 12895, 
        "date": "2014-02-28", 
        "operating_revenue": 10904, 
        "short_term_average": 12500
    }, 
    {
        "accumulated_operating_revenue_yoy": 4.810706534844466, 
        "accumulated_operating_revenue": 34772, 
        "long_term_average": 13049, 
        "date": "2014-03-31", 
        "operating_revenue": 10912, 
        "short_term_average": 11590
    }, 
    {
        "accumulated_operating_revenue_yoy": 2.5662978104064553, 
        "accumulated_operating_revenue": 47920, 
        "long_term_average": 13016, 
        "date": "2014-04-30", 
        "operating_revenue": 13148, 
        "short_term_average": 11654
    }, 
    {
        "accumulated_operating_revenue_yoy": -0.9924176669996562, 
        "accumulated_operating_revenue": 60457, 
        "long_term_average": 12866, 
        "date": "2014-05-31", 
        "operating_revenue": 12537, 
        "short_term_average": 12199
    }, 
    {
        "accumulated_operating_revenue_yoy": -0.5504213101386246, 
        "accumulated_operating_revenue": 73175, 
        "long_term_average": 12882, 
        "date": "2014-06-30", 
        "operating_revenue": 12718, 
        "short_term_average": 12801
    }, 
    {
        "accumulated_operating_revenue_yoy": 1.7198558819071161, 
        "accumulated_operating_revenue": 87238, 
        "long_term_average": 13039, 
        "date": "2014-07-31", 
        "operating_revenue": 14063, 
        "short_term_average": 13106
    }, 
    {
        "accumulated_operating_revenue_yoy": -0.35841214384675624, 
        "accumulated_operating_revenue": 99249, 
        "long_term_average": 12886, 
        "date": "2014-08-31", 
        "operating_revenue": 12011, 
        "short_term_average": 12930
    }, 
    {
        "accumulated_operating_revenue_yoy": -3.195268358469444, 
        "accumulated_operating_revenue": 109824, 
        "long_term_average": 12614, 
        "date": "2014-09-30", 
        "operating_revenue": 10575, 
        "short_term_average": 12216
    }, 
    {
        "accumulated_operating_revenue_yoy": -5.678919612537753, 
        "accumulated_operating_revenue": 120548, 
        "long_term_average": 12311, 
        "date": "2014-10-31", 
        "operating_revenue": 10724, 
        "short_term_average": 11103
    }, 
    {
        "accumulated_operating_revenue_yoy": -7.072114772421795, 
        "accumulated_operating_revenue": 131361, 
        "long_term_average": 12083, 
        "date": "2014-11-30", 
        "operating_revenue": 10813, 
        "short_term_average": 10704
    }, 
    {
        "accumulated_operating_revenue_yoy": -8.471077046155434, 
        "accumulated_operating_revenue": 141868, 
        "long_term_average": 11822, 
        "date": "2014-12-31", 
        "operating_revenue": 10507, 
        "short_term_average": 10681
    }, 
    {
        "accumulated_operating_revenue_yoy": -16.401667181228774, 
        "accumulated_operating_revenue": 10831, 
        "long_term_average": 11645, 
        "date": "2015-01-31", 
        "operating_revenue": 10831, 
        "short_term_average": 10717
    }, 
    {
        "accumulated_operating_revenue_yoy": -16.563285834031852, 
        "accumulated_operating_revenue": 19908, 
        "long_term_average": 11493, 
        "date": "2015-02-28", 
        "operating_revenue": 9077, 
        "short_term_average": 10138
    }, 
    {
        "accumulated_operating_revenue_yoy": -7.247210399171747, 
        "accumulated_operating_revenue": 32252, 
        "long_term_average": 11612, 
        "date": "2015-03-31", 
        "operating_revenue": 12344, 
        "short_term_average": 10750
    }, 
    {
        "accumulated_operating_revenue_yoy": -13.76043405676127, 
        "accumulated_operating_revenue": 41326, 
        "long_term_average": 11272, 
        "date": "2015-04-30", 
        "operating_revenue": 9074, 
        "short_term_average": 10165
    }, 
    {
        "accumulated_operating_revenue_yoy": -14.286186876623056, 
        "accumulated_operating_revenue": 51820, 
        "long_term_average": 11102, 
        "date": "2015-05-31", 
        "operating_revenue": 10494, 
        "short_term_average": 10637
    }, 
    {
        "accumulated_operating_revenue_yoy": -13.130167406901263, 
        "accumulated_operating_revenue": 63567, 
        "long_term_average": 11021, 
        "date": "2015-06-30", 
        "operating_revenue": 11747, 
        "short_term_average": 10438
    }, 
    {
        "accumulated_operating_revenue_yoy": -15.535661065132167, 
        "accumulated_operating_revenue": 73685, 
        "long_term_average": 10692, 
        "date": "2015-07-31", 
        "operating_revenue": 10118, 
        "short_term_average": 10786
    }, 
    {
        "accumulated_operating_revenue_yoy": -13.452024705538596, 
        "accumulated_operating_revenue": 85898, 
        "long_term_average": 10709, 
        "date": "2015-08-31", 
        "operating_revenue": 12213, 
        "short_term_average": 11359
    }
]