[
    {
        "date": "2011-09-30", 
        "operating_revenue": 1104294, 
        "accumulated_operating_revenue": 1104294, 
        "long_term_average": 1104294, 
        "short_term_average": 1104294
    }, 
    {
        "date": "2011-10-31", 
        "operating_revenue": 1012793, 
        "accumulated_operating_revenue": 2117087, 
        "long_term_average": 1058543, 
        "short_term_average": 1058543
    }, 
    {
        "date": "2011-11-30", 
        "operating_revenue": 1243097, 
        "accumulated_operating_revenue": 3360184, 
        "long_term_average": 1120061, 
        "short_term_average": 1120061
    }, 
    {
        "date": "2011-12-31", 
        "operating_revenue": 1052490, 
        "accumulated_operating_revenue": 4412674, 
        "long_term_average": 1103168, 
        "short_term_average": 1102793
    }, 
    {
        "date": "2012-01-31", 
        "operating_revenue": 1063661, 
        "accumulated_operating_revenue": 1063661, 
        "long_term_average": 1095267, 
        "short_term_average": 1119749
    }, 
    {
        "date": "2012-02-29", 
        "operating_revenue": 994145, 
        "accumulated_operating_revenue": 2057806, 
        "long_term_average": 1078413, 
        "short_term_average": 1036765
    }, 
    {
        "date": "2012-03-31", 
        "operating_revenue": 1096361, 
        "accumulated_operating_revenue": 3154167, 
        "long_term_average": 1080977, 
        "short_term_average": 1051389
    }, 
    {
        "date": "2012-04-30", 
        "operating_revenue": 1380720, 
        "accumulated_operating_revenue": 4534887, 
        "long_term_average": 1118445, 
        "short_term_average": 1157075
    }, 
    {
        "date": "2012-05-31", 
        "operating_revenue": 1531242, 
        "accumulated_operating_revenue": 6066129, 
        "long_term_average": 1164311, 
        "short_term_average": 1336107
    }, 
    {
        "date": "2012-06-30", 
        "operating_revenue": 1644555, 
        "accumulated_operating_revenue": 7710684, 
        "long_term_average": 1212335, 
        "short_term_average": 1518839
    }, 
    {
        "date": "2012-07-31", 
        "operating_revenue": 1583539, 
        "accumulated_operating_revenue": 9294223, 
        "long_term_average": 1246081, 
        "short_term_average": 1586445
    }, 
    {
        "date": "2012-08-31", 
        "operating_revenue": 1665519, 
        "accumulated_operating_revenue": 10959742, 
        "long_term_average": 1281034, 
        "short_term_average": 1631204
    }, 
    {
        "accumulated_operating_revenue_yoy": 1025.1641320155682, 
        "accumulated_operating_revenue": 12425120, 
        "long_term_average": 1311125, 
        "date": "2012-09-30", 
        "operating_revenue": 1465378, 
        "short_term_average": 1571478
    }, 
    {
        "accumulated_operating_revenue_yoy": 572.2237678470465, 
        "accumulated_operating_revenue": 14231562, 
        "long_term_average": 1377262, 
        "date": "2012-10-31", 
        "operating_revenue": 1806442, 
        "short_term_average": 1645779
    }, 
    {
        "accumulated_operating_revenue_yoy": 370.12993931284717, 
        "accumulated_operating_revenue": 15797231, 
        "long_term_average": 1404143, 
        "date": "2012-11-30", 
        "operating_revenue": 1565669, 
        "short_term_average": 1612496
    }, 
    {
        "accumulated_operating_revenue_yoy": 289.5596864848842, 
        "accumulated_operating_revenue": 17189999, 
        "long_term_average": 1432499, 
        "date": "2012-12-31", 
        "operating_revenue": 1392768, 
        "short_term_average": 1588293
    }, 
    {
        "accumulated_operating_revenue_yoy": 56.902058080535056, 
        "accumulated_operating_revenue": 1668906, 
        "long_term_average": 1482937, 
        "date": "2013-01-31", 
        "operating_revenue": 1668906, 
        "short_term_average": 1542447
    }, 
    {
        "accumulated_operating_revenue_yoy": 50.77349371126335, 
        "accumulated_operating_revenue": 3102626, 
        "long_term_average": 1519568, 
        "date": "2013-02-28", 
        "operating_revenue": 1433720, 
        "short_term_average": 1498464
    }, 
    {
        "accumulated_operating_revenue_yoy": 51.745040766706396, 
        "accumulated_operating_revenue": 4786292, 
        "long_term_average": 1568510, 
        "date": "2013-03-31", 
        "operating_revenue": 1683666, 
        "short_term_average": 1595430
    }, 
    {
        "accumulated_operating_revenue_yoy": 43.571140802405885, 
        "accumulated_operating_revenue": 6510789, 
        "long_term_average": 1597158, 
        "date": "2013-04-30", 
        "operating_revenue": 1724497, 
        "short_term_average": 1613961
    }, 
    {
        "accumulated_operating_revenue_yoy": 36.715127554986054, 
        "accumulated_operating_revenue": 8293316, 
        "long_term_average": 1618098, 
        "date": "2013-05-31", 
        "operating_revenue": 1782527, 
        "short_term_average": 1730230
    }, 
    {
        "accumulated_operating_revenue_yoy": 31.53586633818738, 
        "accumulated_operating_revenue": 10142315, 
        "long_term_average": 1635135, 
        "date": "2013-06-30", 
        "operating_revenue": 1848999, 
        "short_term_average": 1785341
    }, 
    {
        "accumulated_operating_revenue_yoy": 29.866735497953943, 
        "accumulated_operating_revenue": 12070104, 
        "long_term_average": 1663823, 
        "date": "2013-07-31", 
        "operating_revenue": 1927789, 
        "short_term_average": 1853105
    }, 
    {
        "accumulated_operating_revenue_yoy": 27.272658425718415, 
        "accumulated_operating_revenue": 13948755, 
        "long_term_average": 1681584, 
        "date": "2013-08-31", 
        "operating_revenue": 1878651, 
        "short_term_average": 1885146
    }, 
    {
        "accumulated_operating_revenue_yoy": 26.619750956127586, 
        "accumulated_operating_revenue": 15732656, 
        "long_term_average": 1708127, 
        "date": "2013-09-30", 
        "operating_revenue": 1783901, 
        "short_term_average": 1863447
    }, 
    {
        "accumulated_operating_revenue_yoy": 23.26928695528994, 
        "accumulated_operating_revenue": 17543145, 
        "long_term_average": 1708465, 
        "date": "2013-10-31", 
        "operating_revenue": 1810489, 
        "short_term_average": 1824347
    }, 
    {
        "accumulated_operating_revenue_yoy": 22.313708016297287, 
        "accumulated_operating_revenue": 19322179, 
        "long_term_average": 1726245, 
        "date": "2013-11-30", 
        "operating_revenue": 1779034, 
        "short_term_average": 1791141
    }, 
    {
        "accumulated_operating_revenue_yoy": 22.94973955495867, 
        "accumulated_operating_revenue": 21135059, 
        "long_term_average": 1761254, 
        "date": "2013-12-31", 
        "operating_revenue": 1812880, 
        "short_term_average": 1800801
    }, 
    {
        "accumulated_operating_revenue_yoy": 8.590837350935283, 
        "accumulated_operating_revenue": 1812279, 
        "long_term_average": 1773202, 
        "date": "2014-01-31", 
        "operating_revenue": 1812279, 
        "short_term_average": 1801397
    }, 
    {
        "accumulated_operating_revenue_yoy": 17.376796300939915, 
        "accumulated_operating_revenue": 3641763, 
        "long_term_average": 1806183, 
        "date": "2014-02-28", 
        "operating_revenue": 1829484, 
        "short_term_average": 1818214
    }, 
    {
        "accumulated_operating_revenue_yoy": 15.060969953358466, 
        "accumulated_operating_revenue": 5507154, 
        "long_term_average": 1821326, 
        "date": "2014-03-31", 
        "operating_revenue": 1865391, 
        "short_term_average": 1835718
    }, 
    {
        "accumulated_operating_revenue_yoy": 13.584805159559002, 
        "accumulated_operating_revenue": 7395267, 
        "long_term_average": 1834961, 
        "date": "2014-04-30", 
        "operating_revenue": 1888113, 
        "short_term_average": 1860996
    }, 
    {
        "accumulated_operating_revenue_yoy": 12.565263400068199, 
        "accumulated_operating_revenue": 9335393, 
        "long_term_average": 1848094, 
        "date": "2014-05-31", 
        "operating_revenue": 1940126, 
        "short_term_average": 1897876
    }, 
    {
        "accumulated_operating_revenue_yoy": 11.69714212189229, 
        "accumulated_operating_revenue": 11328676, 
        "long_term_average": 1860118, 
        "date": "2014-06-30", 
        "operating_revenue": 1993283, 
        "short_term_average": 1940507
    }, 
    {
        "accumulated_operating_revenue_yoy": 11.005936651415762, 
        "accumulated_operating_revenue": 13398532, 
        "long_term_average": 1871957, 
        "date": "2014-07-31", 
        "operating_revenue": 2069856, 
        "short_term_average": 2001088
    }, 
    {
        "accumulated_operating_revenue_yoy": 10.78388716412325, 
        "accumulated_operating_revenue": 15452973, 
        "long_term_average": 1886606, 
        "date": "2014-08-31", 
        "operating_revenue": 2054441, 
        "short_term_average": 2039193
    }, 
    {
        "accumulated_operating_revenue_yoy": 11.319080516347652, 
        "accumulated_operating_revenue": 17513448, 
        "long_term_average": 1909654, 
        "date": "2014-09-30", 
        "operating_revenue": 2060475, 
        "short_term_average": 2061590
    }, 
    {
        "accumulated_operating_revenue_yoy": 12.095043391592556, 
        "accumulated_operating_revenue": 19664996, 
        "long_term_average": 1938075, 
        "date": "2014-10-31", 
        "operating_revenue": 2151548, 
        "short_term_average": 2088821
    }, 
    {
        "accumulated_operating_revenue_yoy": 11.983011853890806, 
        "accumulated_operating_revenue": 21637558, 
        "long_term_average": 1954203, 
        "date": "2014-11-30", 
        "operating_revenue": 1972562, 
        "short_term_average": 2061528
    }, 
    {
        "accumulated_operating_revenue_yoy": 13.231190885249008, 
        "accumulated_operating_revenue": 23931479, 
        "long_term_average": 1994289, 
        "date": "2014-12-31", 
        "operating_revenue": 2293921, 
        "short_term_average": 2139343
    }, 
    {
        "accumulated_operating_revenue_yoy": 15.237002691086749, 
        "accumulated_operating_revenue": 2088416, 
        "long_term_average": 2017301, 
        "date": "2015-01-31", 
        "operating_revenue": 2088416, 
        "short_term_average": 2118299
    }, 
    {
        "accumulated_operating_revenue_yoy": 12.44361590800939, 
        "accumulated_operating_revenue": 4094930, 
        "long_term_average": 2032053, 
        "date": "2015-02-28", 
        "operating_revenue": 2006514, 
        "short_term_average": 2129617
    }, 
    {
        "accumulated_operating_revenue_yoy": 16.17922796420801, 
        "accumulated_operating_revenue": 6398169, 
        "long_term_average": 2068541, 
        "date": "2015-03-31", 
        "operating_revenue": 2303239, 
        "short_term_average": 2132723
    }, 
    {
        "accumulated_operating_revenue_yoy": 15.666736576245322, 
        "accumulated_operating_revenue": 8553864, 
        "long_term_average": 2090839, 
        "date": "2015-04-30", 
        "operating_revenue": 2155695, 
        "short_term_average": 2155149
    }, 
    {
        "accumulated_operating_revenue_yoy": 13.621890369264584, 
        "accumulated_operating_revenue": 10607050, 
        "long_term_average": 2100261, 
        "date": "2015-05-31", 
        "operating_revenue": 2053186, 
        "short_term_average": 2170706
    }, 
    {
        "accumulated_operating_revenue_yoy": 10.71167539790175, 
        "accumulated_operating_revenue": 12542167, 
        "long_term_average": 2095414, 
        "date": "2015-06-30", 
        "operating_revenue": 1935117, 
        "short_term_average": 2047999
    }, 
    {
        "accumulated_operating_revenue_yoy": 7.292821332963939, 
        "accumulated_operating_revenue": 14375663, 
        "long_term_average": 2075717, 
        "date": "2015-07-31", 
        "operating_revenue": 1833496, 
        "short_term_average": 1940599
    }, 
    {
        "accumulated_operating_revenue_yoy": 3.9917108507210877, 
        "accumulated_operating_revenue": 16069811, 
        "long_term_average": 2045693, 
        "date": "2015-08-31", 
        "operating_revenue": 1694148, 
        "short_term_average": 1820920
    }, 
    {
        "accumulated_operating_revenue_yoy": 1.851582852217336, 
        "accumulated_operating_revenue": 17837724, 
        "long_term_average": 2021312, 
        "date": "2015-09-30", 
        "operating_revenue": 1767913, 
        "short_term_average": 1765185
    }
]