[
    {
        "date": "2012-01-31", 
        "operating_revenue": 24423, 
        "accumulated_operating_revenue": 24423, 
        "long_term_average": 24423, 
        "short_term_average": 24423
    }, 
    {
        "date": "2012-02-29", 
        "operating_revenue": 36208, 
        "accumulated_operating_revenue": 60631, 
        "long_term_average": 30315, 
        "short_term_average": 30315
    }, 
    {
        "date": "2012-03-31", 
        "operating_revenue": 24942, 
        "accumulated_operating_revenue": 85573, 
        "long_term_average": 28524, 
        "short_term_average": 28524
    }, 
    {
        "date": "2012-04-30", 
        "operating_revenue": 38685, 
        "accumulated_operating_revenue": 124258, 
        "long_term_average": 31064, 
        "short_term_average": 33278
    }, 
    {
        "date": "2012-05-31", 
        "operating_revenue": 33981, 
        "accumulated_operating_revenue": 158239, 
        "long_term_average": 31647, 
        "short_term_average": 32536
    }, 
    {
        "date": "2012-06-30", 
        "operating_revenue": 70290, 
        "accumulated_operating_revenue": 228529, 
        "long_term_average": 38088, 
        "short_term_average": 47652
    }, 
    {
        "date": "2012-07-31", 
        "operating_revenue": 56905, 
        "accumulated_operating_revenue": 285434, 
        "long_term_average": 40776, 
        "short_term_average": 53725
    }, 
    {
        "date": "2012-08-31", 
        "operating_revenue": 57069, 
        "accumulated_operating_revenue": 342503, 
        "long_term_average": 42812, 
        "short_term_average": 61421
    }, 
    {
        "date": "2012-09-30", 
        "operating_revenue": 58033, 
        "accumulated_operating_revenue": 400536, 
        "long_term_average": 44504, 
        "short_term_average": 57335
    }, 
    {
        "date": "2012-10-31", 
        "operating_revenue": 45091, 
        "accumulated_operating_revenue": 445627, 
        "long_term_average": 44562, 
        "short_term_average": 53397
    }, 
    {
        "date": "2012-11-30", 
        "operating_revenue": 35902, 
        "accumulated_operating_revenue": 481529, 
        "long_term_average": 43775, 
        "short_term_average": 46342
    }, 
    {
        "date": "2012-12-31", 
        "operating_revenue": 32943, 
        "accumulated_operating_revenue": 514472, 
        "long_term_average": 42872, 
        "short_term_average": 37978
    }, 
    {
        "accumulated_operating_revenue_yoy": -38.63980673954879, 
        "accumulated_operating_revenue": 14986, 
        "long_term_average": 42086, 
        "date": "2013-01-31", 
        "operating_revenue": 14986, 
        "short_term_average": 27943
    }, 
    {
        "accumulated_operating_revenue_yoy": -50.36532466889875, 
        "accumulated_operating_revenue": 30094, 
        "long_term_average": 40327, 
        "date": "2013-02-28", 
        "operating_revenue": 15108, 
        "short_term_average": 21012
    }, 
    {
        "accumulated_operating_revenue_yoy": -49.12764540217125, 
        "accumulated_operating_revenue": 43533, 
        "long_term_average": 39369, 
        "date": "2013-03-31", 
        "operating_revenue": 13439, 
        "short_term_average": 14511
    }, 
    {
        "accumulated_operating_revenue_yoy": -47.51806724717926, 
        "accumulated_operating_revenue": 65213, 
        "long_term_average": 37952, 
        "date": "2013-04-30", 
        "operating_revenue": 21680, 
        "short_term_average": 16742
    }, 
    {
        "accumulated_operating_revenue_yoy": -46.97324932538754, 
        "accumulated_operating_revenue": 83909, 
        "long_term_average": 36678, 
        "date": "2013-05-31", 
        "operating_revenue": 18696, 
        "short_term_average": 17938
    }, 
    {
        "accumulated_operating_revenue_yoy": -53.84393227992946, 
        "accumulated_operating_revenue": 105480, 
        "long_term_average": 32618, 
        "date": "2013-06-30", 
        "operating_revenue": 21571, 
        "short_term_average": 20649
    }, 
    {
        "accumulated_operating_revenue_yoy": -57.34460505756147, 
        "accumulated_operating_revenue": 121753, 
        "long_term_average": 29232, 
        "date": "2013-07-31", 
        "operating_revenue": 16273, 
        "short_term_average": 18846
    }, 
    {
        "accumulated_operating_revenue_yoy": -58.642406051917796, 
        "accumulated_operating_revenue": 141651, 
        "long_term_average": 26135, 
        "date": "2013-08-31", 
        "operating_revenue": 19898, 
        "short_term_average": 19247
    }, 
    {
        "accumulated_operating_revenue_yoy": -60.440759382427544, 
        "accumulated_operating_revenue": 158449, 
        "long_term_average": 22698, 
        "date": "2013-09-30", 
        "operating_revenue": 16798, 
        "short_term_average": 17656
    }, 
    {
        "accumulated_operating_revenue_yoy": -58.35283768712398, 
        "accumulated_operating_revenue": 185591, 
        "long_term_average": 21203, 
        "date": "2013-10-31", 
        "operating_revenue": 27142, 
        "short_term_average": 21279
    }, 
    {
        "accumulated_operating_revenue_yoy": -57.231444004410946, 
        "accumulated_operating_revenue": 205943, 
        "long_term_average": 19907, 
        "date": "2013-11-30", 
        "operating_revenue": 20352, 
        "short_term_average": 21430
    }, 
    {
        "accumulated_operating_revenue_yoy": -57.34928237105227, 
        "accumulated_operating_revenue": 219426, 
        "long_term_average": 18285, 
        "date": "2013-12-31", 
        "operating_revenue": 13483, 
        "short_term_average": 20325
    }, 
    {
        "accumulated_operating_revenue_yoy": 9.809155211530761, 
        "accumulated_operating_revenue": 16456, 
        "long_term_average": 18408, 
        "date": "2014-01-31", 
        "operating_revenue": 16456, 
        "short_term_average": 16763
    }, 
    {
        "accumulated_operating_revenue_yoy": -1.880773576128132, 
        "accumulated_operating_revenue": 29528, 
        "long_term_average": 18238, 
        "date": "2014-02-28", 
        "operating_revenue": 13072, 
        "short_term_average": 14337
    }, 
    {
        "accumulated_operating_revenue_yoy": 8.02609514621092, 
        "accumulated_operating_revenue": 47027, 
        "long_term_average": 18576, 
        "date": "2014-03-31", 
        "operating_revenue": 17499, 
        "short_term_average": 15675
    }, 
    {
        "accumulated_operating_revenue_yoy": -4.066673822704062, 
        "accumulated_operating_revenue": 62561, 
        "long_term_average": 18064, 
        "date": "2014-04-30", 
        "operating_revenue": 15534, 
        "short_term_average": 15368
    }, 
    {
        "accumulated_operating_revenue_yoy": 0.5196105304556127, 
        "accumulated_operating_revenue": 84345, 
        "long_term_average": 18321, 
        "date": "2014-05-31", 
        "operating_revenue": 21784, 
        "short_term_average": 18272
    }, 
    {
        "accumulated_operating_revenue_yoy": -5.715775502464923, 
        "accumulated_operating_revenue": 99451, 
        "long_term_average": 17783, 
        "date": "2014-06-30", 
        "operating_revenue": 15106, 
        "short_term_average": 17474
    }, 
    {
        "accumulated_operating_revenue_yoy": -9.674504940330014, 
        "accumulated_operating_revenue": 109974, 
        "long_term_average": 17303, 
        "date": "2014-07-31", 
        "operating_revenue": 10523, 
        "short_term_average": 15804
    }, 
    {
        "accumulated_operating_revenue_yoy": -12.230764343350911, 
        "accumulated_operating_revenue": 124326, 
        "long_term_average": 16841, 
        "date": "2014-08-31", 
        "operating_revenue": 14352, 
        "short_term_average": 13327
    }, 
    {
        "accumulated_operating_revenue_yoy": -5.74317288212611, 
        "accumulated_operating_revenue": 149349, 
        "long_term_average": 17527, 
        "date": "2014-09-30", 
        "operating_revenue": 25023, 
        "short_term_average": 16632
    }, 
    {
        "accumulated_operating_revenue_yoy": -8.932545220404005, 
        "accumulated_operating_revenue": 169013, 
        "long_term_average": 16904, 
        "date": "2014-10-31", 
        "operating_revenue": 19664, 
        "short_term_average": 19679
    }, 
    {
        "accumulated_operating_revenue_yoy": -9.532249214588502, 
        "accumulated_operating_revenue": 186312, 
        "long_term_average": 16649, 
        "date": "2014-11-30", 
        "operating_revenue": 17299, 
        "short_term_average": 20662
    }, 
    {
        "accumulated_operating_revenue_yoy": -3.9475723022795837, 
        "accumulated_operating_revenue": 210764, 
        "long_term_average": 17563, 
        "date": "2014-12-31", 
        "operating_revenue": 24452, 
        "short_term_average": 20471
    }, 
    {
        "accumulated_operating_revenue_yoy": 60.93825960136121, 
        "accumulated_operating_revenue": 26484, 
        "long_term_average": 18399, 
        "date": "2015-01-31", 
        "operating_revenue": 26484, 
        "short_term_average": 22745
    }, 
    {
        "accumulated_operating_revenue_yoy": 25.491059333513956, 
        "accumulated_operating_revenue": 37055, 
        "long_term_average": 18190, 
        "date": "2015-02-28", 
        "operating_revenue": 10571, 
        "short_term_average": 20502
    }, 
    {
        "accumulated_operating_revenue_yoy": 12.280179471367513, 
        "accumulated_operating_revenue": 52802, 
        "long_term_average": 18044, 
        "date": "2015-03-31", 
        "operating_revenue": 15747, 
        "short_term_average": 17600
    }, 
    {
        "accumulated_operating_revenue_yoy": 6.29465641533863, 
        "accumulated_operating_revenue": 66499, 
        "long_term_average": 17891, 
        "date": "2015-04-30", 
        "operating_revenue": 13697, 
        "short_term_average": 13338
    }, 
    {
        "accumulated_operating_revenue_yoy": -4.486335882387812, 
        "accumulated_operating_revenue": 80561, 
        "long_term_average": 17248, 
        "date": "2015-05-31", 
        "operating_revenue": 14062, 
        "short_term_average": 14502
    }, 
    {
        "accumulated_operating_revenue_yoy": -1.0216086313863109, 
        "accumulated_operating_revenue": 98435, 
        "long_term_average": 17479, 
        "date": "2015-06-30", 
        "operating_revenue": 17874, 
        "short_term_average": 15211
    }, 
    {
        "accumulated_operating_revenue_yoy": -2.3860185134668197, 
        "accumulated_operating_revenue": 107350, 
        "long_term_average": 17345, 
        "date": "2015-07-31", 
        "operating_revenue": 8915, 
        "short_term_average": 13617
    }, 
    {
        "accumulated_operating_revenue_yoy": 2.088058813120345, 
        "accumulated_operating_revenue": 126922, 
        "long_term_average": 17780, 
        "date": "2015-08-31", 
        "operating_revenue": 19572, 
        "short_term_average": 15453
    }
]