[
    {
        "date": "2012-01-31", 
        "operating_revenue": 577740, 
        "accumulated_operating_revenue": 577740, 
        "long_term_average": 577740, 
        "short_term_average": 577740
    }, 
    {
        "date": "2012-02-29", 
        "operating_revenue": 552445, 
        "accumulated_operating_revenue": 1130185, 
        "long_term_average": 565092, 
        "short_term_average": 565092
    }, 
    {
        "date": "2012-03-31", 
        "operating_revenue": 672089, 
        "accumulated_operating_revenue": 1802274, 
        "long_term_average": 600758, 
        "short_term_average": 600758
    }, 
    {
        "date": "2012-04-30", 
        "operating_revenue": 639291, 
        "accumulated_operating_revenue": 2441565, 
        "long_term_average": 610391, 
        "short_term_average": 621275
    }, 
    {
        "date": "2012-05-31", 
        "operating_revenue": 620696, 
        "accumulated_operating_revenue": 3062261, 
        "long_term_average": 612452, 
        "short_term_average": 644025
    }, 
    {
        "date": "2012-06-30", 
        "operating_revenue": 571497, 
        "accumulated_operating_revenue": 3633758, 
        "long_term_average": 605626, 
        "short_term_average": 610494
    }, 
    {
        "date": "2012-07-31", 
        "operating_revenue": 606097, 
        "accumulated_operating_revenue": 4239855, 
        "long_term_average": 605693, 
        "short_term_average": 599430
    }, 
    {
        "date": "2012-08-31", 
        "operating_revenue": 677060, 
        "accumulated_operating_revenue": 4916915, 
        "long_term_average": 614614, 
        "short_term_average": 618218
    }, 
    {
        "date": "2012-09-30", 
        "operating_revenue": 677249, 
        "accumulated_operating_revenue": 5594164, 
        "long_term_average": 621573, 
        "short_term_average": 653468
    }, 
    {
        "date": "2012-10-31", 
        "operating_revenue": 647491, 
        "accumulated_operating_revenue": 6241655, 
        "long_term_average": 624165, 
        "short_term_average": 667266
    }, 
    {
        "date": "2012-11-30", 
        "operating_revenue": 686767, 
        "accumulated_operating_revenue": 6928422, 
        "long_term_average": 629856, 
        "short_term_average": 670502
    }, 
    {
        "date": "2012-12-31", 
        "operating_revenue": 684242, 
        "accumulated_operating_revenue": 7612664, 
        "long_term_average": 634388, 
        "short_term_average": 672833
    }, 
    {
        "accumulated_operating_revenue_yoy": 21.51261813272406, 
        "accumulated_operating_revenue": 702027, 
        "long_term_average": 644745, 
        "date": "2013-01-31", 
        "operating_revenue": 702027, 
        "short_term_average": 691012
    }, 
    {
        "accumulated_operating_revenue_yoy": 14.878891508912256, 
        "accumulated_operating_revenue": 1298344, 
        "long_term_average": 648401, 
        "date": "2013-02-28", 
        "operating_revenue": 596317, 
        "short_term_average": 660862
    }, 
    {
        "accumulated_operating_revenue_yoy": 8.404105036193164, 
        "accumulated_operating_revenue": 1953739, 
        "long_term_average": 647010, 
        "date": "2013-03-31", 
        "operating_revenue": 655395, 
        "short_term_average": 651246
    }, 
    {
        "accumulated_operating_revenue_yoy": 5.75323614157313, 
        "accumulated_operating_revenue": 2582034, 
        "long_term_average": 646094, 
        "date": "2013-04-30", 
        "operating_revenue": 628295, 
        "short_term_average": 626669
    }, 
    {
        "accumulated_operating_revenue_yoy": 5.337363470977817, 
        "accumulated_operating_revenue": 3225705, 
        "long_term_average": 648009, 
        "date": "2013-05-31", 
        "operating_revenue": 643671, 
        "short_term_average": 642453
    }, 
    {
        "accumulated_operating_revenue_yoy": 5.911593452288237, 
        "accumulated_operating_revenue": 3848571, 
        "long_term_average": 652289, 
        "date": "2013-06-30", 
        "operating_revenue": 622866, 
        "short_term_average": 631610
    }, 
    {
        "accumulated_operating_revenue_yoy": 5.293482913920405, 
        "accumulated_operating_revenue": 4464291, 
        "long_term_average": 653091, 
        "date": "2013-07-31", 
        "operating_revenue": 615720, 
        "short_term_average": 627419
    }, 
    {
        "accumulated_operating_revenue_yoy": 3.9048061640276472, 
        "accumulated_operating_revenue": 5108911, 
        "long_term_average": 650388, 
        "date": "2013-08-31", 
        "operating_revenue": 644620, 
        "short_term_average": 627735
    }, 
    {
        "accumulated_operating_revenue_yoy": 3.1615805328553113, 
        "accumulated_operating_revenue": 5771028, 
        "long_term_average": 649127, 
        "date": "2013-09-30", 
        "operating_revenue": 662117, 
        "short_term_average": 640819
    }, 
    {
        "accumulated_operating_revenue_yoy": 3.3654375321929844, 
        "accumulated_operating_revenue": 6451714, 
        "long_term_average": 651893, 
        "date": "2013-10-31", 
        "operating_revenue": 680686, 
        "short_term_average": 662474
    }, 
    {
        "accumulated_operating_revenue_yoy": 2.530518493244205, 
        "accumulated_operating_revenue": 7103747, 
        "long_term_average": 648999, 
        "date": "2013-11-30", 
        "operating_revenue": 652033, 
        "short_term_average": 664945
    }, 
    {
        "accumulated_operating_revenue_yoy": 1.58657994100357, 
        "accumulated_operating_revenue": 7733445, 
        "long_term_average": 644453, 
        "date": "2013-12-31", 
        "operating_revenue": 629698, 
        "short_term_average": 654139
    }, 
    {
        "accumulated_operating_revenue_yoy": -8.235438238130442, 
        "accumulated_operating_revenue": 644212, 
        "long_term_average": 639635, 
        "date": "2014-01-31", 
        "operating_revenue": 644212, 
        "short_term_average": 641981
    }, 
    {
        "accumulated_operating_revenue_yoy": -3.307675007548077, 
        "accumulated_operating_revenue": 1255399, 
        "long_term_average": 640875, 
        "date": "2014-02-28", 
        "operating_revenue": 611187, 
        "short_term_average": 628365
    }, 
    {
        "accumulated_operating_revenue_yoy": -3.195616200526273, 
        "accumulated_operating_revenue": 1891305, 
        "long_term_average": 639250, 
        "date": "2014-03-31", 
        "operating_revenue": 635906, 
        "short_term_average": 630435
    }, 
    {
        "accumulated_operating_revenue_yoy": -2.1197629465762264, 
        "accumulated_operating_revenue": 2527301, 
        "long_term_average": 639892, 
        "date": "2014-04-30", 
        "operating_revenue": 635996, 
        "short_term_average": 627696
    }, 
    {
        "accumulated_operating_revenue_yoy": -1.2285686384836803, 
        "accumulated_operating_revenue": 3186075, 
        "long_term_average": 641151, 
        "date": "2014-05-31", 
        "operating_revenue": 658774, 
        "short_term_average": 643558
    }, 
    {
        "accumulated_operating_revenue_yoy": -0.4881811976445283, 
        "accumulated_operating_revenue": 3829783, 
        "long_term_average": 642888, 
        "date": "2014-06-30", 
        "operating_revenue": 643708, 
        "short_term_average": 646159
    }, 
    {
        "accumulated_operating_revenue_yoy": 0.21960933998254145, 
        "accumulated_operating_revenue": 4474095, 
        "long_term_average": 645270, 
        "date": "2014-07-31", 
        "operating_revenue": 644312, 
        "short_term_average": 648931
    }, 
    {
        "accumulated_operating_revenue_yoy": 0.6176071573765916, 
        "accumulated_operating_revenue": 5140464, 
        "long_term_average": 647083, 
        "date": "2014-08-31", 
        "operating_revenue": 666369, 
        "short_term_average": 651463
    }, 
    {
        "accumulated_operating_revenue_yoy": 1.719884221667266, 
        "accumulated_operating_revenue": 5870283, 
        "long_term_average": 652725, 
        "date": "2014-09-30", 
        "operating_revenue": 729819, 
        "short_term_average": 680166
    }, 
    {
        "accumulated_operating_revenue_yoy": 2.886566267506588, 
        "accumulated_operating_revenue": 6637947, 
        "long_term_average": 659973, 
        "date": "2014-10-31", 
        "operating_revenue": 767664, 
        "short_term_average": 721284
    }, 
    {
        "accumulated_operating_revenue_yoy": 4.25934369565808, 
        "accumulated_operating_revenue": 7406320, 
        "long_term_average": 669668, 
        "date": "2014-11-30", 
        "operating_revenue": 768373, 
        "short_term_average": 755285
    }, 
    {
        "accumulated_operating_revenue_yoy": 5.688460964033493, 
        "accumulated_operating_revenue": 8173359, 
        "long_term_average": 681113, 
        "date": "2014-12-31", 
        "operating_revenue": 767039, 
        "short_term_average": 767692
    }, 
    {
        "accumulated_operating_revenue_yoy": 28.3521573643459, 
        "accumulated_operating_revenue": 826860, 
        "long_term_average": 696333, 
        "date": "2015-01-31", 
        "operating_revenue": 826860, 
        "short_term_average": 787424
    }, 
    {
        "accumulated_operating_revenue_yoy": 20.049960211852966, 
        "accumulated_operating_revenue": 1507106, 
        "long_term_average": 702088, 
        "date": "2015-02-28", 
        "operating_revenue": 680246, 
        "short_term_average": 758048
    }, 
    {
        "accumulated_operating_revenue_yoy": 24.29951805763745, 
        "accumulated_operating_revenue": 2350883, 
        "long_term_average": 719411, 
        "date": "2015-03-31", 
        "operating_revenue": 843777, 
        "short_term_average": 783627
    }, 
    {
        "accumulated_operating_revenue_yoy": 23.23605300674514, 
        "accumulated_operating_revenue": 3114546, 
        "long_term_average": 730050, 
        "date": "2015-04-30", 
        "operating_revenue": 763663, 
        "short_term_average": 762562
    }, 
    {
        "accumulated_operating_revenue_yoy": 18.181900928258123, 
        "accumulated_operating_revenue": 3765364, 
        "long_term_average": 729387, 
        "date": "2015-05-31", 
        "operating_revenue": 650818, 
        "short_term_average": 752752
    }, 
    {
        "accumulated_operating_revenue_yoy": 11.500286047538463, 
        "accumulated_operating_revenue": 4270219, 
        "long_term_average": 717816, 
        "date": "2015-06-30", 
        "operating_revenue": 504855, 
        "short_term_average": 639778
    }, 
    {
        "accumulated_operating_revenue_yoy": 7.18467086639868, 
        "accumulated_operating_revenue": 4795544, 
        "long_term_average": 707900, 
        "date": "2015-07-31", 
        "operating_revenue": 525325, 
        "short_term_average": 560332
    }, 
    {
        "accumulated_operating_revenue_yoy": 3.53536178835218, 
        "accumulated_operating_revenue": 5322198, 
        "long_term_average": 696257, 
        "date": "2015-08-31", 
        "operating_revenue": 526654, 
        "short_term_average": 518944
    }
]