[
    {
        "date": "2012-01-31", 
        "operating_revenue": 419213, 
        "accumulated_operating_revenue": 419213, 
        "long_term_average": 419213, 
        "short_term_average": 419213
    }, 
    {
        "date": "2012-02-29", 
        "operating_revenue": 472892, 
        "accumulated_operating_revenue": 892105, 
        "long_term_average": 446052, 
        "short_term_average": 446052
    }, 
    {
        "date": "2012-03-31", 
        "operating_revenue": 527087, 
        "accumulated_operating_revenue": 1419192, 
        "long_term_average": 473064, 
        "short_term_average": 473064
    }, 
    {
        "date": "2012-04-30", 
        "operating_revenue": 555392, 
        "accumulated_operating_revenue": 1974584, 
        "long_term_average": 493646, 
        "short_term_average": 518457
    }, 
    {
        "date": "2012-05-31", 
        "operating_revenue": 525637, 
        "accumulated_operating_revenue": 2500221, 
        "long_term_average": 500044, 
        "short_term_average": 536038
    }, 
    {
        "date": "2012-06-30", 
        "operating_revenue": 551044, 
        "accumulated_operating_revenue": 3051265, 
        "long_term_average": 508544, 
        "short_term_average": 544024
    }, 
    {
        "date": "2012-07-31", 
        "operating_revenue": 568624, 
        "accumulated_operating_revenue": 3619889, 
        "long_term_average": 517127, 
        "short_term_average": 548435
    }, 
    {
        "date": "2012-08-31", 
        "operating_revenue": 549119, 
        "accumulated_operating_revenue": 4169008, 
        "long_term_average": 521126, 
        "short_term_average": 556262
    }, 
    {
        "date": "2012-09-30", 
        "operating_revenue": 537248, 
        "accumulated_operating_revenue": 4706256, 
        "long_term_average": 522917, 
        "short_term_average": 551663
    }, 
    {
        "date": "2012-10-31", 
        "operating_revenue": 559744, 
        "accumulated_operating_revenue": 5266000, 
        "long_term_average": 526600, 
        "short_term_average": 548703
    }, 
    {
        "date": "2012-11-30", 
        "operating_revenue": 544239, 
        "accumulated_operating_revenue": 5810239, 
        "long_term_average": 528203, 
        "short_term_average": 547077
    }, 
    {
        "date": "2012-12-31", 
        "operating_revenue": 507427, 
        "accumulated_operating_revenue": 6317666, 
        "long_term_average": 526472, 
        "short_term_average": 537136
    }, 
    {
        "accumulated_operating_revenue_yoy": 21.59689704279209, 
        "accumulated_operating_revenue": 509750, 
        "long_term_average": 534016, 
        "date": "2013-01-31", 
        "operating_revenue": 509750, 
        "short_term_average": 520472
    }, 
    {
        "accumulated_operating_revenue_yoy": 12.799053923024756, 
        "accumulated_operating_revenue": 1006286, 
        "long_term_average": 535987, 
        "date": "2013-02-28", 
        "operating_revenue": 496536, 
        "short_term_average": 504571
    }, 
    {
        "accumulated_operating_revenue_yoy": 7.136666497556356, 
        "accumulated_operating_revenue": 1520475, 
        "long_term_average": 534912, 
        "date": "2013-03-31", 
        "operating_revenue": 514189, 
        "short_term_average": 506825
    }, 
    {
        "accumulated_operating_revenue_yoy": 7.1015464523160325, 
        "accumulated_operating_revenue": 2114810, 
        "long_term_average": 538157, 
        "date": "2013-04-30", 
        "operating_revenue": 594335, 
        "short_term_average": 535020
    }, 
    {
        "accumulated_operating_revenue_yoy": 8.666593873101618, 
        "accumulated_operating_revenue": 2716905, 
        "long_term_average": 544529, 
        "date": "2013-05-31", 
        "operating_revenue": 602095, 
        "short_term_average": 570206
    }, 
    {
        "accumulated_operating_revenue_yoy": 8.241434290368094, 
        "accumulated_operating_revenue": 3302733, 
        "long_term_average": 547427, 
        "date": "2013-06-30", 
        "operating_revenue": 585828, 
        "short_term_average": 594086
    }, 
    {
        "accumulated_operating_revenue_yoy": 6.527879722278778, 
        "accumulated_operating_revenue": 3856191, 
        "long_term_average": 546164, 
        "date": "2013-07-31", 
        "operating_revenue": 553458, 
        "short_term_average": 580460
    }, 
    {
        "accumulated_operating_revenue_yoy": 5.122081799795059, 
        "accumulated_operating_revenue": 4382548, 
        "long_term_average": 544267, 
        "date": "2013-08-31", 
        "operating_revenue": 526357, 
        "short_term_average": 555214
    }, 
    {
        "accumulated_operating_revenue_yoy": 4.842979217450134, 
        "accumulated_operating_revenue": 4934179, 
        "long_term_average": 545465, 
        "date": "2013-09-30", 
        "operating_revenue": 551631, 
        "short_term_average": 543815
    }, 
    {
        "accumulated_operating_revenue_yoy": 4.495081655905811, 
        "accumulated_operating_revenue": 5502711, 
        "long_term_average": 546198, 
        "date": "2013-10-31", 
        "operating_revenue": 568532, 
        "short_term_average": 548840
    }, 
    {
        "accumulated_operating_revenue_yoy": 4.886012434256147, 
        "accumulated_operating_revenue": 6094128, 
        "long_term_average": 550129, 
        "date": "2013-11-30", 
        "operating_revenue": 591417, 
        "short_term_average": 570526
    }, 
    {
        "accumulated_operating_revenue_yoy": 6.016557380526289, 
        "accumulated_operating_revenue": 6697772, 
        "long_term_average": 558147, 
        "date": "2013-12-31", 
        "operating_revenue": 603644, 
        "short_term_average": 587864
    }, 
    {
        "accumulated_operating_revenue_yoy": 8.636586562040216, 
        "accumulated_operating_revenue": 553775, 
        "long_term_average": 561816, 
        "date": "2014-01-31", 
        "operating_revenue": 553775, 
        "short_term_average": 582945
    }, 
    {
        "accumulated_operating_revenue_yoy": 9.18734832840763, 
        "accumulated_operating_revenue": 1098737, 
        "long_term_average": 565851, 
        "date": "2014-02-28", 
        "operating_revenue": 544962, 
        "short_term_average": 567460
    }, 
    {
        "accumulated_operating_revenue_yoy": 9.546293099195974, 
        "accumulated_operating_revenue": 1665624, 
        "long_term_average": 570243, 
        "date": "2014-03-31", 
        "operating_revenue": 566887, 
        "short_term_average": 555208
    }, 
    {
        "accumulated_operating_revenue_yoy": 5.630056600829389, 
        "accumulated_operating_revenue": 2233875, 
        "long_term_average": 568069, 
        "date": "2014-04-30", 
        "operating_revenue": 568251, 
        "short_term_average": 560033
    }, 
    {
        "accumulated_operating_revenue_yoy": 4.2960280171739536, 
        "accumulated_operating_revenue": 2833624, 
        "long_term_average": 567874, 
        "date": "2014-05-31", 
        "operating_revenue": 599749, 
        "short_term_average": 578295
    }, 
    {
        "accumulated_operating_revenue_yoy": 4.9009714076190845, 
        "accumulated_operating_revenue": 3464599, 
        "long_term_average": 571636, 
        "date": "2014-06-30", 
        "operating_revenue": 630975, 
        "short_term_average": 599658
    }, 
    {
        "accumulated_operating_revenue_yoy": 7.66652896601854, 
        "accumulated_operating_revenue": 4151827, 
        "long_term_average": 582784, 
        "date": "2014-07-31", 
        "operating_revenue": 687228, 
        "short_term_average": 639317
    }, 
    {
        "accumulated_operating_revenue_yoy": 10.938750699364846, 
        "accumulated_operating_revenue": 4861944, 
        "long_term_average": 598097, 
        "date": "2014-08-31", 
        "operating_revenue": 710117, 
        "short_term_average": 676106
    }, 
    {
        "accumulated_operating_revenue_yoy": 13.025875226658782, 
        "accumulated_operating_revenue": 5576899, 
        "long_term_average": 611707, 
        "date": "2014-09-30", 
        "operating_revenue": 714955, 
        "short_term_average": 704100
    }, 
    {
        "accumulated_operating_revenue_yoy": 13.648726963854726, 
        "accumulated_operating_revenue": 6253761, 
        "long_term_average": 620735, 
        "date": "2014-10-31", 
        "operating_revenue": 676862, 
        "short_term_average": 700644
    }, 
    {
        "accumulated_operating_revenue_yoy": 13.35480646287705, 
        "accumulated_operating_revenue": 6907987, 
        "long_term_average": 625969, 
        "date": "2014-11-30", 
        "operating_revenue": 654226, 
        "short_term_average": 682014
    }, 
    {
        "accumulated_operating_revenue_yoy": 13.608704506513508, 
        "accumulated_operating_revenue": 7609252, 
        "long_term_average": 634104, 
        "date": "2014-12-31", 
        "operating_revenue": 701265, 
        "short_term_average": 677451
    }, 
    {
        "accumulated_operating_revenue_yoy": 19.111010789580607, 
        "accumulated_operating_revenue": 659607, 
        "long_term_average": 642923, 
        "date": "2015-01-31", 
        "operating_revenue": 659607, 
        "short_term_average": 671699
    }, 
    {
        "accumulated_operating_revenue_yoy": 15.500342666170338, 
        "accumulated_operating_revenue": 1269045, 
        "long_term_average": 648296, 
        "date": "2015-02-28", 
        "operating_revenue": 609438, 
        "short_term_average": 656770
    }, 
    {
        "accumulated_operating_revenue_yoy": 17.35998040374058, 
        "accumulated_operating_revenue": 1954776, 
        "long_term_average": 658200, 
        "date": "2015-03-31", 
        "operating_revenue": 685731, 
        "short_term_average": 651592
    }, 
    {
        "accumulated_operating_revenue_yoy": 19.009479044261653, 
        "accumulated_operating_revenue": 2658523, 
        "long_term_average": 669491, 
        "date": "2015-04-30", 
        "operating_revenue": 703747, 
        "short_term_average": 666305
    }, 
    {
        "accumulated_operating_revenue_yoy": 16.649244924520683, 
        "accumulated_operating_revenue": 3305401, 
        "long_term_average": 673419, 
        "date": "2015-05-31", 
        "operating_revenue": 646878, 
        "short_term_average": 678785
    }, 
    {
        "accumulated_operating_revenue_yoy": 14.068208182245623, 
        "accumulated_operating_revenue": 3952006, 
        "long_term_average": 674721, 
        "date": "2015-06-30", 
        "operating_revenue": 646605, 
        "short_term_average": 665743
    }, 
    {
        "accumulated_operating_revenue_yoy": 9.29720819292326, 
        "accumulated_operating_revenue": 4537831, 
        "long_term_average": 666271, 
        "date": "2015-07-31", 
        "operating_revenue": 585825, 
        "short_term_average": 626436
    }, 
    {
        "accumulated_operating_revenue_yoy": 4.818772079645508, 
        "accumulated_operating_revenue": 5096230, 
        "long_term_average": 653628, 
        "date": "2015-08-31", 
        "operating_revenue": 558399, 
        "short_term_average": 596943
    }, 
    {
        "accumulated_operating_revenue_yoy": 1.876652239891739, 
        "accumulated_operating_revenue": 5681558, 
        "long_term_average": 642825, 
        "date": "2015-09-30", 
        "operating_revenue": 585328, 
        "short_term_average": 576517
    }, 
    {
        "accumulated_operating_revenue_yoy": 0.057917147777153614, 
        "accumulated_operating_revenue": 6257383, 
        "long_term_average": 634406, 
        "date": "2015-10-31", 
        "operating_revenue": 575825, 
        "short_term_average": 573184
    }
]