[
    {
        "date": "2011-09-30", 
        "operating_revenue": 117541, 
        "accumulated_operating_revenue": 117541, 
        "long_term_average": 117541, 
        "short_term_average": 117541
    }, 
    {
        "date": "2011-10-31", 
        "operating_revenue": 82240, 
        "accumulated_operating_revenue": 199781, 
        "long_term_average": 99890, 
        "short_term_average": 99890
    }, 
    {
        "date": "2011-11-30", 
        "operating_revenue": 83449, 
        "accumulated_operating_revenue": 283230, 
        "long_term_average": 94410, 
        "short_term_average": 94410
    }, 
    {
        "date": "2011-12-31", 
        "operating_revenue": 93568, 
        "accumulated_operating_revenue": 376798, 
        "long_term_average": 94199, 
        "short_term_average": 86419
    }, 
    {
        "date": "2012-01-31", 
        "operating_revenue": 75150, 
        "accumulated_operating_revenue": 75150, 
        "long_term_average": 90389, 
        "short_term_average": 84055
    }, 
    {
        "date": "2012-02-29", 
        "operating_revenue": 95372, 
        "accumulated_operating_revenue": 170522, 
        "long_term_average": 91220, 
        "short_term_average": 88030
    }, 
    {
        "date": "2012-03-31", 
        "operating_revenue": 98524, 
        "accumulated_operating_revenue": 269046, 
        "long_term_average": 92263, 
        "short_term_average": 89682
    }, 
    {
        "date": "2012-04-30", 
        "operating_revenue": 90993, 
        "accumulated_operating_revenue": 360039, 
        "long_term_average": 92104, 
        "short_term_average": 94963
    }, 
    {
        "date": "2012-05-31", 
        "operating_revenue": 94945, 
        "accumulated_operating_revenue": 454984, 
        "long_term_average": 92420, 
        "short_term_average": 94820
    }, 
    {
        "date": "2012-06-30", 
        "operating_revenue": 112013, 
        "accumulated_operating_revenue": 566997, 
        "long_term_average": 94379, 
        "short_term_average": 99317
    }, 
    {
        "date": "2012-07-31", 
        "operating_revenue": 95265, 
        "accumulated_operating_revenue": 662262, 
        "long_term_average": 94460, 
        "short_term_average": 100741
    }, 
    {
        "date": "2012-08-31", 
        "operating_revenue": 108711, 
        "accumulated_operating_revenue": 770973, 
        "long_term_average": 95647, 
        "short_term_average": 105329
    }, 
    {
        "accumulated_operating_revenue_yoy": 640.2446805795424, 
        "accumulated_operating_revenue": 870091, 
        "long_term_average": 94112, 
        "date": "2012-09-30", 
        "operating_revenue": 99118, 
        "short_term_average": 101031
    }, 
    {
        "accumulated_operating_revenue_yoy": 377.0909145514338, 
        "accumulated_operating_revenue": 953137, 
        "long_term_average": 94179, 
        "date": "2012-10-31", 
        "operating_revenue": 83046, 
        "short_term_average": 96958
    }, 
    {
        "accumulated_operating_revenue_yoy": 268.37164142216574, 
        "accumulated_operating_revenue": 1043339, 
        "long_term_average": 94742, 
        "date": "2012-11-30", 
        "operating_revenue": 90202, 
        "short_term_average": 90788
    }, 
    {
        "accumulated_operating_revenue_yoy": 200.88615120037792, 
        "accumulated_operating_revenue": 1133733, 
        "long_term_average": 94477, 
        "date": "2012-12-31", 
        "operating_revenue": 90394, 
        "short_term_average": 87880
    }, 
    {
        "accumulated_operating_revenue_yoy": 16.617431803060544, 
        "accumulated_operating_revenue": 87638, 
        "long_term_average": 95518, 
        "date": "2013-01-31", 
        "operating_revenue": 87638, 
        "short_term_average": 89411
    }, 
    {
        "accumulated_operating_revenue_yoy": -1.0374027984658871, 
        "accumulated_operating_revenue": 168753, 
        "long_term_average": 94330, 
        "date": "2013-02-28", 
        "operating_revenue": 81115, 
        "short_term_average": 86382
    }, 
    {
        "accumulated_operating_revenue_yoy": 6.785828445693301, 
        "accumulated_operating_revenue": 287303, 
        "long_term_average": 95999, 
        "date": "2013-03-31", 
        "operating_revenue": 118550, 
        "short_term_average": 95767
    }, 
    {
        "accumulated_operating_revenue_yoy": 8.264660217365341, 
        "accumulated_operating_revenue": 389795, 
        "long_term_average": 96957, 
        "date": "2013-04-30", 
        "operating_revenue": 102492, 
        "short_term_average": 100719
    }, 
    {
        "accumulated_operating_revenue_yoy": 16.32079369823994, 
        "accumulated_operating_revenue": 529241, 
        "long_term_average": 100665, 
        "date": "2013-05-31", 
        "operating_revenue": 139446, 
        "short_term_average": 120162
    }, 
    {
        "accumulated_operating_revenue_yoy": 14.81700961380748, 
        "accumulated_operating_revenue": 651009, 
        "long_term_average": 101478, 
        "date": "2013-06-30", 
        "operating_revenue": 121768, 
        "short_term_average": 121235
    }, 
    {
        "accumulated_operating_revenue_yoy": 15.225545176984333, 
        "accumulated_operating_revenue": 763095, 
        "long_term_average": 102880, 
        "date": "2013-07-31", 
        "operating_revenue": 112086, 
        "short_term_average": 124433
    }, 
    {
        "accumulated_operating_revenue_yoy": 11.41946605134032, 
        "accumulated_operating_revenue": 859014, 
        "long_term_average": 101814, 
        "date": "2013-08-31", 
        "operating_revenue": 95919, 
        "short_term_average": 109924
    }, 
    {
        "accumulated_operating_revenue_yoy": 12.934049427013955, 
        "accumulated_operating_revenue": 982629, 
        "long_term_average": 103855, 
        "date": "2013-09-30", 
        "operating_revenue": 123615, 
        "short_term_average": 110540
    }, 
    {
        "accumulated_operating_revenue_yoy": 12.942000992512096, 
        "accumulated_operating_revenue": 1076492, 
        "long_term_average": 104757, 
        "date": "2013-10-31", 
        "operating_revenue": 93863, 
        "short_term_average": 104465
    }, 
    {
        "accumulated_operating_revenue_yoy": 12.093672334687, 
        "accumulated_operating_revenue": 1169517, 
        "long_term_average": 104992, 
        "date": "2013-11-30", 
        "operating_revenue": 93025, 
        "short_term_average": 103501
    }, 
    {
        "accumulated_operating_revenue_yoy": 11.307600643184948, 
        "accumulated_operating_revenue": 1261931, 
        "long_term_average": 105160, 
        "date": "2013-12-31", 
        "operating_revenue": 92414, 
        "short_term_average": 93100
    }, 
    {
        "accumulated_operating_revenue_yoy": 9.895250918551312, 
        "accumulated_operating_revenue": 96310, 
        "long_term_average": 105883, 
        "date": "2014-01-31", 
        "operating_revenue": 96310, 
        "short_term_average": 93916
    }, 
    {
        "accumulated_operating_revenue_yoy": 6.85321149846225, 
        "accumulated_operating_revenue": 180318, 
        "long_term_average": 106124, 
        "date": "2014-02-28", 
        "operating_revenue": 84008, 
        "short_term_average": 90910
    }, 
    {
        "accumulated_operating_revenue_yoy": 10.026000424638797, 
        "accumulated_operating_revenue": 316108, 
        "long_term_average": 107561, 
        "date": "2014-03-31", 
        "operating_revenue": 135790, 
        "short_term_average": 105369
    }, 
    {
        "accumulated_operating_revenue_yoy": 7.030875203632679, 
        "accumulated_operating_revenue": 417201, 
        "long_term_average": 107444, 
        "date": "2014-04-30", 
        "operating_revenue": 101093, 
        "short_term_average": 106963
    }, 
    {
        "accumulated_operating_revenue_yoy": -4.307489404637963, 
        "accumulated_operating_revenue": 506444, 
        "long_term_average": 103261, 
        "date": "2014-05-31", 
        "operating_revenue": 89243, 
        "short_term_average": 108708
    }, 
    {
        "accumulated_operating_revenue_yoy": -7.193448938493938, 
        "accumulated_operating_revenue": 604179, 
        "long_term_average": 101258, 
        "date": "2014-06-30", 
        "operating_revenue": 97735, 
        "short_term_average": 96023
    }, 
    {
        "accumulated_operating_revenue_yoy": -8.591459778926607, 
        "accumulated_operating_revenue": 697534, 
        "long_term_average": 99697, 
        "date": "2014-07-31", 
        "operating_revenue": 93355, 
        "short_term_average": 93444
    }, 
    {
        "accumulated_operating_revenue_yoy": -4.064893005236236, 
        "accumulated_operating_revenue": 824096, 
        "long_term_average": 102251, 
        "date": "2014-08-31", 
        "operating_revenue": 126562, 
        "short_term_average": 105884
    }, 
    {
        "accumulated_operating_revenue_yoy": -6.783740353683843, 
        "accumulated_operating_revenue": 915970, 
        "long_term_average": 99606, 
        "date": "2014-09-30", 
        "operating_revenue": 91874, 
        "short_term_average": 103930
    }, 
    {
        "accumulated_operating_revenue_yoy": -4.818150065211817, 
        "accumulated_operating_revenue": 1024625, 
        "long_term_average": 100838, 
        "date": "2014-10-31", 
        "operating_revenue": 108655, 
        "short_term_average": 109030
    }, 
    {
        "accumulated_operating_revenue_yoy": -3.678356107692321, 
        "accumulated_operating_revenue": 1126498, 
        "long_term_average": 101576, 
        "date": "2014-11-30", 
        "operating_revenue": 101873, 
        "short_term_average": 100800
    }, 
    {
        "accumulated_operating_revenue_yoy": -2.913313009982321, 
        "accumulated_operating_revenue": 1225167, 
        "long_term_average": 102097, 
        "date": "2014-12-31", 
        "operating_revenue": 98669, 
        "short_term_average": 103065
    }, 
    {
        "accumulated_operating_revenue_yoy": -2.928044855155228, 
        "accumulated_operating_revenue": 93490, 
        "long_term_average": 101862, 
        "date": "2015-01-31", 
        "operating_revenue": 93490, 
        "short_term_average": 98010
    }, 
    {
        "accumulated_operating_revenue_yoy": -11.088188644505816, 
        "accumulated_operating_revenue": 160324, 
        "long_term_average": 100431, 
        "date": "2015-02-28", 
        "operating_revenue": 66834, 
        "short_term_average": 86331
    }, 
    {
        "accumulated_operating_revenue_yoy": -13.481152011337896, 
        "accumulated_operating_revenue": 273493, 
        "long_term_average": 98546, 
        "date": "2015-03-31", 
        "operating_revenue": 113169, 
        "short_term_average": 91164
    }, 
    {
        "accumulated_operating_revenue_yoy": -10.898583656319136, 
        "accumulated_operating_revenue": 371732, 
        "long_term_average": 98308, 
        "date": "2015-04-30", 
        "operating_revenue": 98239, 
        "short_term_average": 92747
    }, 
    {
        "accumulated_operating_revenue_yoy": -10.532260230153778, 
        "accumulated_operating_revenue": 453104, 
        "long_term_average": 97652, 
        "date": "2015-05-31", 
        "operating_revenue": 81372, 
        "short_term_average": 97593
    }, 
    {
        "accumulated_operating_revenue_yoy": -8.739628487583978, 
        "accumulated_operating_revenue": 551376, 
        "long_term_average": 97697, 
        "date": "2015-06-30", 
        "operating_revenue": 98272, 
        "short_term_average": 92627
    }, 
    {
        "accumulated_operating_revenue_yoy": -6.490436308481021, 
        "accumulated_operating_revenue": 652261, 
        "long_term_average": 98324, 
        "date": "2015-07-31", 
        "operating_revenue": 100885, 
        "short_term_average": 93509
    }, 
    {
        "accumulated_operating_revenue_yoy": -9.749349590338989, 
        "accumulated_operating_revenue": 743752, 
        "long_term_average": 95401, 
        "date": "2015-08-31", 
        "operating_revenue": 91491, 
        "short_term_average": 96882
    }, 
    {
        "accumulated_operating_revenue_yoy": -10.563118879439283, 
        "accumulated_operating_revenue": 819215, 
        "long_term_average": 94034, 
        "date": "2015-09-30", 
        "operating_revenue": 75463, 
        "short_term_average": 89279
    }
]