[
    {
        "date": "2012-01-31", 
        "operating_revenue": 84507, 
        "accumulated_operating_revenue": 84507, 
        "long_term_average": 84507, 
        "short_term_average": 84507
    }, 
    {
        "date": "2012-02-29", 
        "operating_revenue": 90525, 
        "accumulated_operating_revenue": 175032, 
        "long_term_average": 87516, 
        "short_term_average": 87516
    }, 
    {
        "date": "2012-03-31", 
        "operating_revenue": 99701, 
        "accumulated_operating_revenue": 274733, 
        "long_term_average": 91577, 
        "short_term_average": 91577
    }, 
    {
        "date": "2012-04-30", 
        "operating_revenue": 93083, 
        "accumulated_operating_revenue": 367816, 
        "long_term_average": 91954, 
        "short_term_average": 94436
    }, 
    {
        "date": "2012-05-31", 
        "operating_revenue": 88735, 
        "accumulated_operating_revenue": 456551, 
        "long_term_average": 91310, 
        "short_term_average": 93839
    }, 
    {
        "date": "2012-06-30", 
        "operating_revenue": 109497, 
        "accumulated_operating_revenue": 566048, 
        "long_term_average": 94341, 
        "short_term_average": 97105
    }, 
    {
        "date": "2012-07-31", 
        "operating_revenue": 105539, 
        "accumulated_operating_revenue": 671587, 
        "long_term_average": 95941, 
        "short_term_average": 101257
    }, 
    {
        "date": "2012-08-31", 
        "operating_revenue": 114521, 
        "accumulated_operating_revenue": 786108, 
        "long_term_average": 98263, 
        "short_term_average": 109852
    }, 
    {
        "date": "2012-09-30", 
        "operating_revenue": 129695, 
        "accumulated_operating_revenue": 915803, 
        "long_term_average": 101755, 
        "short_term_average": 116585
    }, 
    {
        "date": "2012-10-31", 
        "operating_revenue": 129590, 
        "accumulated_operating_revenue": 1045393, 
        "long_term_average": 104539, 
        "short_term_average": 124602
    }, 
    {
        "date": "2012-11-30", 
        "operating_revenue": 151280, 
        "accumulated_operating_revenue": 1196673, 
        "long_term_average": 108788, 
        "short_term_average": 136855
    }, 
    {
        "date": "2012-12-31", 
        "operating_revenue": 166415, 
        "accumulated_operating_revenue": 1363088, 
        "long_term_average": 113590, 
        "short_term_average": 149095
    }, 
    {
        "accumulated_operating_revenue_yoy": 82.76000804667069, 
        "accumulated_operating_revenue": 154445, 
        "long_term_average": 119418, 
        "date": "2013-01-31", 
        "operating_revenue": 154445, 
        "short_term_average": 157380
    }, 
    {
        "accumulated_operating_revenue_yoy": 51.995635083870376, 
        "accumulated_operating_revenue": 266041, 
        "long_term_average": 121174, 
        "date": "2013-02-28", 
        "operating_revenue": 111596, 
        "short_term_average": 144152
    }, 
    {
        "accumulated_operating_revenue_yoy": 50.06642813204093, 
        "accumulated_operating_revenue": 412282, 
        "long_term_average": 125053, 
        "date": "2013-03-31", 
        "operating_revenue": 146241, 
        "short_term_average": 137427
    }, 
    {
        "accumulated_operating_revenue_yoy": 44.912129978032496, 
        "accumulated_operating_revenue": 533010, 
        "long_term_average": 127356, 
        "date": "2013-04-30", 
        "operating_revenue": 120728, 
        "short_term_average": 126188
    }, 
    {
        "accumulated_operating_revenue_yoy": 43.96157274871811, 
        "accumulated_operating_revenue": 657258, 
        "long_term_average": 130316, 
        "date": "2013-05-31", 
        "operating_revenue": 124248, 
        "short_term_average": 130405
    }, 
    {
        "accumulated_operating_revenue_yoy": 39.42757504663915, 
        "accumulated_operating_revenue": 789227, 
        "long_term_average": 132188, 
        "date": "2013-06-30", 
        "operating_revenue": 131969, 
        "short_term_average": 125648
    }, 
    {
        "accumulated_operating_revenue_yoy": 38.35422663035467, 
        "accumulated_operating_revenue": 929169, 
        "long_term_average": 135055, 
        "date": "2013-07-31", 
        "operating_revenue": 139942, 
        "short_term_average": 132053
    }, 
    {
        "accumulated_operating_revenue_yoy": 37.614551690098565, 
        "accumulated_operating_revenue": 1081799, 
        "long_term_average": 138231, 
        "date": "2013-08-31", 
        "operating_revenue": 152630, 
        "short_term_average": 141513
    }, 
    {
        "accumulated_operating_revenue_yoy": 32.37486664708458, 
        "accumulated_operating_revenue": 1212293, 
        "long_term_average": 138298, 
        "date": "2013-09-30", 
        "operating_revenue": 130494, 
        "short_term_average": 141022
    }, 
    {
        "accumulated_operating_revenue_yoy": 29.391434608802626, 
        "accumulated_operating_revenue": 1352649, 
        "long_term_average": 139195, 
        "date": "2013-10-31", 
        "operating_revenue": 140356, 
        "short_term_average": 141160
    }, 
    {
        "accumulated_operating_revenue_yoy": 24.46875629349037, 
        "accumulated_operating_revenue": 1489484, 
        "long_term_average": 137991, 
        "date": "2013-11-30", 
        "operating_revenue": 136835, 
        "short_term_average": 135895
    }, 
    {
        "accumulated_operating_revenue_yoy": 19.81632880635733, 
        "accumulated_operating_revenue": 1633202, 
        "long_term_average": 136100, 
        "date": "2013-12-31", 
        "operating_revenue": 143718, 
        "short_term_average": 140303
    }, 
    {
        "accumulated_operating_revenue_yoy": -10.070251545857749, 
        "accumulated_operating_revenue": 138892, 
        "long_term_average": 134804, 
        "date": "2014-01-31", 
        "operating_revenue": 138892, 
        "short_term_average": 139815
    }, 
    {
        "accumulated_operating_revenue_yoy": -9.708278047368639, 
        "accumulated_operating_revenue": 240213, 
        "long_term_average": 133947, 
        "date": "2014-02-28", 
        "operating_revenue": 101321, 
        "short_term_average": 127977
    }, 
    {
        "accumulated_operating_revenue_yoy": -6.9978800917818385, 
        "accumulated_operating_revenue": 383431, 
        "long_term_average": 133695, 
        "date": "2014-03-31", 
        "operating_revenue": 143218, 
        "short_term_average": 127810
    }, 
    {
        "accumulated_operating_revenue_yoy": -4.611170522129041, 
        "accumulated_operating_revenue": 508432, 
        "long_term_average": 134052, 
        "date": "2014-04-30", 
        "operating_revenue": 125001, 
        "short_term_average": 123180
    }, 
    {
        "accumulated_operating_revenue_yoy": -0.7738209348535887, 
        "accumulated_operating_revenue": 652172, 
        "long_term_average": 135676, 
        "date": "2014-05-31", 
        "operating_revenue": 143740, 
        "short_term_average": 137319
    }, 
    {
        "accumulated_operating_revenue_yoy": -2.8207347189085015, 
        "accumulated_operating_revenue": 766965, 
        "long_term_average": 134245, 
        "date": "2014-06-30", 
        "operating_revenue": 114793, 
        "short_term_average": 127844
    }, 
    {
        "accumulated_operating_revenue_yoy": -2.4991148004292008, 
        "accumulated_operating_revenue": 905948, 
        "long_term_average": 134165, 
        "date": "2014-07-31", 
        "operating_revenue": 138983, 
        "short_term_average": 132505
    }, 
    {
        "accumulated_operating_revenue_yoy": -2.8583868167746505, 
        "accumulated_operating_revenue": 1050877, 
        "long_term_average": 133523, 
        "date": "2014-08-31", 
        "operating_revenue": 144929, 
        "short_term_average": 132901
    }, 
    {
        "accumulated_operating_revenue_yoy": 0.4013056249603025, 
        "accumulated_operating_revenue": 1217158, 
        "long_term_average": 136505, 
        "date": "2014-09-30", 
        "operating_revenue": 166281, 
        "short_term_average": 150064
    }, 
    {
        "accumulated_operating_revenue_yoy": -0.3813258280603468, 
        "accumulated_operating_revenue": 1347491, 
        "long_term_average": 135670, 
        "date": "2014-10-31", 
        "operating_revenue": 130333, 
        "short_term_average": 147181
    }, 
    {
        "accumulated_operating_revenue_yoy": 0.7694611019655129, 
        "accumulated_operating_revenue": 1500945, 
        "long_term_average": 137055, 
        "date": "2014-11-30", 
        "operating_revenue": 153454, 
        "short_term_average": 150022
    }, 
    {
        "accumulated_operating_revenue_yoy": 1.533613110931777, 
        "accumulated_operating_revenue": 1658249, 
        "long_term_average": 138187, 
        "date": "2014-12-31", 
        "operating_revenue": 157304, 
        "short_term_average": 147030
    }, 
    {
        "accumulated_operating_revenue_yoy": 14.098724188578176, 
        "accumulated_operating_revenue": 158474, 
        "long_term_average": 139819, 
        "date": "2015-01-31", 
        "operating_revenue": 158474, 
        "short_term_average": 156410
    }, 
    {
        "accumulated_operating_revenue_yoy": 6.36684942113874, 
        "accumulated_operating_revenue": 255507, 
        "long_term_average": 139461, 
        "date": "2015-02-28", 
        "operating_revenue": 97033, 
        "short_term_average": 137603
    }, 
    {
        "accumulated_operating_revenue_yoy": 0.4691848076968216, 
        "accumulated_operating_revenue": 385230, 
        "long_term_average": 138337, 
        "date": "2015-03-31", 
        "operating_revenue": 129723, 
        "short_term_average": 128410
    }, 
    {
        "accumulated_operating_revenue_yoy": 7.396072631148315, 
        "accumulated_operating_revenue": 546036, 
        "long_term_average": 141321, 
        "date": "2015-04-30", 
        "operating_revenue": 160806, 
        "short_term_average": 129187
    }, 
    {
        "accumulated_operating_revenue_yoy": 4.159332200707789, 
        "accumulated_operating_revenue": 679298, 
        "long_term_average": 140447, 
        "date": "2015-05-31", 
        "operating_revenue": 133262, 
        "short_term_average": 141263
    }, 
    {
        "accumulated_operating_revenue_yoy": 3.0393825011571582, 
        "accumulated_operating_revenue": 790276, 
        "long_term_average": 140130, 
        "date": "2015-06-30", 
        "operating_revenue": 110978, 
        "short_term_average": 135015
    }, 
    {
        "accumulated_operating_revenue_yoy": -1.4570372692472415, 
        "accumulated_operating_revenue": 892748, 
        "long_term_average": 137087, 
        "date": "2015-07-31", 
        "operating_revenue": 102472, 
        "short_term_average": 115570
    }, 
    {
        "accumulated_operating_revenue_yoy": -6.05380077782652, 
        "accumulated_operating_revenue": 987259, 
        "long_term_average": 132885, 
        "date": "2015-08-31", 
        "operating_revenue": 94511, 
        "short_term_average": 102653
    }
]