[
    {
        "date": "2012-01-31", 
        "operating_revenue": 624515, 
        "accumulated_operating_revenue": 624515, 
        "long_term_average": 624515, 
        "short_term_average": 624515
    }, 
    {
        "date": "2012-02-29", 
        "operating_revenue": 705296, 
        "accumulated_operating_revenue": 1329811, 
        "long_term_average": 664905, 
        "short_term_average": 664905
    }, 
    {
        "date": "2012-03-31", 
        "operating_revenue": 709841, 
        "accumulated_operating_revenue": 2039652, 
        "long_term_average": 679884, 
        "short_term_average": 679884
    }, 
    {
        "date": "2012-04-30", 
        "operating_revenue": 665995, 
        "accumulated_operating_revenue": 2705647, 
        "long_term_average": 676411, 
        "short_term_average": 693710
    }, 
    {
        "date": "2012-05-31", 
        "operating_revenue": 703719, 
        "accumulated_operating_revenue": 3409366, 
        "long_term_average": 681873, 
        "short_term_average": 693185
    }, 
    {
        "date": "2012-06-30", 
        "operating_revenue": 743577, 
        "accumulated_operating_revenue": 4152943, 
        "long_term_average": 692157, 
        "short_term_average": 704430
    }, 
    {
        "date": "2012-07-31", 
        "operating_revenue": 616739, 
        "accumulated_operating_revenue": 4769682, 
        "long_term_average": 681383, 
        "short_term_average": 688011
    }, 
    {
        "date": "2012-08-31", 
        "operating_revenue": 686608, 
        "accumulated_operating_revenue": 5456290, 
        "long_term_average": 682036, 
        "short_term_average": 682308
    }, 
    {
        "date": "2012-09-30", 
        "operating_revenue": 762929, 
        "accumulated_operating_revenue": 6219219, 
        "long_term_average": 691024, 
        "short_term_average": 688758
    }, 
    {
        "date": "2012-10-31", 
        "operating_revenue": 654462, 
        "accumulated_operating_revenue": 6873681, 
        "long_term_average": 687368, 
        "short_term_average": 701333
    }, 
    {
        "date": "2012-11-30", 
        "operating_revenue": 763682, 
        "accumulated_operating_revenue": 7637363, 
        "long_term_average": 694305, 
        "short_term_average": 727024
    }, 
    {
        "date": "2012-12-31", 
        "operating_revenue": 750281, 
        "accumulated_operating_revenue": 8387644, 
        "long_term_average": 698970, 
        "short_term_average": 722808
    }, 
    {
        "accumulated_operating_revenue_yoy": -5.9800004803727695, 
        "accumulated_operating_revenue": 587169, 
        "long_term_average": 695858, 
        "date": "2013-01-31", 
        "operating_revenue": 587169, 
        "short_term_average": 700377
    }, 
    {
        "accumulated_operating_revenue_yoy": -15.116809832374676, 
        "accumulated_operating_revenue": 1128786, 
        "long_term_average": 682218, 
        "date": "2013-02-28", 
        "operating_revenue": 541617, 
        "short_term_average": 626355
    }, 
    {
        "accumulated_operating_revenue_yoy": -2.672857918899891, 
        "accumulated_operating_revenue": 1985135, 
        "long_term_average": 694427, 
        "date": "2013-03-31", 
        "operating_revenue": 856349, 
        "short_term_average": 661711
    }, 
    {
        "accumulated_operating_revenue_yoy": 0.584000795373528, 
        "accumulated_operating_revenue": 2721448, 
        "long_term_average": 700287, 
        "date": "2013-04-30", 
        "operating_revenue": 736313, 
        "short_term_average": 711426
    }, 
    {
        "accumulated_operating_revenue_yoy": 2.745994416557213, 
        "accumulated_operating_revenue": 3502987, 
        "long_term_average": 706772, 
        "date": "2013-05-31", 
        "operating_revenue": 781539, 
        "short_term_average": 791400
    }, 
    {
        "accumulated_operating_revenue_yoy": 3.627355347761816, 
        "accumulated_operating_revenue": 4303585, 
        "long_term_average": 711523, 
        "date": "2013-06-30", 
        "operating_revenue": 800598, 
        "short_term_average": 772816
    }, 
    {
        "accumulated_operating_revenue_yoy": 4.803527782355302, 
        "accumulated_operating_revenue": 4998795, 
        "long_term_average": 718063, 
        "date": "2013-07-31", 
        "operating_revenue": 695210, 
        "short_term_average": 759115
    }, 
    {
        "accumulated_operating_revenue_yoy": 4.427807173005833, 
        "accumulated_operating_revenue": 5697884, 
        "long_term_average": 719103, 
        "date": "2013-08-31", 
        "operating_revenue": 699089, 
        "short_term_average": 731632
    }, 
    {
        "accumulated_operating_revenue_yoy": 3.3988029686685737, 
        "accumulated_operating_revenue": 6430598, 
        "long_term_average": 716585, 
        "date": "2013-09-30", 
        "operating_revenue": 732714, 
        "short_term_average": 709004
    }, 
    {
        "accumulated_operating_revenue_yoy": 2.599815149990231, 
        "accumulated_operating_revenue": 7052384, 
        "long_term_average": 713862, 
        "date": "2013-10-31", 
        "operating_revenue": 621786, 
        "short_term_average": 684529
    }, 
    {
        "accumulated_operating_revenue_yoy": 1.447109427691207, 
        "accumulated_operating_revenue": 7747884, 
        "long_term_average": 708180, 
        "date": "2013-11-30", 
        "operating_revenue": 695500, 
        "short_term_average": 683333
    }, 
    {
        "accumulated_operating_revenue_yoy": 1.3130385600533356, 
        "accumulated_operating_revenue": 8497777, 
        "long_term_average": 708148, 
        "date": "2013-12-31", 
        "operating_revenue": 749893, 
        "short_term_average": 689059
    }, 
    {
        "accumulated_operating_revenue_yoy": 6.666394172716885, 
        "accumulated_operating_revenue": 626312, 
        "long_term_average": 711410, 
        "date": "2014-01-31", 
        "operating_revenue": 626312, 
        "short_term_average": 690568
    }, 
    {
        "accumulated_operating_revenue_yoy": 19.817130970795173, 
        "accumulated_operating_revenue": 1352479, 
        "long_term_average": 726789, 
        "date": "2014-02-28", 
        "operating_revenue": 726167, 
        "short_term_average": 700790
    }, 
    {
        "accumulated_operating_revenue_yoy": 8.9847793726875, 
        "accumulated_operating_revenue": 2163495, 
        "long_term_average": 723011, 
        "date": "2014-03-31", 
        "operating_revenue": 811016, 
        "short_term_average": 721165
    }, 
    {
        "accumulated_operating_revenue_yoy": 6.931640802984293, 
        "accumulated_operating_revenue": 2910089, 
        "long_term_average": 723868, 
        "date": "2014-04-30", 
        "operating_revenue": 746594, 
        "short_term_average": 761259
    }, 
    {
        "accumulated_operating_revenue_yoy": 5.046436084404538, 
        "accumulated_operating_revenue": 3679763, 
        "long_term_average": 722879, 
        "date": "2014-05-31", 
        "operating_revenue": 769674, 
        "short_term_average": 775761
    }, 
    {
        "accumulated_operating_revenue_yoy": 6.5406167183871124, 
        "accumulated_operating_revenue": 4585066, 
        "long_term_average": 731604, 
        "date": "2014-06-30", 
        "operating_revenue": 905303, 
        "short_term_average": 807190
    }, 
    {
        "accumulated_operating_revenue_yoy": 6.059320296191382, 
        "accumulated_operating_revenue": 5301688, 
        "long_term_average": 733389, 
        "date": "2014-07-31", 
        "operating_revenue": 716622, 
        "short_term_average": 797199
    }, 
    {
        "accumulated_operating_revenue_yoy": 6.390056378824138, 
        "accumulated_operating_revenue": 6061982, 
        "long_term_average": 738489, 
        "date": "2014-08-31", 
        "operating_revenue": 760294, 
        "short_term_average": 794073
    }, 
    {
        "accumulated_operating_revenue_yoy": 9.781376475407107, 
        "accumulated_operating_revenue": 7059599, 
        "long_term_average": 760564, 
        "date": "2014-09-30", 
        "operating_revenue": 997617, 
        "short_term_average": 824844
    }, 
    {
        "accumulated_operating_revenue_yoy": 10.02599971867669, 
        "accumulated_operating_revenue": 7759456, 
        "long_term_average": 767070, 
        "date": "2014-10-31", 
        "operating_revenue": 699857, 
        "short_term_average": 819256
    }, 
    {
        "accumulated_operating_revenue_yoy": 11.902798234976157, 
        "accumulated_operating_revenue": 8670099, 
        "long_term_average": 784999, 
        "date": "2014-11-30", 
        "operating_revenue": 910643, 
        "short_term_average": 869372
    }, 
    {
        "accumulated_operating_revenue_yoy": 12.074628458713379, 
        "accumulated_operating_revenue": 9523852, 
        "long_term_average": 793654, 
        "date": "2014-12-31", 
        "operating_revenue": 853753, 
        "short_term_average": 821417
    }, 
    {
        "accumulated_operating_revenue_yoy": 26.38126045804647, 
        "accumulated_operating_revenue": 791541, 
        "long_term_average": 807423, 
        "date": "2015-01-31", 
        "operating_revenue": 791541, 
        "short_term_average": 851979
    }, 
    {
        "accumulated_operating_revenue_yoy": 14.687104199030077, 
        "accumulated_operating_revenue": 1551119, 
        "long_term_average": 810207, 
        "date": "2015-02-28", 
        "operating_revenue": 759578, 
        "short_term_average": 801624
    }, 
    {
        "accumulated_operating_revenue_yoy": 12.525566271241672, 
        "accumulated_operating_revenue": 2434485, 
        "long_term_average": 816236, 
        "date": "2015-03-31", 
        "operating_revenue": 883366, 
        "short_term_average": 811495
    }, 
    {
        "accumulated_operating_revenue_yoy": 9.515104177226196, 
        "accumulated_operating_revenue": 3186987, 
        "long_term_average": 816729, 
        "date": "2015-04-30", 
        "operating_revenue": 752502, 
        "short_term_average": 798482
    }, 
    {
        "accumulated_operating_revenue_yoy": 7.663618553694898, 
        "accumulated_operating_revenue": 3961766, 
        "long_term_average": 817154, 
        "date": "2015-05-31", 
        "operating_revenue": 774779, 
        "short_term_average": 803549
    }, 
    {
        "accumulated_operating_revenue_yoy": 3.130729197791264, 
        "accumulated_operating_revenue": 4728612, 
        "long_term_average": 805616, 
        "date": "2015-06-30", 
        "operating_revenue": 766846, 
        "short_term_average": 764709
    }, 
    {
        "accumulated_operating_revenue_yoy": 3.5094483115566213, 
        "accumulated_operating_revenue": 5487748, 
        "long_term_average": 809159, 
        "date": "2015-07-31", 
        "operating_revenue": 759136, 
        "short_term_average": 766920
    }, 
    {
        "accumulated_operating_revenue_yoy": 3.3057504954650145, 
        "accumulated_operating_revenue": 6262376, 
        "long_term_average": 810353, 
        "date": "2015-08-31", 
        "operating_revenue": 774628, 
        "short_term_average": 766870
    }, 
    {
        "accumulated_operating_revenue_yoy": 0.3146920951175839, 
        "accumulated_operating_revenue": 7081815, 
        "long_term_average": 795505, 
        "date": "2015-09-30", 
        "operating_revenue": 819439, 
        "short_term_average": 784401
    }
]