[
    {
        "date": "2012-01-31", 
        "operating_revenue": 1039, 
        "accumulated_operating_revenue": 1039, 
        "long_term_average": 1039, 
        "short_term_average": 1039
    }, 
    {
        "date": "2012-02-29", 
        "operating_revenue": 1439, 
        "accumulated_operating_revenue": 2478, 
        "long_term_average": 1239, 
        "short_term_average": 1239
    }, 
    {
        "date": "2012-03-31", 
        "operating_revenue": 653, 
        "accumulated_operating_revenue": 3131, 
        "long_term_average": 1043, 
        "short_term_average": 1043
    }, 
    {
        "date": "2012-04-30", 
        "operating_revenue": 504, 
        "accumulated_operating_revenue": 3635, 
        "long_term_average": 908, 
        "short_term_average": 865
    }, 
    {
        "date": "2012-05-31", 
        "operating_revenue": 1680, 
        "accumulated_operating_revenue": 5315, 
        "long_term_average": 1063, 
        "short_term_average": 945
    }, 
    {
        "date": "2012-06-30", 
        "operating_revenue": 2074, 
        "accumulated_operating_revenue": 7389, 
        "long_term_average": 1231, 
        "short_term_average": 1419
    }, 
    {
        "date": "2012-07-31", 
        "operating_revenue": 149, 
        "accumulated_operating_revenue": 7538, 
        "long_term_average": 1076, 
        "short_term_average": 1301
    }, 
    {
        "date": "2012-08-31", 
        "operating_revenue": 3, 
        "accumulated_operating_revenue": 7541, 
        "long_term_average": 942, 
        "short_term_average": 742
    }, 
    {
        "date": "2012-09-30", 
        "operating_revenue": 5, 
        "accumulated_operating_revenue": 7546, 
        "long_term_average": 838, 
        "short_term_average": 52
    }, 
    {
        "date": "2012-10-31", 
        "operating_revenue": 70, 
        "accumulated_operating_revenue": 7616, 
        "long_term_average": 761, 
        "short_term_average": 26
    }, 
    {
        "date": "2012-11-30", 
        "operating_revenue": 4, 
        "accumulated_operating_revenue": 7620, 
        "long_term_average": 692, 
        "short_term_average": 26
    }, 
    {
        "date": "2012-12-31", 
        "operating_revenue": 164, 
        "accumulated_operating_revenue": 7784, 
        "long_term_average": 648, 
        "short_term_average": 79
    }, 
    {
        "accumulated_operating_revenue_yoy": -99.32627526467758, 
        "accumulated_operating_revenue": 7, 
        "long_term_average": 562, 
        "date": "2013-01-31", 
        "operating_revenue": 7, 
        "short_term_average": 58
    }, 
    {
        "accumulated_operating_revenue_yoy": -99.6771589991929, 
        "accumulated_operating_revenue": 8, 
        "long_term_average": 442, 
        "date": "2013-02-28", 
        "operating_revenue": 1, 
        "short_term_average": 57
    }, 
    {
        "accumulated_operating_revenue_yoy": -99.61673586713509, 
        "accumulated_operating_revenue": 12, 
        "long_term_average": 388, 
        "date": "2013-03-31", 
        "operating_revenue": 4, 
        "short_term_average": 4
    }, 
    {
        "accumulated_operating_revenue_yoy": -99.58734525447042, 
        "accumulated_operating_revenue": 15, 
        "long_term_average": 347, 
        "date": "2013-04-30", 
        "operating_revenue": 3, 
        "short_term_average": 2
    }, 
    {
        "accumulated_operating_revenue_yoy": -99.62370649106302, 
        "accumulated_operating_revenue": 20, 
        "long_term_average": 207, 
        "date": "2013-05-31", 
        "operating_revenue": 5, 
        "short_term_average": 4
    }, 
    {
        "accumulated_operating_revenue_yoy": -8.512653945053458, 
        "accumulated_operating_revenue": 6760, 
        "long_term_average": 596, 
        "date": "2013-06-30", 
        "operating_revenue": 6740, 
        "short_term_average": 2249
    }, 
    {
        "accumulated_operating_revenue_yoy": 9.883258158662775, 
        "accumulated_operating_revenue": 8283, 
        "long_term_average": 710, 
        "date": "2013-07-31", 
        "operating_revenue": 1523, 
        "short_term_average": 2756
    }, 
    {
        "accumulated_operating_revenue_yoy": 168.37289484153294, 
        "accumulated_operating_revenue": 20238, 
        "long_term_average": 1706, 
        "date": "2013-08-31", 
        "operating_revenue": 11955, 
        "short_term_average": 6739
    }, 
    {
        "accumulated_operating_revenue_yoy": 365.9157169361251, 
        "accumulated_operating_revenue": 35158, 
        "long_term_average": 2949, 
        "date": "2013-09-30", 
        "operating_revenue": 14920, 
        "short_term_average": 9466
    }, 
    {
        "accumulated_operating_revenue_yoy": 452.4947478991597, 
        "accumulated_operating_revenue": 42078, 
        "long_term_average": 3520, 
        "date": "2013-10-31", 
        "operating_revenue": 6920, 
        "short_term_average": 11265
    }, 
    {
        "accumulated_operating_revenue_yoy": 545.8923884514436, 
        "accumulated_operating_revenue": 49217, 
        "long_term_average": 4115, 
        "date": "2013-11-30", 
        "operating_revenue": 7139, 
        "short_term_average": 9659
    }, 
    {
        "accumulated_operating_revenue_yoy": 667.3304213771839, 
        "accumulated_operating_revenue": 59729, 
        "long_term_average": 4977, 
        "date": "2013-12-31", 
        "operating_revenue": 10512, 
        "short_term_average": 8190
    }, 
    {
        "accumulated_operating_revenue_yoy": 92485.71428571429, 
        "accumulated_operating_revenue": 6481, 
        "long_term_average": 5516, 
        "date": "2014-01-31", 
        "operating_revenue": 6481, 
        "short_term_average": 8044
    }, 
    {
        "accumulated_operating_revenue_yoy": 157087.5, 
        "accumulated_operating_revenue": 12575, 
        "long_term_average": 6024, 
        "date": "2014-02-28", 
        "operating_revenue": 6094, 
        "short_term_average": 7695
    }, 
    {
        "accumulated_operating_revenue_yoy": 180508.3333333333, 
        "accumulated_operating_revenue": 21673, 
        "long_term_average": 6782, 
        "date": "2014-03-31", 
        "operating_revenue": 9098, 
        "short_term_average": 7224
    }, 
    {
        "accumulated_operating_revenue_yoy": 189400.0, 
        "accumulated_operating_revenue": 28425, 
        "long_term_average": 7344, 
        "date": "2014-04-30", 
        "operating_revenue": 6752, 
        "short_term_average": 7314
    }, 
    {
        "accumulated_operating_revenue_yoy": 180905.0, 
        "accumulated_operating_revenue": 36201, 
        "long_term_average": 7992, 
        "date": "2014-05-31", 
        "operating_revenue": 7776, 
        "short_term_average": 7875
    }, 
    {
        "accumulated_operating_revenue_yoy": 533.3579881656805, 
        "accumulated_operating_revenue": 42815, 
        "long_term_average": 7982, 
        "date": "2014-06-30", 
        "operating_revenue": 6614, 
        "short_term_average": 7047
    }, 
    {
        "accumulated_operating_revenue_yoy": 504.889532777979, 
        "accumulated_operating_revenue": 50103, 
        "long_term_average": 8462, 
        "date": "2014-07-31", 
        "operating_revenue": 7288, 
        "short_term_average": 7226
    }, 
    {
        "accumulated_operating_revenue_yoy": 233.88674770234212, 
        "accumulated_operating_revenue": 67572, 
        "long_term_average": 8921, 
        "date": "2014-08-31", 
        "operating_revenue": 17469, 
        "short_term_average": 10457
    }, 
    {
        "accumulated_operating_revenue_yoy": 127.60964787530575, 
        "accumulated_operating_revenue": 80023, 
        "long_term_average": 8716, 
        "date": "2014-09-30", 
        "operating_revenue": 12451, 
        "short_term_average": 12402
    }, 
    {
        "accumulated_operating_revenue_yoy": 127.3872332335187, 
        "accumulated_operating_revenue": 95680, 
        "long_term_average": 9444, 
        "date": "2014-10-31", 
        "operating_revenue": 15657, 
        "short_term_average": 15192
    }, 
    {
        "accumulated_operating_revenue_yoy": 133.27915151268868, 
        "accumulated_operating_revenue": 114813, 
        "long_term_average": 10443, 
        "date": "2014-11-30", 
        "operating_revenue": 19133, 
        "short_term_average": 15747
    }, 
    {
        "accumulated_operating_revenue_yoy": 125.29257144770547, 
        "accumulated_operating_revenue": 134565, 
        "long_term_average": 11213, 
        "date": "2014-12-31", 
        "operating_revenue": 19752, 
        "short_term_average": 18180
    }, 
    {
        "accumulated_operating_revenue_yoy": 229.3627526616263, 
        "accumulated_operating_revenue": 21346, 
        "long_term_average": 12452, 
        "date": "2015-01-31", 
        "operating_revenue": 21346, 
        "short_term_average": 20077
    }, 
    {
        "accumulated_operating_revenue_yoy": 292.4850894632207, 
        "accumulated_operating_revenue": 49355, 
        "long_term_average": 14278, 
        "date": "2015-02-28", 
        "operating_revenue": 28009, 
        "short_term_average": 23035
    }, 
    {
        "accumulated_operating_revenue_yoy": 235.44502376228488, 
        "accumulated_operating_revenue": 72701, 
        "long_term_average": 15466, 
        "date": "2015-03-31", 
        "operating_revenue": 23346, 
        "short_term_average": 24233
    }, 
    {
        "accumulated_operating_revenue_yoy": 229.7132805628848, 
        "accumulated_operating_revenue": 93721, 
        "long_term_average": 16655, 
        "date": "2015-04-30", 
        "operating_revenue": 21020, 
        "short_term_average": 24125
    }, 
    {
        "accumulated_operating_revenue_yoy": 265.12251042788876, 
        "accumulated_operating_revenue": 132178, 
        "long_term_average": 19211, 
        "date": "2015-05-31", 
        "operating_revenue": 38457, 
        "short_term_average": 27607
    }, 
    {
        "accumulated_operating_revenue_yoy": 308.83802405698935, 
        "accumulated_operating_revenue": 175044, 
        "long_term_average": 22232, 
        "date": "2015-06-30", 
        "operating_revenue": 42866, 
        "short_term_average": 34114
    }, 
    {
        "accumulated_operating_revenue_yoy": 358.8008702073728, 
        "accumulated_operating_revenue": 229873, 
        "long_term_average": 26194, 
        "date": "2015-07-31", 
        "operating_revenue": 54829, 
        "short_term_average": 45384
    }, 
    {
        "accumulated_operating_revenue_yoy": 296.0042621204049, 
        "accumulated_operating_revenue": 267588, 
        "long_term_average": 27881, 
        "date": "2015-08-31", 
        "operating_revenue": 37715, 
        "short_term_average": 45136
    }
]