[
    {
        "date": "2011-09-30", 
        "operating_revenue": 6759182, 
        "accumulated_operating_revenue": 6759182, 
        "long_term_average": 6759182, 
        "short_term_average": 6759182
    }, 
    {
        "date": "2011-10-31", 
        "operating_revenue": 6751559, 
        "accumulated_operating_revenue": 13510741, 
        "long_term_average": 6755370, 
        "short_term_average": 6755370
    }, 
    {
        "date": "2011-11-30", 
        "operating_revenue": 5887869, 
        "accumulated_operating_revenue": 19398610, 
        "long_term_average": 6466203, 
        "short_term_average": 6466203
    }, 
    {
        "date": "2011-12-31", 
        "operating_revenue": 5892519, 
        "accumulated_operating_revenue": 25291129, 
        "long_term_average": 6322782, 
        "short_term_average": 6177315
    }, 
    {
        "date": "2012-01-31", 
        "operating_revenue": 5528359, 
        "accumulated_operating_revenue": 5528359, 
        "long_term_average": 6163897, 
        "short_term_average": 5769582
    }, 
    {
        "date": "2012-02-29", 
        "operating_revenue": 5532981, 
        "accumulated_operating_revenue": 11061340, 
        "long_term_average": 6058744, 
        "short_term_average": 5651286
    }, 
    {
        "date": "2012-03-31", 
        "operating_revenue": 5419405, 
        "accumulated_operating_revenue": 16480745, 
        "long_term_average": 5967410, 
        "short_term_average": 5493581
    }, 
    {
        "date": "2012-04-30", 
        "operating_revenue": 5819457, 
        "accumulated_operating_revenue": 22300202, 
        "long_term_average": 5948916, 
        "short_term_average": 5590614
    }, 
    {
        "date": "2012-05-31", 
        "operating_revenue": 6145975, 
        "accumulated_operating_revenue": 28446177, 
        "long_term_average": 5970811, 
        "short_term_average": 5794945
    }, 
    {
        "date": "2012-06-30", 
        "operating_revenue": 6009654, 
        "accumulated_operating_revenue": 34455831, 
        "long_term_average": 5974696, 
        "short_term_average": 5991695
    }, 
    {
        "date": "2012-07-31", 
        "operating_revenue": 5516162, 
        "accumulated_operating_revenue": 39971993, 
        "long_term_average": 5933011, 
        "short_term_average": 5890597
    }, 
    {
        "date": "2012-08-31", 
        "operating_revenue": 5559405, 
        "accumulated_operating_revenue": 45531398, 
        "long_term_average": 5901877, 
        "short_term_average": 5695073
    }, 
    {
        "accumulated_operating_revenue_yoy": 655.3284998095924, 
        "accumulated_operating_revenue": 51054028, 
        "long_term_average": 5798831, 
        "date": "2012-09-30", 
        "operating_revenue": 5522630, 
        "short_term_average": 5532732
    }, 
    {
        "accumulated_operating_revenue_yoy": 317.9300380341833, 
        "accumulated_operating_revenue": 56465445, 
        "long_term_average": 5687152, 
        "date": "2012-10-31", 
        "operating_revenue": 5411417, 
        "short_term_average": 5497817
    }, 
    {
        "accumulated_operating_revenue_yoy": 219.43842883588053, 
        "accumulated_operating_revenue": 61966615, 
        "long_term_average": 5654927, 
        "date": "2012-11-30", 
        "operating_revenue": 5501170, 
        "short_term_average": 5478405
    }, 
    {
        "accumulated_operating_revenue_yoy": 167.3913410508483, 
        "accumulated_operating_revenue": 67626289, 
        "long_term_average": 5635524, 
        "date": "2012-12-31", 
        "operating_revenue": 5659674, 
        "short_term_average": 5524087
    }, 
    {
        "accumulated_operating_revenue_yoy": 1.0364015795645687, 
        "accumulated_operating_revenue": 5585655, 
        "long_term_average": 5640298, 
        "date": "2013-01-31", 
        "operating_revenue": 5585655, 
        "short_term_average": 5582166
    }, 
    {
        "accumulated_operating_revenue_yoy": -8.454717059596756, 
        "accumulated_operating_revenue": 10126135, 
        "long_term_average": 5557590, 
        "date": "2013-02-28", 
        "operating_revenue": 4540480, 
        "short_term_average": 5261936
    }, 
    {
        "accumulated_operating_revenue_yoy": -4.4514310487784385, 
        "accumulated_operating_revenue": 15747116, 
        "long_term_average": 5574388, 
        "date": "2013-03-31", 
        "operating_revenue": 5620981, 
        "short_term_average": 5249038
    }, 
    {
        "accumulated_operating_revenue_yoy": -4.06111119531563, 
        "accumulated_operating_revenue": 21394566, 
        "long_term_average": 5560054, 
        "date": "2013-04-30", 
        "operating_revenue": 5647450, 
        "short_term_average": 5269637
    }, 
    {
        "accumulated_operating_revenue_yoy": -3.709183838657827, 
        "accumulated_operating_revenue": 27391056, 
        "long_term_average": 5547597, 
        "date": "2013-05-31", 
        "operating_revenue": 5996490, 
        "short_term_average": 5754973
    }, 
    {
        "accumulated_operating_revenue_yoy": -2.925258137004445, 
        "accumulated_operating_revenue": 33447909, 
        "long_term_average": 5551530, 
        "date": "2013-06-30", 
        "operating_revenue": 6056853, 
        "short_term_average": 5900264
    }, 
    {
        "accumulated_operating_revenue_yoy": -0.22267341035509536, 
        "accumulated_operating_revenue": 39882986, 
        "long_term_average": 5628106, 
        "date": "2013-07-31", 
        "operating_revenue": 6435077, 
        "short_term_average": 6162806
    }, 
    {
        "accumulated_operating_revenue_yoy": 0.6360116594706801, 
        "accumulated_operating_revenue": 45820983, 
        "long_term_average": 5659656, 
        "date": "2013-08-31", 
        "operating_revenue": 5937997, 
        "short_term_average": 6143309
    }, 
    {
        "accumulated_operating_revenue_yoy": 2.3572851098056358, 
        "accumulated_operating_revenue": 52257517, 
        "long_term_average": 5735814, 
        "date": "2013-09-30", 
        "operating_revenue": 6436534, 
        "short_term_average": 6269869
    }, 
    {
        "accumulated_operating_revenue_yoy": 4.226267941393183, 
        "accumulated_operating_revenue": 58851826, 
        "long_term_average": 5834389, 
        "date": "2013-10-31", 
        "operating_revenue": 6594309, 
        "short_term_average": 6322946
    }, 
    {
        "accumulated_operating_revenue_yoy": 6.304995036440186, 
        "accumulated_operating_revenue": 65873607, 
        "long_term_average": 5961106, 
        "date": "2013-11-30", 
        "operating_revenue": 7021781, 
        "short_term_average": 6684208
    }, 
    {
        "accumulated_operating_revenue_yoy": 7.57499646328368, 
        "accumulated_operating_revenue": 72748978, 
        "long_term_average": 6062414, 
        "date": "2013-12-31", 
        "operating_revenue": 6875371, 
        "short_term_average": 6830487
    }, 
    {
        "accumulated_operating_revenue_yoy": 20.38487876533728, 
        "accumulated_operating_revenue": 6724284, 
        "long_term_average": 6157300, 
        "date": "2014-01-31", 
        "operating_revenue": 6724284, 
        "short_term_average": 6873812
    }, 
    {
        "accumulated_operating_revenue_yoy": 25.318900054166765, 
        "accumulated_operating_revenue": 12689961, 
        "long_term_average": 6276067, 
        "date": "2014-02-28", 
        "operating_revenue": 5965677, 
        "short_term_average": 6521777
    }, 
    {
        "accumulated_operating_revenue_yoy": 21.33243318967105, 
        "accumulated_operating_revenue": 19106359, 
        "long_term_average": 6342351, 
        "date": "2014-03-31", 
        "operating_revenue": 6416398, 
        "short_term_average": 6368786
    }, 
    {
        "accumulated_operating_revenue_yoy": 21.23825274137367, 
        "accumulated_operating_revenue": 25938398, 
        "long_term_average": 6441067, 
        "date": "2014-04-30", 
        "operating_revenue": 6832039, 
        "short_term_average": 6404704
    }, 
    {
        "accumulated_operating_revenue_yoy": 20.371105809137113, 
        "accumulated_operating_revenue": 32970917, 
        "long_term_average": 6527403, 
        "date": "2014-05-31", 
        "operating_revenue": 7032519, 
        "short_term_average": 6760318
    }, 
    {
        "accumulated_operating_revenue_yoy": 20.034567781202707, 
        "accumulated_operating_revenue": 40149053, 
        "long_term_average": 6620843, 
        "date": "2014-06-30", 
        "operating_revenue": 7178136, 
        "short_term_average": 7014231
    }, 
    {
        "accumulated_operating_revenue_yoy": 18.825779494042898, 
        "accumulated_operating_revenue": 47391269, 
        "long_term_average": 6688105, 
        "date": "2014-07-31", 
        "operating_revenue": 7242216, 
        "short_term_average": 7150957
    }, 
    {
        "accumulated_operating_revenue_yoy": 19.601292709063006, 
        "accumulated_operating_revenue": 54802488, 
        "long_term_average": 6810873, 
        "date": "2014-08-31", 
        "operating_revenue": 7411219, 
        "short_term_average": 7277190
    }, 
    {
        "accumulated_operating_revenue_yoy": 18.31187272062697, 
        "accumulated_operating_revenue": 61826847, 
        "long_term_average": 6859859, 
        "date": "2014-09-30", 
        "operating_revenue": 7024359, 
        "short_term_average": 7225931
    }, 
    {
        "accumulated_operating_revenue_yoy": 16.541107832406084, 
        "accumulated_operating_revenue": 68586570, 
        "long_term_average": 6873643, 
        "date": "2014-10-31", 
        "operating_revenue": 6759723, 
        "short_term_average": 7065100
    }, 
    {
        "accumulated_operating_revenue_yoy": 13.51234949074521, 
        "accumulated_operating_revenue": 74774679, 
        "long_term_average": 6804170, 
        "date": "2014-11-30", 
        "operating_revenue": 6188109, 
        "short_term_average": 6657397
    }, 
    {
        "accumulated_operating_revenue_yoy": 11.586429434101465, 
        "accumulated_operating_revenue": 81177987, 
        "long_term_average": 6764832, 
        "date": "2014-12-31", 
        "operating_revenue": 6403308, 
        "short_term_average": 6450380
    }, 
    {
        "accumulated_operating_revenue_yoy": -14.944475872821553, 
        "accumulated_operating_revenue": 5719375, 
        "long_term_average": 6681089, 
        "date": "2015-01-31", 
        "operating_revenue": 5719375, 
        "short_term_average": 6103597
    }, 
    {
        "accumulated_operating_revenue_yoy": -19.599579541655014, 
        "accumulated_operating_revenue": 10202782, 
        "long_term_average": 6557567, 
        "date": "2015-02-28", 
        "operating_revenue": 4483407, 
        "short_term_average": 5535363
    }, 
    {
        "accumulated_operating_revenue_yoy": -17.267900179202115, 
        "accumulated_operating_revenue": 15807092, 
        "long_term_average": 6489893, 
        "date": "2015-03-31", 
        "operating_revenue": 5604310, 
        "short_term_average": 5269030
    }, 
    {
        "accumulated_operating_revenue_yoy": -17.881489828323243, 
        "accumulated_operating_revenue": 21300226, 
        "long_term_average": 6378317, 
        "date": "2015-04-30", 
        "operating_revenue": 5493134, 
        "short_term_average": 5193617
    }, 
    {
        "accumulated_operating_revenue_yoy": -18.158029999590244, 
        "accumulated_operating_revenue": 26984048, 
        "long_term_average": 6265926, 
        "date": "2015-05-31", 
        "operating_revenue": 5683822, 
        "short_term_average": 5593755
    }, 
    {
        "accumulated_operating_revenue_yoy": -18.439319104238898, 
        "accumulated_operating_revenue": 32745841, 
        "long_term_average": 6147897, 
        "date": "2015-06-30", 
        "operating_revenue": 5761793, 
        "short_term_average": 5646249
    }, 
    {
        "accumulated_operating_revenue_yoy": -19.09474928810199, 
        "accumulated_operating_revenue": 38342025, 
        "long_term_average": 6010728, 
        "date": "2015-07-31", 
        "operating_revenue": 5596184, 
        "short_term_average": 5680599
    }, 
    {
        "accumulated_operating_revenue_yoy": -18.81677160350822, 
        "accumulated_operating_revenue": 44490429, 
        "long_term_average": 5905494, 
        "date": "2015-08-31", 
        "operating_revenue": 6148404, 
        "short_term_average": 5835460
    }
]