[
    {
        "date": "2011-09-30", 
        "operating_revenue": 262931, 
        "accumulated_operating_revenue": 262931, 
        "long_term_average": 262931, 
        "short_term_average": 262931
    }, 
    {
        "date": "2011-10-31", 
        "operating_revenue": 226023, 
        "accumulated_operating_revenue": 488954, 
        "long_term_average": 244477, 
        "short_term_average": 244477
    }, 
    {
        "date": "2011-11-30", 
        "operating_revenue": 203282, 
        "accumulated_operating_revenue": 692236, 
        "long_term_average": 230745, 
        "short_term_average": 230745
    }, 
    {
        "date": "2011-12-31", 
        "operating_revenue": 213667, 
        "accumulated_operating_revenue": 905903, 
        "long_term_average": 226475, 
        "short_term_average": 214324
    }, 
    {
        "date": "2012-01-31", 
        "operating_revenue": 198543, 
        "accumulated_operating_revenue": 198543, 
        "long_term_average": 220889, 
        "short_term_average": 205164
    }, 
    {
        "date": "2012-02-29", 
        "operating_revenue": 277044, 
        "accumulated_operating_revenue": 475587, 
        "long_term_average": 230248, 
        "short_term_average": 229751
    }, 
    {
        "date": "2012-03-31", 
        "operating_revenue": 323695, 
        "accumulated_operating_revenue": 799282, 
        "long_term_average": 243597, 
        "short_term_average": 266427
    }, 
    {
        "date": "2012-04-30", 
        "operating_revenue": 374019, 
        "accumulated_operating_revenue": 1173301, 
        "long_term_average": 259900, 
        "short_term_average": 324919
    }, 
    {
        "date": "2012-05-31", 
        "operating_revenue": 296388, 
        "accumulated_operating_revenue": 1469689, 
        "long_term_average": 263954, 
        "short_term_average": 331367
    }, 
    {
        "date": "2012-06-30", 
        "operating_revenue": 207620, 
        "accumulated_operating_revenue": 1677309, 
        "long_term_average": 258321, 
        "short_term_average": 292675
    }, 
    {
        "date": "2012-07-31", 
        "operating_revenue": 232459, 
        "accumulated_operating_revenue": 1909768, 
        "long_term_average": 255970, 
        "short_term_average": 245489
    }, 
    {
        "date": "2012-08-31", 
        "operating_revenue": 253969, 
        "accumulated_operating_revenue": 2163737, 
        "long_term_average": 255803, 
        "short_term_average": 231349
    }, 
    {
        "accumulated_operating_revenue_yoy": 816.3860480506293, 
        "accumulated_operating_revenue": 2409463, 
        "long_term_average": 254369, 
        "date": "2012-09-30", 
        "operating_revenue": 245726, 
        "short_term_average": 244051
    }, 
    {
        "accumulated_operating_revenue_yoy": 438.2700622144414, 
        "accumulated_operating_revenue": 2631893, 
        "long_term_average": 254070, 
        "date": "2012-10-31", 
        "operating_revenue": 222430, 
        "short_term_average": 240708
    }, 
    {
        "accumulated_operating_revenue_yoy": 309.2507468551188, 
        "accumulated_operating_revenue": 2832981, 
        "long_term_average": 253887, 
        "date": "2012-11-30", 
        "operating_revenue": 201088, 
        "short_term_average": 223081
    }, 
    {
        "accumulated_operating_revenue_yoy": 235.7814247220729, 
        "accumulated_operating_revenue": 3041854, 
        "long_term_average": 253487, 
        "date": "2012-12-31", 
        "operating_revenue": 208873, 
        "short_term_average": 210797
    }, 
    {
        "accumulated_operating_revenue_yoy": 8.687286884956912, 
        "accumulated_operating_revenue": 215791, 
        "long_term_average": 254925, 
        "date": "2013-01-31", 
        "operating_revenue": 215791, 
        "short_term_average": 208584
    }, 
    {
        "accumulated_operating_revenue_yoy": -25.07028156783091, 
        "accumulated_operating_revenue": 356356, 
        "long_term_average": 243551, 
        "date": "2013-02-28", 
        "operating_revenue": 140565, 
        "short_term_average": 188409
    }, 
    {
        "accumulated_operating_revenue_yoy": -28.019022072309895, 
        "accumulated_operating_revenue": 575331, 
        "long_term_average": 234825, 
        "date": "2013-03-31", 
        "operating_revenue": 218975, 
        "short_term_average": 191777
    }, 
    {
        "accumulated_operating_revenue_yoy": -38.74172100765277, 
        "accumulated_operating_revenue": 718744, 
        "long_term_average": 215608, 
        "date": "2013-04-30", 
        "operating_revenue": 143413, 
        "short_term_average": 167651
    }, 
    {
        "accumulated_operating_revenue_yoy": -41.13026633525869, 
        "accumulated_operating_revenue": 865202, 
        "long_term_average": 203113, 
        "date": "2013-05-31", 
        "operating_revenue": 146458, 
        "short_term_average": 169615
    }, 
    {
        "accumulated_operating_revenue_yoy": -41.61946308044612, 
        "accumulated_operating_revenue": 979222, 
        "long_term_average": 195313, 
        "date": "2013-06-30", 
        "operating_revenue": 114020, 
        "short_term_average": 134630
    }, 
    {
        "accumulated_operating_revenue_yoy": -40.31735791991488, 
        "accumulated_operating_revenue": 1139800, 
        "long_term_average": 189323, 
        "date": "2013-07-31", 
        "operating_revenue": 160578, 
        "short_term_average": 140352
    }, 
    {
        "accumulated_operating_revenue_yoy": -40.079778642228696, 
        "accumulated_operating_revenue": 1296516, 
        "long_term_average": 181219, 
        "date": "2013-08-31", 
        "operating_revenue": 156716, 
        "short_term_average": 143771
    }, 
    {
        "accumulated_operating_revenue_yoy": -39.7494379453015, 
        "accumulated_operating_revenue": 1451715, 
        "long_term_average": 173675, 
        "date": "2013-09-30", 
        "operating_revenue": 155199, 
        "short_term_average": 157497
    }, 
    {
        "accumulated_operating_revenue_yoy": -39.178036493124914, 
        "accumulated_operating_revenue": 1600769, 
        "long_term_average": 167560, 
        "date": "2013-10-31", 
        "operating_revenue": 149054, 
        "short_term_average": 153656
    }, 
    {
        "accumulated_operating_revenue_yoy": -38.24219082302352, 
        "accumulated_operating_revenue": 1749587, 
        "long_term_average": 163205, 
        "date": "2013-11-30", 
        "operating_revenue": 148818, 
        "short_term_average": 151023
    }, 
    {
        "accumulated_operating_revenue_yoy": -38.0403201468578, 
        "accumulated_operating_revenue": 1884723, 
        "long_term_average": 157060, 
        "date": "2013-12-31", 
        "operating_revenue": 135136, 
        "short_term_average": 144336
    }, 
    {
        "accumulated_operating_revenue_yoy": -32.01987107896066, 
        "accumulated_operating_revenue": 146695, 
        "long_term_average": 151302, 
        "date": "2014-01-31", 
        "operating_revenue": 146695, 
        "short_term_average": 143549
    }, 
    {
        "accumulated_operating_revenue_yoy": -29.078225145640875, 
        "accumulated_operating_revenue": 252734, 
        "long_term_average": 148425, 
        "date": "2014-02-28", 
        "operating_revenue": 106039, 
        "short_term_average": 129290
    }, 
    {
        "accumulated_operating_revenue_yoy": -31.200821787805626, 
        "accumulated_operating_revenue": 395823, 
        "long_term_average": 142101, 
        "date": "2014-03-31", 
        "operating_revenue": 143089, 
        "short_term_average": 131941
    }, 
    {
        "accumulated_operating_revenue_yoy": -26.390620304308626, 
        "accumulated_operating_revenue": 529063, 
        "long_term_average": 141253, 
        "date": "2014-04-30", 
        "operating_revenue": 133240, 
        "short_term_average": 127456
    }, 
    {
        "accumulated_operating_revenue_yoy": -28.655620306009467, 
        "accumulated_operating_revenue": 617273, 
        "long_term_average": 136399, 
        "date": "2014-05-31", 
        "operating_revenue": 88210, 
        "short_term_average": 121513
    }, 
    {
        "accumulated_operating_revenue_yoy": -29.121077753563547, 
        "accumulated_operating_revenue": 694062, 
        "long_term_average": 133296, 
        "date": "2014-06-30", 
        "operating_revenue": 76789, 
        "short_term_average": 99413
    }, 
    {
        "accumulated_operating_revenue_yoy": -30.905860677311807, 
        "accumulated_operating_revenue": 787535, 
        "long_term_average": 127704, 
        "date": "2014-07-31", 
        "operating_revenue": 93473, 
        "short_term_average": 86157
    }, 
    {
        "accumulated_operating_revenue_yoy": -30.88646804204499, 
        "accumulated_operating_revenue": 896068, 
        "long_term_average": 123689, 
        "date": "2014-08-31", 
        "operating_revenue": 108533, 
        "short_term_average": 92931
    }, 
    {
        "accumulated_operating_revenue_yoy": -30.635351980244057, 
        "accumulated_operating_revenue": 1006977, 
        "long_term_average": 119998, 
        "date": "2014-09-30", 
        "operating_revenue": 110909, 
        "short_term_average": 104305
    }, 
    {
        "accumulated_operating_revenue_yoy": -28.965328538970958, 
        "accumulated_operating_revenue": 1137101, 
        "long_term_average": 118421, 
        "date": "2014-10-31", 
        "operating_revenue": 130124, 
        "short_term_average": 116522
    }, 
    {
        "accumulated_operating_revenue_yoy": -28.071653481650237, 
        "accumulated_operating_revenue": 1258449, 
        "long_term_average": 116132, 
        "date": "2014-11-30", 
        "operating_revenue": 121348, 
        "short_term_average": 120793
    }, 
    {
        "accumulated_operating_revenue_yoy": -27.89274604278719, 
        "accumulated_operating_revenue": 1359022, 
        "long_term_average": 113251, 
        "date": "2014-12-31", 
        "operating_revenue": 100573, 
        "short_term_average": 117348
    }, 
    {
        "accumulated_operating_revenue_yoy": -26.105184225774565, 
        "accumulated_operating_revenue": 108400, 
        "long_term_average": 110060, 
        "date": "2015-01-31", 
        "operating_revenue": 108400, 
        "short_term_average": 110107
    }, 
    {
        "accumulated_operating_revenue_yoy": -30.59778264895107, 
        "accumulated_operating_revenue": 175403, 
        "long_term_average": 106807, 
        "date": "2015-02-28", 
        "operating_revenue": 67003, 
        "short_term_average": 91992
    }, 
    {
        "accumulated_operating_revenue_yoy": -29.902254290427795, 
        "accumulated_operating_revenue": 277463, 
        "long_term_average": 103388, 
        "date": "2015-03-31", 
        "operating_revenue": 102060, 
        "short_term_average": 92487
    }, 
    {
        "accumulated_operating_revenue_yoy": -25.38846980416321, 
        "accumulated_operating_revenue": 394742, 
        "long_term_average": 102058, 
        "date": "2015-04-30", 
        "operating_revenue": 117279, 
        "short_term_average": 95447
    }, 
    {
        "accumulated_operating_revenue_yoy": -20.355985115175944, 
        "accumulated_operating_revenue": 491621, 
        "long_term_average": 102780, 
        "date": "2015-05-31", 
        "operating_revenue": 96879, 
        "short_term_average": 105406
    }, 
    {
        "accumulated_operating_revenue_yoy": -12.538072967544686, 
        "accumulated_operating_revenue": 607040, 
        "long_term_average": 106000, 
        "date": "2015-06-30", 
        "operating_revenue": 115419, 
        "short_term_average": 109859
    }, 
    {
        "accumulated_operating_revenue_yoy": -8.799481927787337, 
        "accumulated_operating_revenue": 718236, 
        "long_term_average": 107476, 
        "date": "2015-07-31", 
        "operating_revenue": 111196, 
        "short_term_average": 107831
    }, 
    {
        "accumulated_operating_revenue_yoy": -11.2331876598651, 
        "accumulated_operating_revenue": 795411, 
        "long_term_average": 104863, 
        "date": "2015-08-31", 
        "operating_revenue": 77175, 
        "short_term_average": 101263
    }
]