[
    {
        "date": "2011-09-30", 
        "operating_revenue": 80292, 
        "accumulated_operating_revenue": 80292, 
        "long_term_average": 80292, 
        "short_term_average": 80292
    }, 
    {
        "date": "2011-10-31", 
        "operating_revenue": 82261, 
        "accumulated_operating_revenue": 162553, 
        "long_term_average": 81276, 
        "short_term_average": 81276
    }, 
    {
        "date": "2011-11-30", 
        "operating_revenue": 80488, 
        "accumulated_operating_revenue": 243041, 
        "long_term_average": 81013, 
        "short_term_average": 81013
    }, 
    {
        "date": "2011-12-31", 
        "operating_revenue": 82969, 
        "accumulated_operating_revenue": 326010, 
        "long_term_average": 81502, 
        "short_term_average": 81906
    }, 
    {
        "date": "2012-01-31", 
        "operating_revenue": 69928, 
        "accumulated_operating_revenue": 69928, 
        "long_term_average": 79187, 
        "short_term_average": 77795
    }, 
    {
        "date": "2012-02-29", 
        "operating_revenue": 71389, 
        "accumulated_operating_revenue": 141317, 
        "long_term_average": 77887, 
        "short_term_average": 74762
    }, 
    {
        "date": "2012-03-31", 
        "operating_revenue": 83375, 
        "accumulated_operating_revenue": 224692, 
        "long_term_average": 78671, 
        "short_term_average": 74897
    }, 
    {
        "date": "2012-04-30", 
        "operating_revenue": 77016, 
        "accumulated_operating_revenue": 301708, 
        "long_term_average": 78464, 
        "short_term_average": 77260
    }, 
    {
        "date": "2012-05-31", 
        "operating_revenue": 78910, 
        "accumulated_operating_revenue": 380618, 
        "long_term_average": 78514, 
        "short_term_average": 79767
    }, 
    {
        "date": "2012-06-30", 
        "operating_revenue": 66826, 
        "accumulated_operating_revenue": 447444, 
        "long_term_average": 77345, 
        "short_term_average": 74250
    }, 
    {
        "date": "2012-07-31", 
        "operating_revenue": 75364, 
        "accumulated_operating_revenue": 522808, 
        "long_term_average": 77165, 
        "short_term_average": 73700
    }, 
    {
        "date": "2012-08-31", 
        "operating_revenue": 61964, 
        "accumulated_operating_revenue": 584772, 
        "long_term_average": 75898, 
        "short_term_average": 68051
    }, 
    {
        "accumulated_operating_revenue_yoy": 698.5390823494246, 
        "accumulated_operating_revenue": 641163, 
        "long_term_average": 73906, 
        "date": "2012-09-30", 
        "operating_revenue": 56391, 
        "short_term_average": 64573
    }, 
    {
        "accumulated_operating_revenue_yoy": 338.80826561183125, 
        "accumulated_operating_revenue": 713296, 
        "long_term_average": 73062, 
        "date": "2012-10-31", 
        "operating_revenue": 72133, 
        "short_term_average": 63496
    }, 
    {
        "accumulated_operating_revenue_yoy": 223.70999131833722, 
        "accumulated_operating_revenue": 786748, 
        "long_term_average": 72476, 
        "date": "2012-11-30", 
        "operating_revenue": 73452, 
        "short_term_average": 67325
    }, 
    {
        "accumulated_operating_revenue_yoy": 163.40112266494893, 
        "accumulated_operating_revenue": 858714, 
        "long_term_average": 71559, 
        "date": "2012-12-31", 
        "operating_revenue": 71966, 
        "short_term_average": 72517
    }, 
    {
        "accumulated_operating_revenue_yoy": -1.0982725088662624, 
        "accumulated_operating_revenue": 69160, 
        "long_term_average": 71495, 
        "date": "2013-01-31", 
        "operating_revenue": 69160, 
        "short_term_average": 71526
    }, 
    {
        "accumulated_operating_revenue_yoy": -11.828725489502325, 
        "accumulated_operating_revenue": 124601, 
        "long_term_average": 70166, 
        "date": "2013-02-28", 
        "operating_revenue": 55441, 
        "short_term_average": 65522
    }, 
    {
        "accumulated_operating_revenue_yoy": -9.123600306196927, 
        "accumulated_operating_revenue": 204192, 
        "long_term_average": 69851, 
        "date": "2013-03-31", 
        "operating_revenue": 79591, 
        "short_term_average": 68064
    }, 
    {
        "accumulated_operating_revenue_yoy": -0.7464170655070466, 
        "accumulated_operating_revenue": 299456, 
        "long_term_average": 71371, 
        "date": "2013-04-30", 
        "operating_revenue": 95264, 
        "short_term_average": 76765
    }, 
    {
        "accumulated_operating_revenue_yoy": -0.7514095497322775, 
        "accumulated_operating_revenue": 377758, 
        "long_term_average": 71321, 
        "date": "2013-05-31", 
        "operating_revenue": 78302, 
        "short_term_average": 84385
    }, 
    {
        "accumulated_operating_revenue_yoy": 0.1470575088726187, 
        "accumulated_operating_revenue": 448102, 
        "long_term_average": 71614, 
        "date": "2013-06-30", 
        "operating_revenue": 70344, 
        "short_term_average": 81303
    }, 
    {
        "accumulated_operating_revenue_yoy": 5.8206836926749395, 
        "accumulated_operating_revenue": 553239, 
        "long_term_average": 74095, 
        "date": "2013-07-31", 
        "operating_revenue": 105137, 
        "short_term_average": 84594
    }, 
    {
        "accumulated_operating_revenue_yoy": 11.702167682447175, 
        "accumulated_operating_revenue": 653203, 
        "long_term_average": 77262, 
        "date": "2013-08-31", 
        "operating_revenue": 99964, 
        "short_term_average": 91815
    }, 
    {
        "accumulated_operating_revenue_yoy": 15.902040510759354, 
        "accumulated_operating_revenue": 743121, 
        "long_term_average": 80056, 
        "date": "2013-09-30", 
        "operating_revenue": 89918, 
        "short_term_average": 98339
    }, 
    {
        "accumulated_operating_revenue_yoy": 15.94555415984388, 
        "accumulated_operating_revenue": 827035, 
        "long_term_average": 81037, 
        "date": "2013-10-31", 
        "operating_revenue": 83914, 
        "short_term_average": 91265
    }, 
    {
        "accumulated_operating_revenue_yoy": 15.101786086523258, 
        "accumulated_operating_revenue": 905561, 
        "long_term_average": 81460, 
        "date": "2013-11-30", 
        "operating_revenue": 78526, 
        "short_term_average": 84119
    }, 
    {
        "accumulated_operating_revenue_yoy": 13.531979215431447, 
        "accumulated_operating_revenue": 974915, 
        "long_term_average": 81242, 
        "date": "2013-12-31", 
        "operating_revenue": 69354, 
        "short_term_average": 77264
    }, 
    {
        "accumulated_operating_revenue_yoy": 33.48467322151533, 
        "accumulated_operating_revenue": 92318, 
        "long_term_average": 83172, 
        "date": "2014-01-31", 
        "operating_revenue": 92318, 
        "short_term_average": 80066
    }, 
    {
        "accumulated_operating_revenue_yoy": 27.628991741639314, 
        "accumulated_operating_revenue": 159027, 
        "long_term_average": 84111, 
        "date": "2014-02-28", 
        "operating_revenue": 66709, 
        "short_term_average": 76127
    }, 
    {
        "accumulated_operating_revenue_yoy": 24.06754427205767, 
        "accumulated_operating_revenue": 253336, 
        "long_term_average": 85338, 
        "date": "2014-03-31", 
        "operating_revenue": 94309, 
        "short_term_average": 84445
    }, 
    {
        "accumulated_operating_revenue_yoy": 15.547526180807866, 
        "accumulated_operating_revenue": 346014, 
        "long_term_average": 85122, 
        "date": "2014-04-30", 
        "operating_revenue": 92678, 
        "short_term_average": 84565
    }, 
    {
        "accumulated_operating_revenue_yoy": 16.856294241286747, 
        "accumulated_operating_revenue": 441434, 
        "long_term_average": 86549, 
        "date": "2014-05-31", 
        "operating_revenue": 95420, 
        "short_term_average": 94135
    }, 
    {
        "accumulated_operating_revenue_yoy": 16.54980339297749, 
        "accumulated_operating_revenue": 522262, 
        "long_term_average": 87422, 
        "date": "2014-06-30", 
        "operating_revenue": 80828, 
        "short_term_average": 89642
    }, 
    {
        "accumulated_operating_revenue_yoy": 12.053380184694138, 
        "accumulated_operating_revenue": 619923, 
        "long_term_average": 86799, 
        "date": "2014-07-31", 
        "operating_revenue": 97661, 
        "short_term_average": 91303
    }, 
    {
        "accumulated_operating_revenue_yoy": 8.565790420435913, 
        "accumulated_operating_revenue": 709155, 
        "long_term_average": 85905, 
        "date": "2014-08-31", 
        "operating_revenue": 89232, 
        "short_term_average": 89240
    }, 
    {
        "accumulated_operating_revenue_yoy": 7.719469642225156, 
        "accumulated_operating_revenue": 800486, 
        "long_term_average": 86023, 
        "date": "2014-09-30", 
        "operating_revenue": 91331, 
        "short_term_average": 92741
    }, 
    {
        "accumulated_operating_revenue_yoy": 5.015869945044647, 
        "accumulated_operating_revenue": 868518, 
        "long_term_average": 84699, 
        "date": "2014-10-31", 
        "operating_revenue": 68032, 
        "short_term_average": 82865
    }, 
    {
        "accumulated_operating_revenue_yoy": 4.283090813319037, 
        "accumulated_operating_revenue": 944347, 
        "long_term_average": 84475, 
        "date": "2014-11-30", 
        "operating_revenue": 75829, 
        "short_term_average": 78397
    }, 
    {
        "accumulated_operating_revenue_yoy": 6.873624880117754, 
        "accumulated_operating_revenue": 1041927, 
        "long_term_average": 86827, 
        "date": "2014-12-31", 
        "operating_revenue": 97580, 
        "short_term_average": 80480
    }, 
    {
        "accumulated_operating_revenue_yoy": -20.02643038194068, 
        "accumulated_operating_revenue": 73830, 
        "long_term_average": 85286, 
        "date": "2015-01-31", 
        "operating_revenue": 73830, 
        "short_term_average": 82413
    }, 
    {
        "accumulated_operating_revenue_yoy": -18.068629855307588, 
        "accumulated_operating_revenue": 130293, 
        "long_term_average": 84432, 
        "date": "2015-02-28", 
        "operating_revenue": 56463, 
        "short_term_average": 75957
    }, 
    {
        "accumulated_operating_revenue_yoy": -18.57848864748792, 
        "accumulated_operating_revenue": 206270, 
        "long_term_average": 82905, 
        "date": "2015-03-31", 
        "operating_revenue": 75977, 
        "short_term_average": 68756
    }, 
    {
        "accumulated_operating_revenue_yoy": -22.855722600819618, 
        "accumulated_operating_revenue": 266930, 
        "long_term_average": 80236, 
        "date": "2015-04-30", 
        "operating_revenue": 60660, 
        "short_term_average": 64366
    }, 
    {
        "accumulated_operating_revenue_yoy": -23.405990476492523, 
        "accumulated_operating_revenue": 338112, 
        "long_term_average": 78217, 
        "date": "2015-05-31", 
        "operating_revenue": 71182, 
        "short_term_average": 69273
    }, 
    {
        "accumulated_operating_revenue_yoy": -19.163370109255506, 
        "accumulated_operating_revenue": 422179, 
        "long_term_average": 78487, 
        "date": "2015-06-30", 
        "operating_revenue": 84067, 
        "short_term_average": 71969
    }, 
    {
        "accumulated_operating_revenue_yoy": -20.519645181740312, 
        "accumulated_operating_revenue": 492717, 
        "long_term_average": 76226, 
        "date": "2015-07-31", 
        "operating_revenue": 70538, 
        "short_term_average": 75262
    }, 
    {
        "accumulated_operating_revenue_yoy": -20.79446665397551, 
        "accumulated_operating_revenue": 561690, 
        "long_term_average": 74538, 
        "date": "2015-08-31", 
        "operating_revenue": 68973, 
        "short_term_average": 74526
    }
]