[
    {
        "date": "2012-01-31", 
        "operating_revenue": 512526, 
        "accumulated_operating_revenue": 512526, 
        "long_term_average": 512526, 
        "short_term_average": 512526
    }, 
    {
        "date": "2012-02-29", 
        "operating_revenue": 518679, 
        "accumulated_operating_revenue": 1031205, 
        "long_term_average": 515602, 
        "short_term_average": 515602
    }, 
    {
        "date": "2012-03-31", 
        "operating_revenue": 575198, 
        "accumulated_operating_revenue": 1606403, 
        "long_term_average": 535467, 
        "short_term_average": 535467
    }, 
    {
        "date": "2012-04-30", 
        "operating_revenue": 493448, 
        "accumulated_operating_revenue": 2099851, 
        "long_term_average": 524962, 
        "short_term_average": 529108
    }, 
    {
        "date": "2012-05-31", 
        "operating_revenue": 628954, 
        "accumulated_operating_revenue": 2728805, 
        "long_term_average": 545761, 
        "short_term_average": 565866
    }, 
    {
        "date": "2012-06-30", 
        "operating_revenue": 602117, 
        "accumulated_operating_revenue": 3330922, 
        "long_term_average": 555153, 
        "short_term_average": 574839
    }, 
    {
        "date": "2012-07-31", 
        "operating_revenue": 615770, 
        "accumulated_operating_revenue": 3946692, 
        "long_term_average": 563813, 
        "short_term_average": 615613
    }, 
    {
        "date": "2012-08-31", 
        "operating_revenue": 632695, 
        "accumulated_operating_revenue": 4579387, 
        "long_term_average": 572423, 
        "short_term_average": 616860
    }, 
    {
        "date": "2012-09-30", 
        "operating_revenue": 584084, 
        "accumulated_operating_revenue": 5163471, 
        "long_term_average": 573719, 
        "short_term_average": 610849
    }, 
    {
        "date": "2012-10-31", 
        "operating_revenue": 611794, 
        "accumulated_operating_revenue": 5775265, 
        "long_term_average": 577526, 
        "short_term_average": 609524
    }, 
    {
        "date": "2012-11-30", 
        "operating_revenue": 604462, 
        "accumulated_operating_revenue": 6379727, 
        "long_term_average": 579975, 
        "short_term_average": 600113
    }, 
    {
        "date": "2012-12-31", 
        "operating_revenue": 677863, 
        "accumulated_operating_revenue": 7057590, 
        "long_term_average": 588132, 
        "short_term_average": 631373
    }, 
    {
        "accumulated_operating_revenue_yoy": 107.84116318001429, 
        "accumulated_operating_revenue": 1065240, 
        "long_term_average": 634192, 
        "date": "2013-01-31", 
        "operating_revenue": 1065240, 
        "short_term_average": 782521
    }, 
    {
        "accumulated_operating_revenue_yoy": 83.16047730567637, 
        "accumulated_operating_revenue": 1888760, 
        "long_term_average": 659595, 
        "date": "2013-02-28", 
        "operating_revenue": 823520, 
        "short_term_average": 855541
    }, 
    {
        "accumulated_operating_revenue_yoy": 67.58596690867734, 
        "accumulated_operating_revenue": 2692106, 
        "long_term_average": 678607, 
        "date": "2013-03-31", 
        "operating_revenue": 803346, 
        "short_term_average": 897368
    }, 
    {
        "accumulated_operating_revenue_yoy": 63.56170033016628, 
        "accumulated_operating_revenue": 3434552, 
        "long_term_average": 699357, 
        "date": "2013-04-30", 
        "operating_revenue": 742446, 
        "short_term_average": 789770
    }, 
    {
        "accumulated_operating_revenue_yoy": 51.89564662920216, 
        "accumulated_operating_revenue": 4144936, 
        "long_term_average": 706143, 
        "date": "2013-05-31", 
        "operating_revenue": 710384, 
        "short_term_average": 752058
    }, 
    {
        "accumulated_operating_revenue_yoy": 45.55579506214796, 
        "accumulated_operating_revenue": 4848350, 
        "long_term_average": 714584, 
        "date": "2013-06-30", 
        "operating_revenue": 703414, 
        "short_term_average": 718748
    }, 
    {
        "accumulated_operating_revenue_yoy": 42.48190636614157, 
        "accumulated_operating_revenue": 5623322, 
        "long_term_average": 727851, 
        "date": "2013-07-31", 
        "operating_revenue": 774972, 
        "short_term_average": 729590
    }, 
    {
        "accumulated_operating_revenue_yoy": 39.462530683691945, 
        "accumulated_operating_revenue": 6386529, 
        "long_term_average": 738727, 
        "date": "2013-08-31", 
        "operating_revenue": 763207, 
        "short_term_average": 747197
    }, 
    {
        "accumulated_operating_revenue_yoy": 38.99194940767558, 
        "accumulated_operating_revenue": 7176809, 
        "long_term_average": 755910, 
        "date": "2013-09-30", 
        "operating_revenue": 790280, 
        "short_term_average": 776153
    }, 
    {
        "accumulated_operating_revenue_yoy": 38.45967241330052, 
        "accumulated_operating_revenue": 7996413, 
        "long_term_average": 773228, 
        "date": "2013-10-31", 
        "operating_revenue": 819604, 
        "short_term_average": 791030
    }, 
    {
        "accumulated_operating_revenue_yoy": 39.50042062928398, 
        "accumulated_operating_revenue": 8899746, 
        "long_term_average": 798134, 
        "date": "2013-11-30", 
        "operating_revenue": 903333, 
        "short_term_average": 837739
    }, 
    {
        "accumulated_operating_revenue_yoy": 40.7858915012065, 
        "accumulated_operating_revenue": 9936091, 
        "long_term_average": 828007, 
        "date": "2013-12-31", 
        "operating_revenue": 1036345, 
        "short_term_average": 919760
    }, 
    {
        "accumulated_operating_revenue_yoy": -12.798148773985204, 
        "accumulated_operating_revenue": 928909, 
        "long_term_average": 816646, 
        "date": "2014-01-31", 
        "operating_revenue": 928909, 
        "short_term_average": 956195
    }, 
    {
        "accumulated_operating_revenue_yoy": -0.4008449988352146, 
        "accumulated_operating_revenue": 1881189, 
        "long_term_average": 827376, 
        "date": "2014-02-28", 
        "operating_revenue": 952280, 
        "short_term_average": 972511
    }, 
    {
        "accumulated_operating_revenue_yoy": 3.0452367031610197, 
        "accumulated_operating_revenue": 2774087, 
        "long_term_average": 834839, 
        "date": "2014-03-31", 
        "operating_revenue": 892898, 
        "short_term_average": 924695
    }, 
    {
        "accumulated_operating_revenue_yoy": 8.201768382018965, 
        "accumulated_operating_revenue": 3716246, 
        "long_term_average": 851482, 
        "date": "2014-04-30", 
        "operating_revenue": 942159, 
        "short_term_average": 929112
    }, 
    {
        "accumulated_operating_revenue_yoy": 11.625535352053687, 
        "accumulated_operating_revenue": 4626807, 
        "long_term_average": 868163, 
        "date": "2014-05-31", 
        "operating_revenue": 910561, 
        "short_term_average": 915206
    }, 
    {
        "accumulated_operating_revenue_yoy": 13.45525797436241, 
        "accumulated_operating_revenue": 5500708, 
        "long_term_average": 882370, 
        "date": "2014-06-30", 
        "operating_revenue": 873901, 
        "short_term_average": 908873
    }, 
    {
        "accumulated_operating_revenue_yoy": 13.108497076994702, 
        "accumulated_operating_revenue": 6360455, 
        "long_term_average": 889435, 
        "date": "2014-07-31", 
        "operating_revenue": 859747, 
        "short_term_average": 881403
    }, 
    {
        "accumulated_operating_revenue_yoy": 12.828016595556052, 
        "accumulated_operating_revenue": 7205794, 
        "long_term_average": 896279, 
        "date": "2014-08-31", 
        "operating_revenue": 845339, 
        "short_term_average": 859662
    }, 
    {
        "accumulated_operating_revenue_yoy": 10.986149972780382, 
        "accumulated_operating_revenue": 7965264, 
        "long_term_average": 893712, 
        "date": "2014-09-30", 
        "operating_revenue": 759470, 
        "short_term_average": 821518
    }, 
    {
        "accumulated_operating_revenue_yoy": 10.365347562713431, 
        "accumulated_operating_revenue": 8825269, 
        "long_term_average": 897078, 
        "date": "2014-10-31", 
        "operating_revenue": 860005, 
        "short_term_average": 821604
    }, 
    {
        "accumulated_operating_revenue_yoy": 9.863405090437412, 
        "accumulated_operating_revenue": 9777564, 
        "long_term_average": 901159, 
        "date": "2014-11-30", 
        "operating_revenue": 952295, 
        "short_term_average": 857256
    }, 
    {
        "accumulated_operating_revenue_yoy": 8.258348278009933, 
        "accumulated_operating_revenue": 10756648, 
        "long_term_average": 896387, 
        "date": "2014-12-31", 
        "operating_revenue": 979084, 
        "short_term_average": 930461
    }, 
    {
        "accumulated_operating_revenue_yoy": 21.412538795511722, 
        "accumulated_operating_revenue": 1127812, 
        "long_term_average": 912962, 
        "date": "2015-01-31", 
        "operating_revenue": 1127812, 
        "short_term_average": 1019730
    }, 
    {
        "accumulated_operating_revenue_yoy": 3.9572844621141203, 
        "accumulated_operating_revenue": 1955633, 
        "long_term_average": 902591, 
        "date": "2015-02-28", 
        "operating_revenue": 827821, 
        "short_term_average": 978239
    }, 
    {
        "accumulated_operating_revenue_yoy": 7.2975721381485155, 
        "accumulated_operating_revenue": 2976528, 
        "long_term_average": 913257, 
        "date": "2015-03-31", 
        "operating_revenue": 1020895, 
        "short_term_average": 992176
    }, 
    {
        "accumulated_operating_revenue_yoy": 2.3013546465976686, 
        "accumulated_operating_revenue": 3801770, 
        "long_term_average": 903514, 
        "date": "2015-04-30", 
        "operating_revenue": 825242, 
        "short_term_average": 891319
    }, 
    {
        "accumulated_operating_revenue_yoy": 2.4850615121832402, 
        "accumulated_operating_revenue": 4741786, 
        "long_term_average": 905968, 
        "date": "2015-05-31", 
        "operating_revenue": 940016, 
        "short_term_average": 928717
    }, 
    {
        "accumulated_operating_revenue_yoy": 2.8361076428706995, 
        "accumulated_operating_revenue": 5656714, 
        "long_term_average": 909387, 
        "date": "2015-06-30", 
        "operating_revenue": 914928, 
        "short_term_average": 893395
    }, 
    {
        "accumulated_operating_revenue_yoy": 2.9096660537650214, 
        "accumulated_operating_revenue": 6545523, 
        "long_term_average": 911809, 
        "date": "2015-07-31", 
        "operating_revenue": 888809, 
        "short_term_average": 914584
    }, 
    {
        "accumulated_operating_revenue_yoy": 2.058024417572859, 
        "accumulated_operating_revenue": 7354091, 
        "long_term_average": 908745, 
        "date": "2015-08-31", 
        "operating_revenue": 808568, 
        "short_term_average": 870768
    }
]