[
    {
        "date": "2012-01-31", 
        "operating_revenue": 43208, 
        "accumulated_operating_revenue": 43208, 
        "long_term_average": 43208, 
        "short_term_average": 43208
    }, 
    {
        "date": "2012-02-29", 
        "operating_revenue": 28793, 
        "accumulated_operating_revenue": 72001, 
        "long_term_average": 36000, 
        "short_term_average": 36000
    }, 
    {
        "date": "2012-03-31", 
        "operating_revenue": 74261, 
        "accumulated_operating_revenue": 146262, 
        "long_term_average": 48754, 
        "short_term_average": 48754
    }, 
    {
        "date": "2012-04-30", 
        "operating_revenue": 22402, 
        "accumulated_operating_revenue": 168664, 
        "long_term_average": 42166, 
        "short_term_average": 41818
    }, 
    {
        "date": "2012-05-31", 
        "operating_revenue": 31850, 
        "accumulated_operating_revenue": 200514, 
        "long_term_average": 40102, 
        "short_term_average": 42837
    }, 
    {
        "date": "2012-06-30", 
        "operating_revenue": 49725, 
        "accumulated_operating_revenue": 250239, 
        "long_term_average": 41706, 
        "short_term_average": 34659
    }, 
    {
        "date": "2012-07-31", 
        "operating_revenue": 34917, 
        "accumulated_operating_revenue": 285156, 
        "long_term_average": 40736, 
        "short_term_average": 38830
    }, 
    {
        "date": "2012-08-31", 
        "operating_revenue": 75628, 
        "accumulated_operating_revenue": 360784, 
        "long_term_average": 45098, 
        "short_term_average": 53423
    }, 
    {
        "date": "2012-09-30", 
        "operating_revenue": 61212, 
        "accumulated_operating_revenue": 421996, 
        "long_term_average": 46888, 
        "short_term_average": 57252
    }, 
    {
        "date": "2012-10-31", 
        "operating_revenue": 74608, 
        "accumulated_operating_revenue": 496604, 
        "long_term_average": 49660, 
        "short_term_average": 70482
    }, 
    {
        "date": "2012-11-30", 
        "operating_revenue": 58903, 
        "accumulated_operating_revenue": 555507, 
        "long_term_average": 50500, 
        "short_term_average": 64907
    }, 
    {
        "date": "2012-12-31", 
        "operating_revenue": 34972, 
        "accumulated_operating_revenue": 590479, 
        "long_term_average": 49206, 
        "short_term_average": 56161
    }, 
    {
        "accumulated_operating_revenue_yoy": 24.432975374930567, 
        "accumulated_operating_revenue": 53765, 
        "long_term_average": 50086, 
        "date": "2013-01-31", 
        "operating_revenue": 53765, 
        "short_term_average": 49213
    }, 
    {
        "accumulated_operating_revenue_yoy": 22.656629769030985, 
        "accumulated_operating_revenue": 88314, 
        "long_term_average": 50566, 
        "date": "2013-02-28", 
        "operating_revenue": 34549, 
        "short_term_average": 41095
    }, 
    {
        "accumulated_operating_revenue_yoy": -9.366069108859444, 
        "accumulated_operating_revenue": 132563, 
        "long_term_average": 48065, 
        "date": "2013-03-31", 
        "operating_revenue": 44249, 
        "short_term_average": 44187
    }, 
    {
        "accumulated_operating_revenue_yoy": 6.487454347104301, 
        "accumulated_operating_revenue": 179606, 
        "long_term_average": 50118, 
        "date": "2013-04-30", 
        "operating_revenue": 47043, 
        "short_term_average": 41947
    }, 
    {
        "accumulated_operating_revenue_yoy": 12.02310063137736, 
        "accumulated_operating_revenue": 224622, 
        "long_term_average": 51215, 
        "date": "2013-05-31", 
        "operating_revenue": 45016, 
        "short_term_average": 45436
    }, 
    {
        "accumulated_operating_revenue_yoy": 8.38518376432131, 
        "accumulated_operating_revenue": 271222, 
        "long_term_average": 50955, 
        "date": "2013-06-30", 
        "operating_revenue": 46600, 
        "short_term_average": 46219
    }, 
    {
        "accumulated_operating_revenue_yoy": 9.591241285471812, 
        "accumulated_operating_revenue": 312506, 
        "long_term_average": 51485, 
        "date": "2013-07-31", 
        "operating_revenue": 41284, 
        "short_term_average": 44300
    }, 
    {
        "accumulated_operating_revenue_yoy": -3.8463457359528137, 
        "accumulated_operating_revenue": 346907, 
        "long_term_average": 48050, 
        "date": "2013-08-31", 
        "operating_revenue": 34401, 
        "short_term_average": 40761
    }, 
    {
        "accumulated_operating_revenue_yoy": 2.490070995933611, 
        "accumulated_operating_revenue": 432504, 
        "long_term_average": 50082, 
        "date": "2013-09-30", 
        "operating_revenue": 85597, 
        "short_term_average": 53760
    }, 
    {
        "accumulated_operating_revenue_yoy": -6.903287126160884, 
        "accumulated_operating_revenue": 462322, 
        "long_term_average": 46349, 
        "date": "2013-10-31", 
        "operating_revenue": 29818, 
        "short_term_average": 49938
    }, 
    {
        "accumulated_operating_revenue_yoy": -1.7924166572158406, 
        "accumulated_operating_revenue": 545550, 
        "long_term_average": 48376, 
        "date": "2013-11-30", 
        "operating_revenue": 83228, 
        "short_term_average": 66214
    }, 
    {
        "accumulated_operating_revenue_yoy": -0.2633455211785686, 
        "accumulated_operating_revenue": 588924, 
        "long_term_average": 49077, 
        "date": "2013-12-31", 
        "operating_revenue": 43374, 
        "short_term_average": 52140
    }, 
    {
        "accumulated_operating_revenue_yoy": 19.269041197805265, 
        "accumulated_operating_revenue": 64125, 
        "long_term_average": 49940, 
        "date": "2014-01-31", 
        "operating_revenue": 64125, 
        "short_term_average": 63575
    }, 
    {
        "accumulated_operating_revenue_yoy": 36.55252847793102, 
        "accumulated_operating_revenue": 120595, 
        "long_term_average": 51767, 
        "date": "2014-02-28", 
        "operating_revenue": 56470, 
        "short_term_average": 54656
    }, 
    {
        "accumulated_operating_revenue_yoy": 47.34428158686813, 
        "accumulated_operating_revenue": 195324, 
        "long_term_average": 54307, 
        "date": "2014-03-31", 
        "operating_revenue": 74729, 
        "short_term_average": 65108
    }, 
    {
        "accumulated_operating_revenue_yoy": 32.62641559858802, 
        "accumulated_operating_revenue": 238205, 
        "long_term_average": 53960, 
        "date": "2014-04-30", 
        "operating_revenue": 42881, 
        "short_term_average": 58026
    }, 
    {
        "accumulated_operating_revenue_yoy": 23.21233004781366, 
        "accumulated_operating_revenue": 276762, 
        "long_term_average": 53422, 
        "date": "2014-05-31", 
        "operating_revenue": 38557, 
        "short_term_average": 52055
    }, 
    {
        "accumulated_operating_revenue_yoy": 14.152612988621868, 
        "accumulated_operating_revenue": 309607, 
        "long_term_average": 52275, 
        "date": "2014-06-30", 
        "operating_revenue": 32845, 
        "short_term_average": 38094
    }, 
    {
        "accumulated_operating_revenue_yoy": 13.334463978291616, 
        "accumulated_operating_revenue": 354177, 
        "long_term_average": 52549, 
        "date": "2014-07-31", 
        "operating_revenue": 44570, 
        "short_term_average": 38657
    }, 
    {
        "accumulated_operating_revenue_yoy": 26.385746035681034, 
        "accumulated_operating_revenue": 438441, 
        "long_term_average": 56704, 
        "date": "2014-08-31", 
        "operating_revenue": 84264, 
        "short_term_average": 53893
    }, 
    {
        "accumulated_operating_revenue_yoy": 27.209921757949058, 
        "accumulated_operating_revenue": 550188, 
        "long_term_average": 58884, 
        "date": "2014-09-30", 
        "operating_revenue": 111747, 
        "short_term_average": 80193
    }, 
    {
        "accumulated_operating_revenue_yoy": 38.18074848265927, 
        "accumulated_operating_revenue": 638840, 
        "long_term_average": 63786, 
        "date": "2014-10-31", 
        "operating_revenue": 88652, 
        "short_term_average": 94887
    }, 
    {
        "accumulated_operating_revenue_yoy": 28.68481349097241, 
        "accumulated_operating_revenue": 702040, 
        "long_term_average": 62117, 
        "date": "2014-11-30", 
        "operating_revenue": 63200, 
        "short_term_average": 87866
    }, 
    {
        "accumulated_operating_revenue_yoy": 60.81548722755398, 
        "accumulated_operating_revenue": 947081, 
        "long_term_average": 78923, 
        "date": "2014-12-31", 
        "operating_revenue": 245041, 
        "short_term_average": 132297
    }, 
    {
        "accumulated_operating_revenue_yoy": 681.9009746588695, 
        "accumulated_operating_revenue": 501394, 
        "long_term_average": 115362, 
        "date": "2015-01-31", 
        "operating_revenue": 501394, 
        "short_term_average": 269878
    }, 
    {
        "accumulated_operating_revenue_yoy": 389.91334632447445, 
        "accumulated_operating_revenue": 590811, 
        "long_term_average": 118108, 
        "date": "2015-02-28", 
        "operating_revenue": 89417, 
        "short_term_average": 278617
    }, 
    {
        "accumulated_operating_revenue_yoy": 255.82980074133235, 
        "accumulated_operating_revenue": 695021, 
        "long_term_average": 120564, 
        "date": "2015-03-31", 
        "operating_revenue": 104210, 
        "short_term_average": 231673
    }, 
    {
        "accumulated_operating_revenue_yoy": 225.3151697067652, 
        "accumulated_operating_revenue": 774917, 
        "long_term_average": 123649, 
        "date": "2015-04-30", 
        "operating_revenue": 79896, 
        "short_term_average": 91174
    }, 
    {
        "accumulated_operating_revenue_yoy": 210.51589452309204, 
        "accumulated_operating_revenue": 859390, 
        "long_term_average": 127475, 
        "date": "2015-05-31", 
        "operating_revenue": 84473, 
        "short_term_average": 89526
    }, 
    {
        "accumulated_operating_revenue_yoy": 213.59174695662566, 
        "accumulated_operating_revenue": 970902, 
        "long_term_average": 134031, 
        "date": "2015-06-30", 
        "operating_revenue": 111512, 
        "short_term_average": 91960
    }, 
    {
        "accumulated_operating_revenue_yoy": 225.78145955270955, 
        "accumulated_operating_revenue": 1153843, 
        "long_term_average": 145562, 
        "date": "2015-07-31", 
        "operating_revenue": 182941, 
        "short_term_average": 126308
    }, 
    {
        "accumulated_operating_revenue_yoy": 184.26698233057584, 
        "accumulated_operating_revenue": 1246343, 
        "long_term_average": 146248, 
        "date": "2015-08-31", 
        "operating_revenue": 92500, 
        "short_term_average": 128984
    }
]