[
    {
        "date": "2011-09-30", 
        "operating_revenue": 1023471, 
        "accumulated_operating_revenue": 1023471, 
        "long_term_average": 1023471, 
        "short_term_average": 1023471
    }, 
    {
        "date": "2011-10-31", 
        "operating_revenue": 1254358, 
        "accumulated_operating_revenue": 2277829, 
        "long_term_average": 1138914, 
        "short_term_average": 1138914
    }, 
    {
        "date": "2011-11-30", 
        "operating_revenue": 1306877, 
        "accumulated_operating_revenue": 3584706, 
        "long_term_average": 1194902, 
        "short_term_average": 1194902
    }, 
    {
        "date": "2011-12-31", 
        "operating_revenue": 1331604, 
        "accumulated_operating_revenue": 4916310, 
        "long_term_average": 1229077, 
        "short_term_average": 1297613
    }, 
    {
        "date": "2012-01-31", 
        "operating_revenue": 1113298, 
        "accumulated_operating_revenue": 1113298, 
        "long_term_average": 1205921, 
        "short_term_average": 1250593
    }, 
    {
        "date": "2012-02-29", 
        "operating_revenue": 1407975, 
        "accumulated_operating_revenue": 2521273, 
        "long_term_average": 1239597, 
        "short_term_average": 1284292
    }, 
    {
        "date": "2012-03-31", 
        "operating_revenue": 1622936, 
        "accumulated_operating_revenue": 4144209, 
        "long_term_average": 1294359, 
        "short_term_average": 1381403
    }, 
    {
        "date": "2012-04-30", 
        "operating_revenue": 1663618, 
        "accumulated_operating_revenue": 5807827, 
        "long_term_average": 1340517, 
        "short_term_average": 1564843
    }, 
    {
        "date": "2012-05-31", 
        "operating_revenue": 1793956, 
        "accumulated_operating_revenue": 7601783, 
        "long_term_average": 1390899, 
        "short_term_average": 1693503
    }, 
    {
        "date": "2012-06-30", 
        "operating_revenue": 1859162, 
        "accumulated_operating_revenue": 9460945, 
        "long_term_average": 1437725, 
        "short_term_average": 1772245
    }, 
    {
        "date": "2012-07-31", 
        "operating_revenue": 1909664, 
        "accumulated_operating_revenue": 11370609, 
        "long_term_average": 1480629, 
        "short_term_average": 1854260
    }, 
    {
        "date": "2012-08-31", 
        "operating_revenue": 1852314, 
        "accumulated_operating_revenue": 13222923, 
        "long_term_average": 1511602, 
        "short_term_average": 1873713
    }, 
    {
        "accumulated_operating_revenue_yoy": 1365.446895906186, 
        "accumulated_operating_revenue": 14998424, 
        "long_term_average": 1574271, 
        "date": "2012-09-30", 
        "operating_revenue": 1775501, 
        "short_term_average": 1845826
    }, 
    {
        "accumulated_operating_revenue_yoy": 626.3169886764986, 
        "accumulated_operating_revenue": 16544259, 
        "long_term_average": 1598561, 
        "date": "2012-10-31", 
        "operating_revenue": 1545835, 
        "short_term_average": 1724550
    }, 
    {
        "accumulated_operating_revenue_yoy": 399.4423252562414, 
        "accumulated_operating_revenue": 17903539, 
        "long_term_average": 1602928, 
        "date": "2012-11-30", 
        "operating_revenue": 1359280, 
        "short_term_average": 1560205
    }, 
    {
        "accumulated_operating_revenue_yoy": 291.9193663540338, 
        "accumulated_operating_revenue": 19267971, 
        "long_term_average": 1605664, 
        "date": "2012-12-31", 
        "operating_revenue": 1364432, 
        "short_term_average": 1423182
    }, 
    {
        "accumulated_operating_revenue_yoy": 26.40326309757136, 
        "accumulated_operating_revenue": 1407245, 
        "long_term_average": 1630159, 
        "date": "2013-01-31", 
        "operating_revenue": 1407245, 
        "short_term_average": 1376985
    }, 
    {
        "accumulated_operating_revenue_yoy": -2.2782142195628956, 
        "accumulated_operating_revenue": 2463833, 
        "long_term_average": 1600877, 
        "date": "2013-02-28", 
        "operating_revenue": 1056588, 
        "short_term_average": 1276088
    }, 
    {
        "accumulated_operating_revenue_yoy": -0.8756556438152612, 
        "accumulated_operating_revenue": 4107920, 
        "long_term_average": 1602640, 
        "date": "2013-03-31", 
        "operating_revenue": 1644087, 
        "short_term_average": 1369306
    }, 
    {
        "accumulated_operating_revenue_yoy": 0.3552447412775897, 
        "accumulated_operating_revenue": 5828459, 
        "long_term_average": 1607383, 
        "date": "2013-04-30", 
        "operating_revenue": 1720539, 
        "short_term_average": 1473738
    }, 
    {
        "accumulated_operating_revenue_yoy": -1.0371251060442004, 
        "accumulated_operating_revenue": 7522943, 
        "long_term_average": 1599094, 
        "date": "2013-05-31", 
        "operating_revenue": 1694484, 
        "short_term_average": 1686370
    }, 
    {
        "accumulated_operating_revenue_yoy": -2.7465332480000675, 
        "accumulated_operating_revenue": 9201097, 
        "long_term_average": 1584010, 
        "date": "2013-06-30", 
        "operating_revenue": 1678154, 
        "short_term_average": 1697725
    }, 
    {
        "accumulated_operating_revenue_yoy": -3.436614520822939, 
        "accumulated_operating_revenue": 10979845, 
        "long_term_average": 1573100, 
        "date": "2013-07-31", 
        "operating_revenue": 1778748, 
        "short_term_average": 1717128
    }, 
    {
        "accumulated_operating_revenue_yoy": -4.011647046572078, 
        "accumulated_operating_revenue": 12692466, 
        "long_term_average": 1561459, 
        "date": "2013-08-31", 
        "operating_revenue": 1712621, 
        "short_term_average": 1723174
    }, 
    {
        "accumulated_operating_revenue_yoy": -4.828153944707791, 
        "accumulated_operating_revenue": 14274277, 
        "long_term_average": 1545318, 
        "date": "2013-09-30", 
        "operating_revenue": 1581811, 
        "short_term_average": 1691060
    }, 
    {
        "accumulated_operating_revenue_yoy": -4.3814413205209135, 
        "accumulated_operating_revenue": 15819382, 
        "long_term_average": 1545257, 
        "date": "2013-10-31", 
        "operating_revenue": 1545105, 
        "short_term_average": 1613179
    }, 
    {
        "accumulated_operating_revenue_yoy": -2.5779595866493215, 
        "accumulated_operating_revenue": 17441993, 
        "long_term_average": 1567202, 
        "date": "2013-11-30", 
        "operating_revenue": 1622611, 
        "short_term_average": 1583175
    }, 
    {
        "accumulated_operating_revenue_yoy": -0.9929275895214914, 
        "accumulated_operating_revenue": 19076654, 
        "long_term_average": 1589721, 
        "date": "2013-12-31", 
        "operating_revenue": 1634661, 
        "short_term_average": 1600792
    }, 
    {
        "accumulated_operating_revenue_yoy": 11.504890761736585, 
        "accumulated_operating_revenue": 1569147, 
        "long_term_average": 1603213, 
        "date": "2014-01-31", 
        "operating_revenue": 1569147, 
        "short_term_average": 1608806
    }, 
    {
        "accumulated_operating_revenue_yoy": 18.743356388196766, 
        "accumulated_operating_revenue": 2925638, 
        "long_term_average": 1628204, 
        "date": "2014-02-28", 
        "operating_revenue": 1356491, 
        "short_term_average": 1520099
    }, 
    {
        "accumulated_operating_revenue_yoy": 13.701410933026933, 
        "accumulated_operating_revenue": 4670763, 
        "long_term_average": 1636624, 
        "date": "2014-03-31", 
        "operating_revenue": 1745125, 
        "short_term_average": 1556921
    }, 
    {
        "accumulated_operating_revenue_yoy": 11.920663763783875, 
        "accumulated_operating_revenue": 6523250, 
        "long_term_average": 1647620, 
        "date": "2014-04-30", 
        "operating_revenue": 1852487, 
        "short_term_average": 1651367
    }, 
    {
        "accumulated_operating_revenue_yoy": 14.361068533950078, 
        "accumulated_operating_revenue": 8603318, 
        "long_term_average": 1679752, 
        "date": "2014-05-31", 
        "operating_revenue": 2080068, 
        "short_term_average": 1892560
    }, 
    {
        "accumulated_operating_revenue_yoy": 16.200166132364437, 
        "accumulated_operating_revenue": 10691690, 
        "long_term_average": 1713937, 
        "date": "2014-06-30", 
        "operating_revenue": 2088372, 
        "short_term_average": 2006975
    }, 
    {
        "accumulated_operating_revenue_yoy": 15.90814806584246, 
        "accumulated_operating_revenue": 12726535, 
        "long_term_average": 1735278, 
        "date": "2014-07-31", 
        "operating_revenue": 2034845, 
        "short_term_average": 2067761
    }, 
    {
        "accumulated_operating_revenue_yoy": 16.281122990599307, 
        "accumulated_operating_revenue": 14758942, 
        "long_term_average": 1761927, 
        "date": "2014-08-31", 
        "operating_revenue": 2032407, 
        "short_term_average": 2051874
    }, 
    {
        "accumulated_operating_revenue_yoy": 17.966724339173183, 
        "accumulated_operating_revenue": 16838897, 
        "long_term_average": 1803439, 
        "date": "2014-09-30", 
        "operating_revenue": 2079955, 
        "short_term_average": 2049069
    }, 
    {
        "accumulated_operating_revenue_yoy": 19.31059000914195, 
        "accumulated_operating_revenue": 18874198, 
        "long_term_average": 1844289, 
        "date": "2014-10-31", 
        "operating_revenue": 2035301, 
        "short_term_average": 2049221
    }, 
    {
        "accumulated_operating_revenue_yoy": 20.152616733649648, 
        "accumulated_operating_revenue": 20957011, 
        "long_term_average": 1882639, 
        "date": "2014-11-30", 
        "operating_revenue": 2082813, 
        "short_term_average": 2066023
    }, 
    {
        "accumulated_operating_revenue_yoy": 21.57629424950518, 
        "accumulated_operating_revenue": 23192689, 
        "long_term_average": 1932724, 
        "date": "2014-12-31", 
        "operating_revenue": 2235678, 
        "short_term_average": 2117930
    }, 
    {
        "accumulated_operating_revenue_yoy": 46.361558222397264, 
        "accumulated_operating_revenue": 2296628, 
        "long_term_average": 1993347, 
        "date": "2015-01-31", 
        "operating_revenue": 2296628, 
        "short_term_average": 2205039
    }, 
    {
        "accumulated_operating_revenue_yoy": 36.39602712297283, 
        "accumulated_operating_revenue": 3990454, 
        "long_term_average": 2021458, 
        "date": "2015-02-28", 
        "operating_revenue": 1693826, 
        "short_term_average": 2075377
    }, 
    {
        "accumulated_operating_revenue_yoy": 35.85726785966233, 
        "accumulated_operating_revenue": 6345571, 
        "long_term_average": 2072291, 
        "date": "2015-03-31", 
        "operating_revenue": 2355117, 
        "short_term_average": 2115190
    }, 
    {
        "accumulated_operating_revenue_yoy": 37.56547733108497, 
        "accumulated_operating_revenue": 8973740, 
        "long_term_average": 2136931, 
        "date": "2015-04-30", 
        "operating_revenue": 2628169, 
        "short_term_average": 2225704
    }, 
    {
        "accumulated_operating_revenue_yoy": 36.88264225499976, 
        "accumulated_operating_revenue": 11776449, 
        "long_term_average": 2197151, 
        "date": "2015-05-31", 
        "operating_revenue": 2802709, 
        "short_term_average": 2595331
    }, 
    {
        "accumulated_operating_revenue_yoy": 39.36570364460623, 
        "accumulated_operating_revenue": 14900549, 
        "long_term_average": 2283462, 
        "date": "2015-06-30", 
        "operating_revenue": 3124100, 
        "short_term_average": 2851659
    }, 
    {
        "accumulated_operating_revenue_yoy": 44.60068667551694, 
        "accumulated_operating_revenue": 18402657, 
        "long_term_average": 2405734, 
        "date": "2015-07-31", 
        "operating_revenue": 3502108, 
        "short_term_average": 3142972
    }, 
    {
        "accumulated_operating_revenue_yoy": 48.535531882976436, 
        "accumulated_operating_revenue": 21922273, 
        "long_term_average": 2529668, 
        "date": "2015-08-31", 
        "operating_revenue": 3519616, 
        "short_term_average": 3381941
    }, 
    {
        "accumulated_operating_revenue_yoy": 50.26348816077443, 
        "accumulated_operating_revenue": 25302714, 
        "long_term_average": 2638042, 
        "date": "2015-09-30", 
        "operating_revenue": 3380441, 
        "short_term_average": 3467388
    }
]