[
    {
        "date": "2011-09-30", 
        "operating_revenue": 465723, 
        "accumulated_operating_revenue": 465723, 
        "long_term_average": 465723, 
        "short_term_average": 465723
    }, 
    {
        "date": "2011-10-31", 
        "operating_revenue": 360799, 
        "accumulated_operating_revenue": 826522, 
        "long_term_average": 413261, 
        "short_term_average": 413261
    }, 
    {
        "date": "2011-11-30", 
        "operating_revenue": 306404, 
        "accumulated_operating_revenue": 1132926, 
        "long_term_average": 377642, 
        "short_term_average": 377642
    }, 
    {
        "date": "2011-12-31", 
        "operating_revenue": 172304, 
        "accumulated_operating_revenue": 1305230, 
        "long_term_average": 326307, 
        "short_term_average": 279835
    }, 
    {
        "date": "2012-01-31", 
        "operating_revenue": 266086, 
        "accumulated_operating_revenue": 266086, 
        "long_term_average": 314263, 
        "short_term_average": 248264
    }, 
    {
        "date": "2012-02-29", 
        "operating_revenue": 321826, 
        "accumulated_operating_revenue": 587912, 
        "long_term_average": 315523, 
        "short_term_average": 253405
    }, 
    {
        "date": "2012-03-31", 
        "operating_revenue": 361863, 
        "accumulated_operating_revenue": 949775, 
        "long_term_average": 322143, 
        "short_term_average": 316591
    }, 
    {
        "date": "2012-04-30", 
        "operating_revenue": 291886, 
        "accumulated_operating_revenue": 1241661, 
        "long_term_average": 318361, 
        "short_term_average": 325191
    }, 
    {
        "date": "2012-05-31", 
        "operating_revenue": 290573, 
        "accumulated_operating_revenue": 1532234, 
        "long_term_average": 315273, 
        "short_term_average": 314774
    }, 
    {
        "date": "2012-06-30", 
        "operating_revenue": 280884, 
        "accumulated_operating_revenue": 1813118, 
        "long_term_average": 311834, 
        "short_term_average": 287781
    }, 
    {
        "date": "2012-07-31", 
        "operating_revenue": 462143, 
        "accumulated_operating_revenue": 2275261, 
        "long_term_average": 325499, 
        "short_term_average": 344533
    }, 
    {
        "date": "2012-08-31", 
        "operating_revenue": 558921, 
        "accumulated_operating_revenue": 2834182, 
        "long_term_average": 344951, 
        "short_term_average": 433982
    }, 
    {
        "accumulated_operating_revenue_yoy": 612.1052642879995, 
        "accumulated_operating_revenue": 3316438, 
        "long_term_average": 346328, 
        "date": "2012-09-30", 
        "operating_revenue": 482256, 
        "short_term_average": 501106
    }, 
    {
        "accumulated_operating_revenue_yoy": 346.80867538916084, 
        "accumulated_operating_revenue": 3692972, 
        "long_term_average": 347640, 
        "date": "2012-10-31", 
        "operating_revenue": 376534, 
        "short_term_average": 472570
    }, 
    {
        "accumulated_operating_revenue_yoy": 259.6455549612243, 
        "accumulated_operating_revenue": 4074518, 
        "long_term_average": 353901, 
        "date": "2012-11-30", 
        "operating_revenue": 381546, 
        "short_term_average": 413445
    }, 
    {
        "accumulated_operating_revenue_yoy": 235.1812324264689, 
        "accumulated_operating_revenue": 4374886, 
        "long_term_average": 364573, 
        "date": "2012-12-31", 
        "operating_revenue": 300368, 
        "short_term_average": 352816
    }, 
    {
        "accumulated_operating_revenue_yoy": 48.72447253895357, 
        "accumulated_operating_revenue": 395735, 
        "long_term_average": 375377, 
        "date": "2013-01-31", 
        "operating_revenue": 395735, 
        "short_term_average": 359216
    }, 
    {
        "accumulated_operating_revenue_yoy": 16.67052211895658, 
        "accumulated_operating_revenue": 685920, 
        "long_term_average": 372741, 
        "date": "2013-02-28", 
        "operating_revenue": 290185, 
        "short_term_average": 328762
    }, 
    {
        "accumulated_operating_revenue_yoy": 15.868705746097762, 
        "accumulated_operating_revenue": 1100492, 
        "long_term_average": 377133, 
        "date": "2013-03-31", 
        "operating_revenue": 414572, 
        "short_term_average": 366830
    }, 
    {
        "accumulated_operating_revenue_yoy": 14.277487977797481, 
        "accumulated_operating_revenue": 1418939, 
        "long_term_average": 379347, 
        "date": "2013-04-30", 
        "operating_revenue": 318447, 
        "short_term_average": 341068
    }, 
    {
        "accumulated_operating_revenue_yoy": 10.354032086482874, 
        "accumulated_operating_revenue": 1690882, 
        "long_term_average": 377794, 
        "date": "2013-05-31", 
        "operating_revenue": 271943, 
        "short_term_average": 334987
    }, 
    {
        "accumulated_operating_revenue_yoy": 5.9564793907511815, 
        "accumulated_operating_revenue": 1921116, 
        "long_term_average": 373573, 
        "date": "2013-06-30", 
        "operating_revenue": 230234, 
        "short_term_average": 273541
    }, 
    {
        "accumulated_operating_revenue_yoy": -0.6212913595407296, 
        "accumulated_operating_revenue": 2261125, 
        "long_term_average": 363395, 
        "date": "2013-07-31", 
        "operating_revenue": 340009, 
        "short_term_average": 280728
    }, 
    {
        "accumulated_operating_revenue_yoy": -6.688243733112412, 
        "accumulated_operating_revenue": 2644625, 
        "long_term_average": 348777, 
        "date": "2013-08-31", 
        "operating_revenue": 383500, 
        "short_term_average": 317914
    }, 
    {
        "accumulated_operating_revenue_yoy": -9.290298808540971, 
        "accumulated_operating_revenue": 3008331, 
        "long_term_average": 338898, 
        "date": "2013-09-30", 
        "operating_revenue": 363706, 
        "short_term_average": 362405
    }, 
    {
        "accumulated_operating_revenue_yoy": -11.465751703506012, 
        "accumulated_operating_revenue": 3269545, 
        "long_term_average": 329288, 
        "date": "2013-10-31", 
        "operating_revenue": 261214, 
        "short_term_average": 336140
    }, 
    {
        "accumulated_operating_revenue_yoy": -11.55964950946345, 
        "accumulated_operating_revenue": 3603518, 
        "long_term_average": 325323, 
        "date": "2013-11-30", 
        "operating_revenue": 333973, 
        "short_term_average": 319631
    }, 
    {
        "accumulated_operating_revenue_yoy": -11.72560839299584, 
        "accumulated_operating_revenue": 3861904, 
        "long_term_average": 321825, 
        "date": "2013-12-31", 
        "operating_revenue": 258386, 
        "short_term_average": 284524
    }, 
    {
        "accumulated_operating_revenue_yoy": -36.6765638621805, 
        "accumulated_operating_revenue": 250593, 
        "long_term_average": 309730, 
        "date": "2014-01-31", 
        "operating_revenue": 250593, 
        "short_term_average": 280984
    }, 
    {
        "accumulated_operating_revenue_yoy": -34.965156286447396, 
        "accumulated_operating_revenue": 446087, 
        "long_term_average": 301839, 
        "date": "2014-02-28", 
        "operating_revenue": 195494, 
        "short_term_average": 234824
    }, 
    {
        "accumulated_operating_revenue_yoy": -30.593498180813672, 
        "accumulated_operating_revenue": 763813, 
        "long_term_average": 293768, 
        "date": "2014-03-31", 
        "operating_revenue": 317726, 
        "short_term_average": 254604
    }, 
    {
        "accumulated_operating_revenue_yoy": -27.569966009814372, 
        "accumulated_operating_revenue": 1027738, 
        "long_term_average": 289225, 
        "date": "2014-04-30", 
        "operating_revenue": 263925, 
        "short_term_average": 259048
    }, 
    {
        "accumulated_operating_revenue_yoy": -23.194995274655476, 
        "accumulated_operating_revenue": 1298682, 
        "long_term_average": 289142, 
        "date": "2014-05-31", 
        "operating_revenue": 270944, 
        "short_term_average": 284198
    }, 
    {
        "accumulated_operating_revenue_yoy": -17.021876867404153, 
        "accumulated_operating_revenue": 1594106, 
        "long_term_average": 294574, 
        "date": "2014-06-30", 
        "operating_revenue": 295424, 
        "short_term_average": 276764
    }, 
    {
        "accumulated_operating_revenue_yoy": -14.346265686328707, 
        "accumulated_operating_revenue": 1936738, 
        "long_term_average": 294793, 
        "date": "2014-07-31", 
        "operating_revenue": 342632, 
        "short_term_average": 303000
    }, 
    {
        "accumulated_operating_revenue_yoy": -12.728269603440943, 
        "accumulated_operating_revenue": 2308010, 
        "long_term_average": 293774, 
        "date": "2014-08-31", 
        "operating_revenue": 371272, 
        "short_term_average": 336442
    }, 
    {
        "accumulated_operating_revenue_yoy": -11.66038577536847, 
        "accumulated_operating_revenue": 2657548, 
        "long_term_average": 292593, 
        "date": "2014-09-30", 
        "operating_revenue": 349538, 
        "short_term_average": 354480
    }, 
    {
        "accumulated_operating_revenue_yoy": -6.733352805971474, 
        "accumulated_operating_revenue": 3049395, 
        "long_term_average": 303479, 
        "date": "2014-10-31", 
        "operating_revenue": 391847, 
        "short_term_average": 370885
    }, 
    {
        "accumulated_operating_revenue_yoy": -4.091806950874118, 
        "accumulated_operating_revenue": 3456069, 
        "long_term_average": 309537, 
        "date": "2014-11-30", 
        "operating_revenue": 406674, 
        "short_term_average": 382686
    }, 
    {
        "accumulated_operating_revenue_yoy": -3.6128552133869714, 
        "accumulated_operating_revenue": 3722379, 
        "long_term_average": 310198, 
        "date": "2014-12-31", 
        "operating_revenue": 266310, 
        "short_term_average": 354943
    }, 
    {
        "accumulated_operating_revenue_yoy": 50.08839033811798, 
        "accumulated_operating_revenue": 376111, 
        "long_term_average": 320658, 
        "date": "2015-01-31", 
        "operating_revenue": 376111, 
        "short_term_average": 349698
    }, 
    {
        "accumulated_operating_revenue_yoy": 32.6404938946887, 
        "accumulated_operating_revenue": 591692, 
        "long_term_average": 322332, 
        "date": "2015-02-28", 
        "operating_revenue": 215581, 
        "short_term_average": 286000
    }, 
    {
        "accumulated_operating_revenue_yoy": 20.53395268213555, 
        "accumulated_operating_revenue": 920654, 
        "long_term_average": 323268, 
        "date": "2015-03-31", 
        "operating_revenue": 328962, 
        "short_term_average": 306884
    }, 
    {
        "accumulated_operating_revenue_yoy": 45.00329850603948, 
        "accumulated_operating_revenue": 1490254, 
        "long_term_average": 348741, 
        "date": "2015-04-30", 
        "operating_revenue": 569600, 
        "short_term_average": 371381
    }, 
    {
        "accumulated_operating_revenue_yoy": 52.62581601962605, 
        "accumulated_operating_revenue": 1982124, 
        "long_term_average": 367151, 
        "date": "2015-05-31", 
        "operating_revenue": 491870, 
        "short_term_average": 463477
    }, 
    {
        "accumulated_operating_revenue_yoy": 55.42435697500668, 
        "accumulated_operating_revenue": 2477629, 
        "long_term_average": 383825, 
        "date": "2015-06-30", 
        "operating_revenue": 495505, 
        "short_term_average": 518991
    }, 
    {
        "accumulated_operating_revenue_yoy": 57.08025556373655, 
        "accumulated_operating_revenue": 3042233, 
        "long_term_average": 402322, 
        "date": "2015-07-31", 
        "operating_revenue": 564604, 
        "short_term_average": 517326
    }, 
    {
        "accumulated_operating_revenue_yoy": 56.67063834212157, 
        "accumulated_operating_revenue": 3615974, 
        "long_term_average": 419195, 
        "date": "2015-08-31", 
        "operating_revenue": 573741, 
        "short_term_average": 544616
    }, 
    {
        "accumulated_operating_revenue_yoy": 56.96115366495732, 
        "accumulated_operating_revenue": 4171318, 
        "long_term_average": 436345, 
        "date": "2015-09-30", 
        "operating_revenue": 555344, 
        "short_term_average": 564563
    }, 
    {
        "accumulated_operating_revenue_yoy": 57.21780877846261, 
        "accumulated_operating_revenue": 4794192, 
        "long_term_average": 455598, 
        "date": "2015-10-31", 
        "operating_revenue": 622874, 
        "short_term_average": 583986
    }
]