[
    {
        "date": "2011-09-30", 
        "operating_revenue": 3385, 
        "accumulated_operating_revenue": 3385, 
        "long_term_average": 3385, 
        "short_term_average": 3385
    }, 
    {
        "date": "2011-10-31", 
        "operating_revenue": 6607, 
        "accumulated_operating_revenue": 9992, 
        "long_term_average": 4996, 
        "short_term_average": 4996
    }, 
    {
        "date": "2011-11-30", 
        "operating_revenue": 1690, 
        "accumulated_operating_revenue": 11682, 
        "long_term_average": 3894, 
        "short_term_average": 3894
    }, 
    {
        "date": "2011-12-31", 
        "operating_revenue": 1791, 
        "accumulated_operating_revenue": 13473, 
        "long_term_average": 3368, 
        "short_term_average": 3362
    }, 
    {
        "date": "2012-01-31", 
        "operating_revenue": 1471, 
        "accumulated_operating_revenue": 1471, 
        "long_term_average": 2988, 
        "short_term_average": 1650
    }, 
    {
        "date": "2012-02-29", 
        "operating_revenue": 1410, 
        "accumulated_operating_revenue": 2881, 
        "long_term_average": 2725, 
        "short_term_average": 1557
    }, 
    {
        "date": "2012-03-31", 
        "operating_revenue": 2359, 
        "accumulated_operating_revenue": 5240, 
        "long_term_average": 2673, 
        "short_term_average": 1746
    }, 
    {
        "date": "2012-04-30", 
        "operating_revenue": 1891, 
        "accumulated_operating_revenue": 7131, 
        "long_term_average": 2575, 
        "short_term_average": 1886
    }, 
    {
        "date": "2012-05-31", 
        "operating_revenue": 2051, 
        "accumulated_operating_revenue": 9182, 
        "long_term_average": 2517, 
        "short_term_average": 2100
    }, 
    {
        "date": "2012-06-30", 
        "operating_revenue": 1934, 
        "accumulated_operating_revenue": 11116, 
        "long_term_average": 2458, 
        "short_term_average": 1958
    }, 
    {
        "date": "2012-07-31", 
        "operating_revenue": 2381, 
        "accumulated_operating_revenue": 13497, 
        "long_term_average": 2451, 
        "short_term_average": 2122
    }, 
    {
        "date": "2012-08-31", 
        "operating_revenue": 2424, 
        "accumulated_operating_revenue": 15921, 
        "long_term_average": 2449, 
        "short_term_average": 2246
    }, 
    {
        "accumulated_operating_revenue_yoy": 435.15509601181685, 
        "accumulated_operating_revenue": 18115, 
        "long_term_average": 2350, 
        "date": "2012-09-30", 
        "operating_revenue": 2194, 
        "short_term_average": 2333
    }, 
    {
        "accumulated_operating_revenue_yoy": 113.87109687750201, 
        "accumulated_operating_revenue": 21370, 
        "long_term_average": 2070, 
        "date": "2012-10-31", 
        "operating_revenue": 3255, 
        "short_term_average": 2624
    }, 
    {
        "accumulated_operating_revenue_yoy": 101.15562403697997, 
        "accumulated_operating_revenue": 23499, 
        "long_term_average": 2107, 
        "date": "2012-11-30", 
        "operating_revenue": 2129, 
        "short_term_average": 2526
    }, 
    {
        "accumulated_operating_revenue_yoy": 97.06078824315297, 
        "accumulated_operating_revenue": 26550, 
        "long_term_average": 2212, 
        "date": "2012-12-31", 
        "operating_revenue": 3051, 
        "short_term_average": 2811
    }, 
    {
        "accumulated_operating_revenue_yoy": 99.25220938137322, 
        "accumulated_operating_revenue": 2931, 
        "long_term_average": 2334, 
        "date": "2013-01-31", 
        "operating_revenue": 2931, 
        "short_term_average": 2703
    }, 
    {
        "accumulated_operating_revenue_yoy": 137.2093023255814, 
        "accumulated_operating_revenue": 6834, 
        "long_term_average": 2541, 
        "date": "2013-02-28", 
        "operating_revenue": 3903, 
        "short_term_average": 3295
    }, 
    {
        "accumulated_operating_revenue_yoy": 94.1030534351145, 
        "accumulated_operating_revenue": 10171, 
        "long_term_average": 2623, 
        "date": "2013-03-31", 
        "operating_revenue": 3337, 
        "short_term_average": 3390
    }, 
    {
        "accumulated_operating_revenue_yoy": 84.78474267283691, 
        "accumulated_operating_revenue": 13177, 
        "long_term_average": 2716, 
        "date": "2013-04-30", 
        "operating_revenue": 3006, 
        "short_term_average": 3415
    }, 
    {
        "accumulated_operating_revenue_yoy": 75.80047919843172, 
        "accumulated_operating_revenue": 16142, 
        "long_term_average": 2792, 
        "date": "2013-05-31", 
        "operating_revenue": 2965, 
        "short_term_average": 3102
    }, 
    {
        "accumulated_operating_revenue_yoy": 68.47786973731557, 
        "accumulated_operating_revenue": 18728, 
        "long_term_average": 2846, 
        "date": "2013-06-30", 
        "operating_revenue": 2586, 
        "short_term_average": 2852
    }, 
    {
        "accumulated_operating_revenue_yoy": 58.73156997851374, 
        "accumulated_operating_revenue": 21424, 
        "long_term_average": 2873, 
        "date": "2013-07-31", 
        "operating_revenue": 2696, 
        "short_term_average": 2749
    }, 
    {
        "accumulated_operating_revenue_yoy": 61.949626279756295, 
        "accumulated_operating_revenue": 25784, 
        "long_term_average": 3034, 
        "date": "2013-08-31", 
        "operating_revenue": 4360, 
        "short_term_average": 3214
    }, 
    {
        "accumulated_operating_revenue_yoy": 65.80182169472812, 
        "accumulated_operating_revenue": 30035, 
        "long_term_average": 3205, 
        "date": "2013-09-30", 
        "operating_revenue": 4251, 
        "short_term_average": 3769
    }, 
    {
        "accumulated_operating_revenue_yoy": 58.71314927468414, 
        "accumulated_operating_revenue": 33917, 
        "long_term_average": 3258, 
        "date": "2013-10-31", 
        "operating_revenue": 3882, 
        "short_term_average": 4164
    }, 
    {
        "accumulated_operating_revenue_yoy": 63.1771564747436, 
        "accumulated_operating_revenue": 38345, 
        "long_term_average": 3449, 
        "date": "2013-11-30", 
        "operating_revenue": 4428, 
        "short_term_average": 4187
    }, 
    {
        "accumulated_operating_revenue_yoy": 60.65160075329567, 
        "accumulated_operating_revenue": 42653, 
        "long_term_average": 3554, 
        "date": "2013-12-31", 
        "operating_revenue": 4308, 
        "short_term_average": 4206
    }, 
    {
        "accumulated_operating_revenue_yoy": 41.00989423404981, 
        "accumulated_operating_revenue": 4133, 
        "long_term_average": 3654, 
        "date": "2014-01-31", 
        "operating_revenue": 4133, 
        "short_term_average": 4289
    }, 
    {
        "accumulated_operating_revenue_yoy": 26.090137547556335, 
        "accumulated_operating_revenue": 8617, 
        "long_term_average": 3703, 
        "date": "2014-02-28", 
        "operating_revenue": 4484, 
        "short_term_average": 4308
    }, 
    {
        "accumulated_operating_revenue_yoy": 18.198800511257495, 
        "accumulated_operating_revenue": 12022, 
        "long_term_average": 3708, 
        "date": "2014-03-31", 
        "operating_revenue": 3405, 
        "short_term_average": 4007
    }, 
    {
        "accumulated_operating_revenue_yoy": 15.610533505350233, 
        "accumulated_operating_revenue": 15234, 
        "long_term_average": 3725, 
        "date": "2014-04-30", 
        "operating_revenue": 3212, 
        "short_term_average": 3700
    }, 
    {
        "accumulated_operating_revenue_yoy": 12.90422500309751, 
        "accumulated_operating_revenue": 18225, 
        "long_term_average": 3728, 
        "date": "2014-05-31", 
        "operating_revenue": 2991, 
        "short_term_average": 3202
    }, 
    {
        "accumulated_operating_revenue_yoy": 12.937847073900045, 
        "accumulated_operating_revenue": 21151, 
        "long_term_average": 3756, 
        "date": "2014-06-30", 
        "operating_revenue": 2926, 
        "short_term_average": 3043
    }, 
    {
        "accumulated_operating_revenue_yoy": 11.991224794622852, 
        "accumulated_operating_revenue": 23993, 
        "long_term_average": 3768, 
        "date": "2014-07-31", 
        "operating_revenue": 2842, 
        "short_term_average": 2919
    }, 
    {
        "accumulated_operating_revenue_yoy": 5.2280484021098355, 
        "accumulated_operating_revenue": 27132, 
        "long_term_average": 3666, 
        "date": "2014-08-31", 
        "operating_revenue": 3139, 
        "short_term_average": 2969
    }, 
    {
        "accumulated_operating_revenue_yoy": -1.0887298152155818, 
        "accumulated_operating_revenue": 29708, 
        "long_term_average": 3527, 
        "date": "2014-09-30", 
        "operating_revenue": 2576, 
        "short_term_average": 2852
    }, 
    {
        "accumulated_operating_revenue_yoy": -3.172450393607925, 
        "accumulated_operating_revenue": 32841, 
        "long_term_average": 3464, 
        "date": "2014-10-31", 
        "operating_revenue": 3133, 
        "short_term_average": 2949
    }, 
    {
        "accumulated_operating_revenue_yoy": -6.634502542704395, 
        "accumulated_operating_revenue": 35801, 
        "long_term_average": 3342, 
        "date": "2014-11-30", 
        "operating_revenue": 2960, 
        "short_term_average": 2889
    }, 
    {
        "accumulated_operating_revenue_yoy": 158.68754835533255, 
        "accumulated_operating_revenue": 110338, 
        "long_term_average": 9194, 
        "date": "2014-12-31", 
        "operating_revenue": 74537, 
        "short_term_average": 26876
    }, 
    {
        "accumulated_operating_revenue_yoy": 1542.7776433583354, 
        "accumulated_operating_revenue": 67896, 
        "long_term_average": 14508, 
        "date": "2015-01-31", 
        "operating_revenue": 67896, 
        "short_term_average": 48464
    }, 
    {
        "accumulated_operating_revenue_yoy": 1615.1096669374492, 
        "accumulated_operating_revenue": 147791, 
        "long_term_average": 20792, 
        "date": "2015-02-28", 
        "operating_revenue": 79895, 
        "short_term_average": 74109
    }, 
    {
        "accumulated_operating_revenue_yoy": 2196.5396772583595, 
        "accumulated_operating_revenue": 276090, 
        "long_term_average": 31200, 
        "date": "2015-03-31", 
        "operating_revenue": 128299, 
        "short_term_average": 92030
    }, 
    {
        "accumulated_operating_revenue_yoy": 2264.79585138506, 
        "accumulated_operating_revenue": 360253, 
        "long_term_average": 37946, 
        "date": "2015-04-30", 
        "operating_revenue": 84163, 
        "short_term_average": 97452
    }, 
    {
        "accumulated_operating_revenue_yoy": 2377.838134430727, 
        "accumulated_operating_revenue": 451586, 
        "long_term_average": 45308, 
        "date": "2015-05-31", 
        "operating_revenue": 91333, 
        "short_term_average": 101265
    }, 
    {
        "accumulated_operating_revenue_yoy": 2423.2518557042217, 
        "accumulated_operating_revenue": 533693, 
        "long_term_average": 51906, 
        "date": "2015-06-30", 
        "operating_revenue": 82107, 
        "short_term_average": 85867
    }, 
    {
        "accumulated_operating_revenue_yoy": 2439.3448089025965, 
        "accumulated_operating_revenue": 609265, 
        "long_term_average": 57967, 
        "date": "2015-07-31", 
        "operating_revenue": 75572, 
        "short_term_average": 83004
    }, 
    {
        "accumulated_operating_revenue_yoy": 2500.530738611234, 
        "accumulated_operating_revenue": 705576, 
        "long_term_average": 65731, 
        "date": "2015-08-31", 
        "operating_revenue": 96311, 
        "short_term_average": 84663
    }
]