[
    {
        "date": "2011-09-30", 
        "operating_revenue": 25144, 
        "accumulated_operating_revenue": 25144, 
        "long_term_average": 25144, 
        "short_term_average": 25144
    }, 
    {
        "date": "2011-10-31", 
        "operating_revenue": 20366, 
        "accumulated_operating_revenue": 45510, 
        "long_term_average": 22755, 
        "short_term_average": 22755
    }, 
    {
        "date": "2011-11-30", 
        "operating_revenue": 24467, 
        "accumulated_operating_revenue": 69977, 
        "long_term_average": 23325, 
        "short_term_average": 23325
    }, 
    {
        "date": "2011-12-31", 
        "operating_revenue": 22224, 
        "accumulated_operating_revenue": 92201, 
        "long_term_average": 23050, 
        "short_term_average": 22352
    }, 
    {
        "date": "2012-01-31", 
        "operating_revenue": 19078, 
        "accumulated_operating_revenue": 19078, 
        "long_term_average": 22255, 
        "short_term_average": 21923
    }, 
    {
        "date": "2012-02-29", 
        "operating_revenue": 20822, 
        "accumulated_operating_revenue": 39900, 
        "long_term_average": 22016, 
        "short_term_average": 20708
    }, 
    {
        "date": "2012-03-31", 
        "operating_revenue": 26145, 
        "accumulated_operating_revenue": 66045, 
        "long_term_average": 22606, 
        "short_term_average": 22015
    }, 
    {
        "date": "2012-04-30", 
        "operating_revenue": 24805, 
        "accumulated_operating_revenue": 90850, 
        "long_term_average": 22881, 
        "short_term_average": 23924
    }, 
    {
        "date": "2012-05-31", 
        "operating_revenue": 26636, 
        "accumulated_operating_revenue": 117486, 
        "long_term_average": 23298, 
        "short_term_average": 25862
    }, 
    {
        "date": "2012-06-30", 
        "operating_revenue": 24824, 
        "accumulated_operating_revenue": 142310, 
        "long_term_average": 23451, 
        "short_term_average": 25421
    }, 
    {
        "date": "2012-07-31", 
        "operating_revenue": 24484, 
        "accumulated_operating_revenue": 166794, 
        "long_term_average": 23545, 
        "short_term_average": 25314
    }, 
    {
        "date": "2012-08-31", 
        "operating_revenue": 27386, 
        "accumulated_operating_revenue": 194180, 
        "long_term_average": 23865, 
        "short_term_average": 25564
    }, 
    {
        "accumulated_operating_revenue_yoy": 774.5267260579064, 
        "accumulated_operating_revenue": 219891, 
        "long_term_average": 23912, 
        "date": "2012-09-30", 
        "operating_revenue": 25711, 
        "short_term_average": 25860
    }, 
    {
        "accumulated_operating_revenue_yoy": 422.52911448033404, 
        "accumulated_operating_revenue": 237803, 
        "long_term_average": 23707, 
        "date": "2012-10-31", 
        "operating_revenue": 17912, 
        "short_term_average": 23669
    }, 
    {
        "accumulated_operating_revenue_yoy": 276.9095559969704, 
        "accumulated_operating_revenue": 263750, 
        "long_term_average": 23831, 
        "date": "2012-11-30", 
        "operating_revenue": 25947, 
        "short_term_average": 23190
    }, 
    {
        "accumulated_operating_revenue_yoy": 213.41525579982866, 
        "accumulated_operating_revenue": 288972, 
        "long_term_average": 24081, 
        "date": "2012-12-31", 
        "operating_revenue": 25222, 
        "short_term_average": 23027
    }, 
    {
        "accumulated_operating_revenue_yoy": 59.801866023692206, 
        "accumulated_operating_revenue": 30487, 
        "long_term_average": 25031, 
        "date": "2013-01-31", 
        "operating_revenue": 30487, 
        "short_term_average": 27218
    }, 
    {
        "accumulated_operating_revenue_yoy": 18.157894736842106, 
        "accumulated_operating_revenue": 47145, 
        "long_term_average": 24684, 
        "date": "2013-02-28", 
        "operating_revenue": 16658, 
        "short_term_average": 24122
    }, 
    {
        "accumulated_operating_revenue_yoy": 11.51790445908093, 
        "accumulated_operating_revenue": 73652, 
        "long_term_average": 24714, 
        "date": "2013-03-31", 
        "operating_revenue": 26507, 
        "short_term_average": 24550
    }, 
    {
        "accumulated_operating_revenue_yoy": 12.0, 
        "accumulated_operating_revenue": 101752, 
        "long_term_average": 24989, 
        "date": "2013-04-30", 
        "operating_revenue": 28100, 
        "short_term_average": 23755
    }, 
    {
        "accumulated_operating_revenue_yoy": 12.164853684694346, 
        "accumulated_operating_revenue": 131778, 
        "long_term_average": 25272, 
        "date": "2013-05-31", 
        "operating_revenue": 30026, 
        "short_term_average": 28211
    }, 
    {
        "accumulated_operating_revenue_yoy": 8.552455906120441, 
        "accumulated_operating_revenue": 154481, 
        "long_term_average": 25095, 
        "date": "2013-06-30", 
        "operating_revenue": 22703, 
        "short_term_average": 26943
    }, 
    {
        "accumulated_operating_revenue_yoy": 9.235344197033466, 
        "accumulated_operating_revenue": 182198, 
        "long_term_average": 25364, 
        "date": "2013-07-31", 
        "operating_revenue": 27717, 
        "short_term_average": 26815
    }, 
    {
        "accumulated_operating_revenue_yoy": 9.713667730971263, 
        "accumulated_operating_revenue": 213042, 
        "long_term_average": 25652, 
        "date": "2013-08-31", 
        "operating_revenue": 30844, 
        "short_term_average": 27088
    }, 
    {
        "accumulated_operating_revenue_yoy": 7.727464971281226, 
        "accumulated_operating_revenue": 236883, 
        "long_term_average": 25497, 
        "date": "2013-09-30", 
        "operating_revenue": 23841, 
        "short_term_average": 27467
    }, 
    {
        "accumulated_operating_revenue_yoy": 8.73622283991371, 
        "accumulated_operating_revenue": 258578, 
        "long_term_average": 25812, 
        "date": "2013-10-31", 
        "operating_revenue": 21695, 
        "short_term_average": 25460
    }, 
    {
        "accumulated_operating_revenue_yoy": 3.571943127962085, 
        "accumulated_operating_revenue": 273171, 
        "long_term_average": 24866, 
        "date": "2013-11-30", 
        "operating_revenue": 14593, 
        "short_term_average": 20043
    }, 
    {
        "accumulated_operating_revenue_yoy": 1.7475741594341319, 
        "accumulated_operating_revenue": 294022, 
        "long_term_average": 24501, 
        "date": "2013-12-31", 
        "operating_revenue": 20851, 
        "short_term_average": 19046
    }, 
    {
        "accumulated_operating_revenue_yoy": -22.967166333191198, 
        "accumulated_operating_revenue": 23485, 
        "long_term_average": 23918, 
        "date": "2014-01-31", 
        "operating_revenue": 23485, 
        "short_term_average": 19643
    }, 
    {
        "accumulated_operating_revenue_yoy": -17.673136069572596, 
        "accumulated_operating_revenue": 38813, 
        "long_term_average": 23807, 
        "date": "2014-02-28", 
        "operating_revenue": 15328, 
        "short_term_average": 19888
    }, 
    {
        "accumulated_operating_revenue_yoy": -16.083745180035844, 
        "accumulated_operating_revenue": 61806, 
        "long_term_average": 23514, 
        "date": "2014-03-31", 
        "operating_revenue": 22993, 
        "short_term_average": 20602
    }, 
    {
        "accumulated_operating_revenue_yoy": -19.469887569777498, 
        "accumulated_operating_revenue": 81941, 
        "long_term_average": 22850, 
        "date": "2014-04-30", 
        "operating_revenue": 20135, 
        "short_term_average": 19485
    }, 
    {
        "accumulated_operating_revenue_yoy": -15.859248129429798, 
        "accumulated_operating_revenue": 110879, 
        "long_term_average": 22760, 
        "date": "2014-05-31", 
        "operating_revenue": 28938, 
        "short_term_average": 24022
    }, 
    {
        "accumulated_operating_revenue_yoy": -13.876140107844979, 
        "accumulated_operating_revenue": 133045, 
        "long_term_average": 22715, 
        "date": "2014-06-30", 
        "operating_revenue": 22166, 
        "short_term_average": 23746
    }, 
    {
        "accumulated_operating_revenue_yoy": -12.79871348752456, 
        "accumulated_operating_revenue": 158879, 
        "long_term_average": 22558, 
        "date": "2014-07-31", 
        "operating_revenue": 25834, 
        "short_term_average": 25646
    }, 
    {
        "accumulated_operating_revenue_yoy": -14.882042038659044, 
        "accumulated_operating_revenue": 181337, 
        "long_term_average": 21859, 
        "date": "2014-08-31", 
        "operating_revenue": 22458, 
        "short_term_average": 23486
    }, 
    {
        "accumulated_operating_revenue_yoy": -14.17450809049193, 
        "accumulated_operating_revenue": 203306, 
        "long_term_average": 21703, 
        "date": "2014-09-30", 
        "operating_revenue": 21969, 
        "short_term_average": 23420
    }, 
    {
        "accumulated_operating_revenue_yoy": -14.297813425736141, 
        "accumulated_operating_revenue": 221607, 
        "long_term_average": 21420, 
        "date": "2014-10-31", 
        "operating_revenue": 18301, 
        "short_term_average": 20909
    }, 
    {
        "accumulated_operating_revenue_yoy": -11.22556933203012, 
        "accumulated_operating_revenue": 242506, 
        "long_term_average": 21946, 
        "date": "2014-11-30", 
        "operating_revenue": 20899, 
        "short_term_average": 20389
    }, 
    {
        "accumulated_operating_revenue_yoy": -9.03843930046051, 
        "accumulated_operating_revenue": 267447, 
        "long_term_average": 22287, 
        "date": "2014-12-31", 
        "operating_revenue": 24941, 
        "short_term_average": 21380
    }, 
    {
        "accumulated_operating_revenue_yoy": 17.504790291675537, 
        "accumulated_operating_revenue": 27596, 
        "long_term_average": 22629, 
        "date": "2015-01-31", 
        "operating_revenue": 27596, 
        "short_term_average": 24478
    }, 
    {
        "accumulated_operating_revenue_yoy": 5.969649344291861, 
        "accumulated_operating_revenue": 41130, 
        "long_term_average": 22480, 
        "date": "2015-02-28", 
        "operating_revenue": 13534, 
        "short_term_average": 22023
    }, 
    {
        "accumulated_operating_revenue_yoy": 1.7263696081286608, 
        "accumulated_operating_revenue": 62873, 
        "long_term_average": 22376, 
        "date": "2015-03-31", 
        "operating_revenue": 21743, 
        "short_term_average": 20957
    }, 
    {
        "accumulated_operating_revenue_yoy": 0.29533444795645647, 
        "accumulated_operating_revenue": 82183, 
        "long_term_average": 22307, 
        "date": "2015-04-30", 
        "operating_revenue": 19310, 
        "short_term_average": 18195
    }, 
    {
        "accumulated_operating_revenue_yoy": -8.045707482931846, 
        "accumulated_operating_revenue": 101958, 
        "long_term_average": 21543, 
        "date": "2015-05-31", 
        "operating_revenue": 19775, 
        "short_term_average": 20276
    }, 
    {
        "accumulated_operating_revenue_yoy": -12.161298808673756, 
        "accumulated_operating_revenue": 116865, 
        "long_term_average": 20938, 
        "date": "2015-06-30", 
        "operating_revenue": 14907, 
        "short_term_average": 17997
    }, 
    {
        "accumulated_operating_revenue_yoy": -16.149396710704373, 
        "accumulated_operating_revenue": 133221, 
        "long_term_average": 20149, 
        "date": "2015-07-31", 
        "operating_revenue": 16356, 
        "short_term_average": 17012
    }, 
    {
        "accumulated_operating_revenue_yoy": -17.33402449582821, 
        "accumulated_operating_revenue": 149904, 
        "long_term_average": 19667, 
        "date": "2015-08-31", 
        "operating_revenue": 16683, 
        "short_term_average": 15982
    }
]