[
    {
        "date": "2012-01-31", 
        "operating_revenue": 91103, 
        "accumulated_operating_revenue": 91103, 
        "long_term_average": 91103, 
        "short_term_average": 91103
    }, 
    {
        "date": "2012-02-29", 
        "operating_revenue": 65109, 
        "accumulated_operating_revenue": 156212, 
        "long_term_average": 78106, 
        "short_term_average": 78106
    }, 
    {
        "date": "2012-03-31", 
        "operating_revenue": 101320, 
        "accumulated_operating_revenue": 257532, 
        "long_term_average": 85844, 
        "short_term_average": 85844
    }, 
    {
        "date": "2012-04-30", 
        "operating_revenue": 117344, 
        "accumulated_operating_revenue": 374876, 
        "long_term_average": 93719, 
        "short_term_average": 94591
    }, 
    {
        "date": "2012-05-31", 
        "operating_revenue": 115065, 
        "accumulated_operating_revenue": 489941, 
        "long_term_average": 97988, 
        "short_term_average": 111243
    }, 
    {
        "date": "2012-06-30", 
        "operating_revenue": 160710, 
        "accumulated_operating_revenue": 650651, 
        "long_term_average": 108441, 
        "short_term_average": 131039
    }, 
    {
        "date": "2012-07-31", 
        "operating_revenue": 130941, 
        "accumulated_operating_revenue": 781592, 
        "long_term_average": 111656, 
        "short_term_average": 135572
    }, 
    {
        "date": "2012-08-31", 
        "operating_revenue": 119239, 
        "accumulated_operating_revenue": 900831, 
        "long_term_average": 112603, 
        "short_term_average": 136963
    }, 
    {
        "date": "2012-09-30", 
        "operating_revenue": 118940, 
        "accumulated_operating_revenue": 1019771, 
        "long_term_average": 113307, 
        "short_term_average": 123040
    }, 
    {
        "date": "2012-10-31", 
        "operating_revenue": 127252, 
        "accumulated_operating_revenue": 1147023, 
        "long_term_average": 114702, 
        "short_term_average": 121810
    }, 
    {
        "date": "2012-11-30", 
        "operating_revenue": 122336, 
        "accumulated_operating_revenue": 1269359, 
        "long_term_average": 115396, 
        "short_term_average": 122842
    }, 
    {
        "date": "2012-12-31", 
        "operating_revenue": 163581, 
        "accumulated_operating_revenue": 1432940, 
        "long_term_average": 119411, 
        "short_term_average": 137723
    }, 
    {
        "accumulated_operating_revenue_yoy": 17.01919805055816, 
        "accumulated_operating_revenue": 106608, 
        "long_term_average": 120703, 
        "date": "2013-01-31", 
        "operating_revenue": 106608, 
        "short_term_average": 130841
    }, 
    {
        "accumulated_operating_revenue_yoy": 33.20999667119043, 
        "accumulated_operating_revenue": 208090, 
        "long_term_average": 123734, 
        "date": "2013-02-28", 
        "operating_revenue": 101482, 
        "short_term_average": 123890
    }, 
    {
        "accumulated_operating_revenue_yoy": 26.034822856965352, 
        "accumulated_operating_revenue": 324580, 
        "long_term_average": 124999, 
        "date": "2013-03-31", 
        "operating_revenue": 116490, 
        "short_term_average": 108193
    }, 
    {
        "accumulated_operating_revenue_yoy": 18.14653378717229, 
        "accumulated_operating_revenue": 442903, 
        "long_term_average": 125080, 
        "date": "2013-04-30", 
        "operating_revenue": 118323, 
        "short_term_average": 112098
    }, 
    {
        "accumulated_operating_revenue_yoy": 17.04103147113632, 
        "accumulated_operating_revenue": 573432, 
        "long_term_average": 126369, 
        "date": "2013-05-31", 
        "operating_revenue": 130529, 
        "short_term_average": 121780
    }, 
    {
        "accumulated_operating_revenue_yoy": 9.148376011102727, 
        "accumulated_operating_revenue": 710175, 
        "long_term_average": 124372, 
        "date": "2013-06-30", 
        "operating_revenue": 136743, 
        "short_term_average": 128531
    }, 
    {
        "accumulated_operating_revenue_yoy": 6.330028966519616, 
        "accumulated_operating_revenue": 831067, 
        "long_term_average": 123534, 
        "date": "2013-07-31", 
        "operating_revenue": 120892, 
        "short_term_average": 129388
    }, 
    {
        "accumulated_operating_revenue_yoy": 5.726157292544329, 
        "accumulated_operating_revenue": 952414, 
        "long_term_average": 123710, 
        "date": "2013-08-31", 
        "operating_revenue": 121347, 
        "short_term_average": 126327
    }, 
    {
        "accumulated_operating_revenue_yoy": 5.435534056175357, 
        "accumulated_operating_revenue": 1075201, 
        "long_term_average": 124030, 
        "date": "2013-09-30", 
        "operating_revenue": 122787, 
        "short_term_average": 121675
    }, 
    {
        "accumulated_operating_revenue_yoy": 3.455379709038092, 
        "accumulated_operating_revenue": 1186657, 
        "long_term_average": 122714, 
        "date": "2013-10-31", 
        "operating_revenue": 111456, 
        "short_term_average": 118530
    }, 
    {
        "accumulated_operating_revenue_yoy": 2.3010826724354576, 
        "accumulated_operating_revenue": 1298568, 
        "long_term_average": 121845, 
        "date": "2013-11-30", 
        "operating_revenue": 111911, 
        "short_term_average": 115384
    }, 
    {
        "accumulated_operating_revenue_yoy": 0.8292740798637765, 
        "accumulated_operating_revenue": 1444823, 
        "long_term_average": 120401, 
        "date": "2013-12-31", 
        "operating_revenue": 146255, 
        "short_term_average": 123207
    }, 
    {
        "accumulated_operating_revenue_yoy": 1.1237430586822754, 
        "accumulated_operating_revenue": 107806, 
        "long_term_average": 120501, 
        "date": "2014-01-31", 
        "operating_revenue": 107806, 
        "short_term_average": 121990
    }, 
    {
        "accumulated_operating_revenue_yoy": 3.3475899851025996, 
        "accumulated_operating_revenue": 215056, 
        "long_term_average": 120982, 
        "date": "2014-02-28", 
        "operating_revenue": 107250, 
        "short_term_average": 120437
    }, 
    {
        "accumulated_operating_revenue_yoy": -1.0099205126625177, 
        "accumulated_operating_revenue": 321302, 
        "long_term_average": 120128, 
        "date": "2014-03-31", 
        "operating_revenue": 106246, 
        "short_term_average": 107100
    }, 
    {
        "accumulated_operating_revenue_yoy": -9.016195419764598, 
        "accumulated_operating_revenue": 402970, 
        "long_term_average": 117074, 
        "date": "2014-04-30", 
        "operating_revenue": 81668, 
        "short_term_average": 98388
    }, 
    {
        "accumulated_operating_revenue_yoy": -10.803722150141603, 
        "accumulated_operating_revenue": 511480, 
        "long_term_average": 115239, 
        "date": "2014-05-31", 
        "operating_revenue": 108510, 
        "short_term_average": 98808
    }, 
    {
        "accumulated_operating_revenue_yoy": -12.727426338578518, 
        "accumulated_operating_revenue": 619788, 
        "long_term_average": 112869, 
        "date": "2014-06-30", 
        "operating_revenue": 108308, 
        "short_term_average": 99495
    }, 
    {
        "accumulated_operating_revenue_yoy": -14.17406779477467, 
        "accumulated_operating_revenue": 713271, 
        "long_term_average": 110585, 
        "date": "2014-07-31", 
        "operating_revenue": 93483, 
        "short_term_average": 103433
    }, 
    {
        "accumulated_operating_revenue_yoy": -14.59995338161766, 
        "accumulated_operating_revenue": 813362, 
        "long_term_average": 108814, 
        "date": "2014-08-31", 
        "operating_revenue": 100091, 
        "short_term_average": 100627
    }, 
    {
        "accumulated_operating_revenue_yoy": -14.941299347749862, 
        "accumulated_operating_revenue": 914552, 
        "long_term_average": 107014, 
        "date": "2014-09-30", 
        "operating_revenue": 101190, 
        "short_term_average": 98254
    }, 
    {
        "accumulated_operating_revenue_yoy": -13.361990870150347, 
        "accumulated_operating_revenue": 1028096, 
        "long_term_average": 107188, 
        "date": "2014-10-31", 
        "operating_revenue": 113544, 
        "short_term_average": 104941
    }, 
    {
        "accumulated_operating_revenue_yoy": -12.07868975671663, 
        "accumulated_operating_revenue": 1141718, 
        "long_term_average": 107331, 
        "date": "2014-11-30", 
        "operating_revenue": 113622, 
        "short_term_average": 109452
    }, 
    {
        "accumulated_operating_revenue_yoy": -12.074627826384269, 
        "accumulated_operating_revenue": 1270366, 
        "long_term_average": 105863, 
        "date": "2014-12-31", 
        "operating_revenue": 128648, 
        "short_term_average": 118604
    }, 
    {
        "accumulated_operating_revenue_yoy": 10.525388197317403, 
        "accumulated_operating_revenue": 119153, 
        "long_term_average": 106809, 
        "date": "2015-01-31", 
        "operating_revenue": 119153, 
        "short_term_average": 120474
    }, 
    {
        "accumulated_operating_revenue_yoy": -8.815378320065472, 
        "accumulated_operating_revenue": 196098, 
        "long_term_average": 104284, 
        "date": "2015-02-28", 
        "operating_revenue": 76945, 
        "short_term_average": 108248
    }, 
    {
        "accumulated_operating_revenue_yoy": -7.084300751318075, 
        "accumulated_operating_revenue": 298540, 
        "long_term_average": 103967, 
        "date": "2015-03-31", 
        "operating_revenue": 102442, 
        "short_term_average": 99513
    }, 
    {
        "accumulated_operating_revenue_yoy": 3.377422636920863, 
        "accumulated_operating_revenue": 416580, 
        "long_term_average": 106998, 
        "date": "2015-04-30", 
        "operating_revenue": 118040, 
        "short_term_average": 99142
    }, 
    {
        "accumulated_operating_revenue_yoy": 3.10647532650348, 
        "accumulated_operating_revenue": 527369, 
        "long_term_average": 107187, 
        "date": "2015-05-31", 
        "operating_revenue": 110789, 
        "short_term_average": 110423
    }, 
    {
        "accumulated_operating_revenue_yoy": 1.9998773774258294, 
        "accumulated_operating_revenue": 632183, 
        "long_term_average": 106896, 
        "date": "2015-06-30", 
        "operating_revenue": 104814, 
        "short_term_average": 111214
    }, 
    {
        "accumulated_operating_revenue_yoy": 2.007371672197524, 
        "accumulated_operating_revenue": 727589, 
        "long_term_average": 107057, 
        "date": "2015-07-31", 
        "operating_revenue": 95406, 
        "short_term_average": 103669
    }, 
    {
        "accumulated_operating_revenue_yoy": 2.117015547812659, 
        "accumulated_operating_revenue": 830581, 
        "long_term_average": 107298, 
        "date": "2015-08-31", 
        "operating_revenue": 102992, 
        "short_term_average": 101070
    }, 
    {
        "accumulated_operating_revenue_yoy": 2.48865018063489, 
        "accumulated_operating_revenue": 937312, 
        "long_term_average": 107760, 
        "date": "2015-09-30", 
        "operating_revenue": 106731, 
        "short_term_average": 101709
    }, 
    {
        "accumulated_operating_revenue_yoy": 1.6545147534860558, 
        "accumulated_operating_revenue": 1045106, 
        "long_term_average": 107281, 
        "date": "2015-10-31", 
        "operating_revenue": 107794, 
        "short_term_average": 105839
    }
]