[
    {
        "date": "2011-09-30", 
        "operating_revenue": 143212, 
        "accumulated_operating_revenue": 143212, 
        "long_term_average": 143212, 
        "short_term_average": 143212
    }, 
    {
        "date": "2011-10-31", 
        "operating_revenue": 208016, 
        "accumulated_operating_revenue": 351228, 
        "long_term_average": 175614, 
        "short_term_average": 175614
    }, 
    {
        "date": "2011-11-30", 
        "operating_revenue": 142130, 
        "accumulated_operating_revenue": 493358, 
        "long_term_average": 164452, 
        "short_term_average": 164452
    }, 
    {
        "date": "2011-12-31", 
        "operating_revenue": 247093, 
        "accumulated_operating_revenue": 740451, 
        "long_term_average": 185112, 
        "short_term_average": 199079
    }, 
    {
        "date": "2012-01-31", 
        "operating_revenue": 86414, 
        "accumulated_operating_revenue": 86414, 
        "long_term_average": 165373, 
        "short_term_average": 158545
    }, 
    {
        "date": "2012-02-29", 
        "operating_revenue": 93140, 
        "accumulated_operating_revenue": 179554, 
        "long_term_average": 153334, 
        "short_term_average": 142215
    }, 
    {
        "date": "2012-03-31", 
        "operating_revenue": 202810, 
        "accumulated_operating_revenue": 382364, 
        "long_term_average": 160402, 
        "short_term_average": 127454
    }, 
    {
        "date": "2012-04-30", 
        "operating_revenue": 141523, 
        "accumulated_operating_revenue": 523887, 
        "long_term_average": 158042, 
        "short_term_average": 145824
    }, 
    {
        "date": "2012-05-31", 
        "operating_revenue": 114962, 
        "accumulated_operating_revenue": 638849, 
        "long_term_average": 153255, 
        "short_term_average": 153098
    }, 
    {
        "date": "2012-06-30", 
        "operating_revenue": 180854, 
        "accumulated_operating_revenue": 819703, 
        "long_term_average": 156015, 
        "short_term_average": 145779
    }, 
    {
        "date": "2012-07-31", 
        "operating_revenue": 107038, 
        "accumulated_operating_revenue": 926741, 
        "long_term_average": 151562, 
        "short_term_average": 134284
    }, 
    {
        "date": "2012-08-31", 
        "operating_revenue": 156099, 
        "accumulated_operating_revenue": 1082840, 
        "long_term_average": 151940, 
        "short_term_average": 147997
    }, 
    {
        "accumulated_operating_revenue_yoy": 778.0095243415357, 
        "accumulated_operating_revenue": 1257415, 
        "long_term_average": 154554, 
        "date": "2012-09-30", 
        "operating_revenue": 174575, 
        "short_term_average": 145904
    }, 
    {
        "accumulated_operating_revenue_yoy": 310.8274397257622, 
        "accumulated_operating_revenue": 1442941, 
        "long_term_average": 152680, 
        "date": "2012-10-31", 
        "operating_revenue": 185526, 
        "short_term_average": 172066
    }, 
    {
        "accumulated_operating_revenue_yoy": 222.97540528378988, 
        "accumulated_operating_revenue": 1593425, 
        "long_term_average": 153376, 
        "date": "2012-11-30", 
        "operating_revenue": 150484, 
        "short_term_average": 170195
    }, 
    {
        "accumulated_operating_revenue_yoy": 146.13539586009068, 
        "accumulated_operating_revenue": 1822512, 
        "long_term_average": 151876, 
        "date": "2012-12-31", 
        "operating_revenue": 229087, 
        "short_term_average": 188365
    }, 
    {
        "accumulated_operating_revenue_yoy": 24.94503205499109, 
        "accumulated_operating_revenue": 107970, 
        "long_term_average": 153672, 
        "date": "2013-01-31", 
        "operating_revenue": 107970, 
        "short_term_average": 162513
    }, 
    {
        "accumulated_operating_revenue_yoy": 3.4396337592033595, 
        "accumulated_operating_revenue": 185730, 
        "long_term_average": 152390, 
        "date": "2013-02-28", 
        "operating_revenue": 77760, 
        "short_term_average": 138272
    }, 
    {
        "accumulated_operating_revenue_yoy": 5.10482158362189, 
        "accumulated_operating_revenue": 401883, 
        "long_term_average": 153502, 
        "date": "2013-03-31", 
        "operating_revenue": 216153, 
        "short_term_average": 133961
    }, 
    {
        "accumulated_operating_revenue_yoy": -0.7318372091691528, 
        "accumulated_operating_revenue": 520053, 
        "long_term_average": 151556, 
        "date": "2013-04-30", 
        "operating_revenue": 118170, 
        "short_term_average": 137361
    }, 
    {
        "accumulated_operating_revenue_yoy": 0.8271125101549818, 
        "accumulated_operating_revenue": 644133, 
        "long_term_average": 152316, 
        "date": "2013-05-31", 
        "operating_revenue": 124080, 
        "short_term_average": 152801
    }, 
    {
        "accumulated_operating_revenue_yoy": 3.7334253991994664, 
        "accumulated_operating_revenue": 850306, 
        "long_term_average": 154426, 
        "date": "2013-06-30", 
        "operating_revenue": 206173, 
        "short_term_average": 149474
    }, 
    {
        "accumulated_operating_revenue_yoy": 5.284000599951874, 
        "accumulated_operating_revenue": 975710, 
        "long_term_average": 155956, 
        "date": "2013-07-31", 
        "operating_revenue": 125404, 
        "short_term_average": 151885
    }, 
    {
        "accumulated_operating_revenue_yoy": 3.330408924679546, 
        "accumulated_operating_revenue": 1118903, 
        "long_term_average": 154881, 
        "date": "2013-08-31", 
        "operating_revenue": 143193, 
        "short_term_average": 158256
    }, 
    {
        "accumulated_operating_revenue_yoy": -1.2406405204327926, 
        "accumulated_operating_revenue": 1241815, 
        "long_term_average": 150576, 
        "date": "2013-09-30", 
        "operating_revenue": 122912, 
        "short_term_average": 130503
    }, 
    {
        "accumulated_operating_revenue_yoy": -1.9316798122722967, 
        "accumulated_operating_revenue": 1415068, 
        "long_term_average": 149553, 
        "date": "2013-10-31", 
        "operating_revenue": 173253, 
        "short_term_average": 146452
    }, 
    {
        "accumulated_operating_revenue_yoy": 2.419442396096459, 
        "accumulated_operating_revenue": 1631977, 
        "long_term_average": 155088, 
        "date": "2013-11-30", 
        "operating_revenue": 216909, 
        "short_term_average": 171024
    }, 
    {
        "accumulated_operating_revenue_yoy": 6.45998489996225, 
        "accumulated_operating_revenue": 1940246, 
        "long_term_average": 161687, 
        "date": "2013-12-31", 
        "operating_revenue": 308269, 
        "short_term_average": 232810
    }, 
    {
        "accumulated_operating_revenue_yoy": 24.121515235713627, 
        "accumulated_operating_revenue": 134014, 
        "long_term_average": 163857, 
        "date": "2014-01-31", 
        "operating_revenue": 134014, 
        "short_term_average": 219730
    }, 
    {
        "accumulated_operating_revenue_yoy": 31.435417003176653, 
        "accumulated_operating_revenue": 244115, 
        "long_term_average": 166552, 
        "date": "2014-02-28", 
        "operating_revenue": 110101, 
        "short_term_average": 184128
    }, 
    {
        "accumulated_operating_revenue_yoy": 2.253889813701998, 
        "accumulated_operating_revenue": 410941, 
        "long_term_average": 162442, 
        "date": "2014-03-31", 
        "operating_revenue": 166826, 
        "short_term_average": 136980
    }, 
    {
        "accumulated_operating_revenue_yoy": 4.175151378801776, 
        "accumulated_operating_revenue": 541766, 
        "long_term_average": 163496, 
        "date": "2014-04-30", 
        "operating_revenue": 130825, 
        "short_term_average": 135917
    }, 
    {
        "accumulated_operating_revenue_yoy": 4.042022377366165, 
        "accumulated_operating_revenue": 670169, 
        "long_term_average": 163856, 
        "date": "2014-05-31", 
        "operating_revenue": 128403, 
        "short_term_average": 142018
    }, 
    {
        "accumulated_operating_revenue_yoy": 9.136005155790974, 
        "accumulated_operating_revenue": 927990, 
        "long_term_average": 168160, 
        "date": "2014-06-30", 
        "operating_revenue": 257821, 
        "short_term_average": 172349
    }, 
    {
        "accumulated_operating_revenue_yoy": 14.49211343534452, 
        "accumulated_operating_revenue": 1117111, 
        "long_term_average": 173470, 
        "date": "2014-07-31", 
        "operating_revenue": 189121, 
        "short_term_average": 191781
    }, 
    {
        "accumulated_operating_revenue_yoy": 22.31087055803765, 
        "accumulated_operating_revenue": 1368540, 
        "long_term_average": 182490, 
        "date": "2014-08-31", 
        "operating_revenue": 251429, 
        "short_term_average": 232790
    }, 
    {
        "accumulated_operating_revenue_yoy": 29.250331168491282, 
        "accumulated_operating_revenue": 1605050, 
        "long_term_average": 191956, 
        "date": "2014-09-30", 
        "operating_revenue": 236510, 
        "short_term_average": 225686
    }, 
    {
        "accumulated_operating_revenue_yoy": 27.619167418102876, 
        "accumulated_operating_revenue": 1805898, 
        "long_term_average": 194256, 
        "date": "2014-10-31", 
        "operating_revenue": 200848, 
        "short_term_average": 229595
    }, 
    {
        "accumulated_operating_revenue_yoy": 25.560960724323934, 
        "accumulated_operating_revenue": 2049126, 
        "long_term_average": 196449, 
        "date": "2014-11-30", 
        "operating_revenue": 243228, 
        "short_term_average": 226862
    }, 
    {
        "accumulated_operating_revenue_yoy": 22.12935885449577, 
        "accumulated_operating_revenue": 2369610, 
        "long_term_average": 197467, 
        "date": "2014-12-31", 
        "operating_revenue": 320484, 
        "short_term_average": 254853
    }, 
    {
        "accumulated_operating_revenue_yoy": -3.852582566000567, 
        "accumulated_operating_revenue": 128851, 
        "long_term_average": 197037, 
        "date": "2015-01-31", 
        "operating_revenue": 128851, 
        "short_term_average": 230854
    }, 
    {
        "accumulated_operating_revenue_yoy": -7.937652335989186, 
        "accumulated_operating_revenue": 224738, 
        "long_term_average": 195852, 
        "date": "2015-02-28", 
        "operating_revenue": 95887, 
        "short_term_average": 181740
    }, 
    {
        "accumulated_operating_revenue_yoy": -10.187107151634907, 
        "accumulated_operating_revenue": 369078, 
        "long_term_average": 193978, 
        "date": "2015-03-31", 
        "operating_revenue": 144340, 
        "short_term_average": 123026
    }, 
    {
        "accumulated_operating_revenue_yoy": -8.810445838240126, 
        "accumulated_operating_revenue": 494034, 
        "long_term_average": 193489, 
        "date": "2015-04-30", 
        "operating_revenue": 124956, 
        "short_term_average": 121727
    }, 
    {
        "accumulated_operating_revenue_yoy": -3.732491356657798, 
        "accumulated_operating_revenue": 645155, 
        "long_term_average": 195383, 
        "date": "2015-05-31", 
        "operating_revenue": 151121, 
        "short_term_average": 140139
    }, 
    {
        "accumulated_operating_revenue_yoy": -5.657388549445576, 
        "accumulated_operating_revenue": 875490, 
        "long_term_average": 193092, 
        "date": "2015-06-30", 
        "operating_revenue": 230335, 
        "short_term_average": 168804
    }, 
    {
        "accumulated_operating_revenue_yoy": -1.6147007772728046, 
        "accumulated_operating_revenue": 1099073, 
        "long_term_average": 195964, 
        "date": "2015-07-31", 
        "operating_revenue": 223583, 
        "short_term_average": 201679
    }, 
    {
        "accumulated_operating_revenue_yoy": -7.214038318207725, 
        "accumulated_operating_revenue": 1269813, 
        "long_term_average": 189240, 
        "date": "2015-08-31", 
        "operating_revenue": 170740, 
        "short_term_average": 208219
    }
]