[
    {
        "date": "2012-01-31", 
        "operating_revenue": 398291, 
        "accumulated_operating_revenue": 398291, 
        "long_term_average": 398291, 
        "short_term_average": 398291
    }, 
    {
        "date": "2012-02-29", 
        "operating_revenue": 470247, 
        "accumulated_operating_revenue": 868538, 
        "long_term_average": 434269, 
        "short_term_average": 434269
    }, 
    {
        "date": "2012-03-31", 
        "operating_revenue": 480874, 
        "accumulated_operating_revenue": 1349412, 
        "long_term_average": 449804, 
        "short_term_average": 449804
    }, 
    {
        "date": "2012-04-30", 
        "operating_revenue": 501747, 
        "accumulated_operating_revenue": 1851159, 
        "long_term_average": 462789, 
        "short_term_average": 484289
    }, 
    {
        "date": "2012-05-31", 
        "operating_revenue": 555726, 
        "accumulated_operating_revenue": 2406885, 
        "long_term_average": 481377, 
        "short_term_average": 512782
    }, 
    {
        "date": "2012-06-30", 
        "operating_revenue": 344541, 
        "accumulated_operating_revenue": 2751426, 
        "long_term_average": 458571, 
        "short_term_average": 467338
    }, 
    {
        "date": "2012-07-31", 
        "operating_revenue": 657276, 
        "accumulated_operating_revenue": 3408702, 
        "long_term_average": 486957, 
        "short_term_average": 519181
    }, 
    {
        "date": "2012-08-31", 
        "operating_revenue": 669681, 
        "accumulated_operating_revenue": 4078383, 
        "long_term_average": 509797, 
        "short_term_average": 557166
    }, 
    {
        "date": "2012-09-30", 
        "operating_revenue": 653008, 
        "accumulated_operating_revenue": 4731391, 
        "long_term_average": 525710, 
        "short_term_average": 659988
    }, 
    {
        "date": "2012-10-31", 
        "operating_revenue": 492016, 
        "accumulated_operating_revenue": 5223407, 
        "long_term_average": 522340, 
        "short_term_average": 604901
    }, 
    {
        "date": "2012-11-30", 
        "operating_revenue": 487668, 
        "accumulated_operating_revenue": 5711075, 
        "long_term_average": 519188, 
        "short_term_average": 544230
    }, 
    {
        "date": "2012-12-31", 
        "operating_revenue": 481883, 
        "accumulated_operating_revenue": 6192958, 
        "long_term_average": 516079, 
        "short_term_average": 487189
    }, 
    {
        "accumulated_operating_revenue_yoy": 41.60676490304827, 
        "accumulated_operating_revenue": 564007, 
        "long_term_average": 529889, 
        "date": "2013-01-31", 
        "operating_revenue": 564007, 
        "short_term_average": 511186
    }, 
    {
        "accumulated_operating_revenue_yoy": 14.491593919897575, 
        "accumulated_operating_revenue": 994403, 
        "long_term_average": 526568, 
        "date": "2013-02-28", 
        "operating_revenue": 430396, 
        "short_term_average": 492095
    }, 
    {
        "accumulated_operating_revenue_yoy": 14.478380213011297, 
        "accumulated_operating_revenue": 1544785, 
        "long_term_average": 532360, 
        "date": "2013-03-31", 
        "operating_revenue": 550382, 
        "short_term_average": 514928
    }, 
    {
        "accumulated_operating_revenue_yoy": 16.94419550130486, 
        "accumulated_operating_revenue": 2164823, 
        "long_term_average": 542218, 
        "date": "2013-04-30", 
        "operating_revenue": 620038, 
        "short_term_average": 533605
    }, 
    {
        "accumulated_operating_revenue_yoy": 15.110942151369924, 
        "accumulated_operating_revenue": 2770588, 
        "long_term_average": 546388, 
        "date": "2013-05-31", 
        "operating_revenue": 605765, 
        "short_term_average": 592061
    }, 
    {
        "accumulated_operating_revenue_yoy": 21.738763826466712, 
        "accumulated_operating_revenue": 3349552, 
        "long_term_average": 565923, 
        "date": "2013-06-30", 
        "operating_revenue": 578964, 
        "short_term_average": 601589
    }, 
    {
        "accumulated_operating_revenue_yoy": 17.105660747111365, 
        "accumulated_operating_revenue": 3991783, 
        "long_term_average": 564669, 
        "date": "2013-07-31", 
        "operating_revenue": 642231, 
        "short_term_average": 608986
    }, 
    {
        "accumulated_operating_revenue_yoy": 13.231077120515655, 
        "accumulated_operating_revenue": 4617997, 
        "long_term_average": 561047, 
        "date": "2013-08-31", 
        "operating_revenue": 626214, 
        "short_term_average": 615803
    }, 
    {
        "accumulated_operating_revenue_yoy": 11.528512439576437, 
        "accumulated_operating_revenue": 5276850, 
        "long_term_average": 561534, 
        "date": "2013-09-30", 
        "operating_revenue": 658853, 
        "short_term_average": 642432
    }, 
    {
        "accumulated_operating_revenue_yoy": 11.883584794368886, 
        "accumulated_operating_revenue": 5844135, 
        "long_term_average": 567807, 
        "date": "2013-10-31", 
        "operating_revenue": 567285, 
        "short_term_average": 617450
    }, 
    {
        "accumulated_operating_revenue_yoy": 12.85549568163612, 
        "accumulated_operating_revenue": 6445262, 
        "long_term_average": 577262, 
        "date": "2013-11-30", 
        "operating_revenue": 601127, 
        "short_term_average": 609088
    }, 
    {
        "accumulated_operating_revenue_yoy": 13.181859137426736, 
        "accumulated_operating_revenue": 7009305, 
        "long_term_average": 584108, 
        "date": "2013-12-31", 
        "operating_revenue": 564043, 
        "short_term_average": 577485
    }, 
    {
        "accumulated_operating_revenue_yoy": 5.412698778561259, 
        "accumulated_operating_revenue": 594535, 
        "long_term_average": 586652, 
        "date": "2014-01-31", 
        "operating_revenue": 594535, 
        "short_term_average": 586568
    }, 
    {
        "accumulated_operating_revenue_yoy": 15.531831661811157, 
        "accumulated_operating_revenue": 1148852, 
        "long_term_average": 596979, 
        "date": "2014-02-28", 
        "operating_revenue": 554317, 
        "short_term_average": 570965
    }, 
    {
        "accumulated_operating_revenue_yoy": 16.515307955476004, 
        "accumulated_operating_revenue": 1799911, 
        "long_term_average": 605369, 
        "date": "2014-03-31", 
        "operating_revenue": 651059, 
        "short_term_average": 599970
    }, 
    {
        "accumulated_operating_revenue_yoy": 13.51283684624563, 
        "accumulated_operating_revenue": 2457352, 
        "long_term_average": 608486, 
        "date": "2014-04-30", 
        "operating_revenue": 657441, 
        "short_term_average": 620939
    }, 
    {
        "accumulated_operating_revenue_yoy": 14.155334535484887, 
        "accumulated_operating_revenue": 3162774, 
        "long_term_average": 616790, 
        "date": "2014-05-31", 
        "operating_revenue": 705422, 
        "short_term_average": 671307
    }, 
    {
        "accumulated_operating_revenue_yoy": 14.486623882835675, 
        "accumulated_operating_revenue": 3834789, 
        "long_term_average": 624545, 
        "date": "2014-06-30", 
        "operating_revenue": 672015, 
        "short_term_average": 678292
    }, 
    {
        "accumulated_operating_revenue_yoy": 14.360149336775072, 
        "accumulated_operating_revenue": 4565009, 
        "long_term_average": 631877, 
        "date": "2014-07-31", 
        "operating_revenue": 730220, 
        "short_term_average": 702552
    }, 
    {
        "accumulated_operating_revenue_yoy": 12.893663638153077, 
        "accumulated_operating_revenue": 5213426, 
        "long_term_average": 633727, 
        "date": "2014-08-31", 
        "operating_revenue": 648417, 
        "short_term_average": 683550
    }, 
    {
        "accumulated_operating_revenue_yoy": 10.495750305580033, 
        "accumulated_operating_revenue": 5830695, 
        "long_term_average": 630262, 
        "date": "2014-09-30", 
        "operating_revenue": 617269, 
        "short_term_average": 665302
    }, 
    {
        "accumulated_operating_revenue_yoy": 10.08053373168142, 
        "accumulated_operating_revenue": 6433255, 
        "long_term_average": 633202, 
        "date": "2014-10-31", 
        "operating_revenue": 602560, 
        "short_term_average": 622748
    }, 
    {
        "accumulated_operating_revenue_yoy": 9.057397511536381, 
        "accumulated_operating_revenue": 7029035, 
        "long_term_average": 632756, 
        "date": "2014-11-30", 
        "operating_revenue": 595780, 
        "short_term_average": 605203
    }, 
    {
        "accumulated_operating_revenue_yoy": 9.001363187933755, 
        "accumulated_operating_revenue": 7640238, 
        "long_term_average": 636686, 
        "date": "2014-12-31", 
        "operating_revenue": 611203, 
        "short_term_average": 603181
    }, 
    {
        "accumulated_operating_revenue_yoy": -1.6168938750452035, 
        "accumulated_operating_revenue": 584922, 
        "long_term_average": 635885, 
        "date": "2015-01-31", 
        "operating_revenue": 584922, 
        "short_term_average": 597301
    }, 
    {
        "accumulated_operating_revenue_yoy": -3.9636959329835344, 
        "accumulated_operating_revenue": 1103315, 
        "long_term_average": 632891, 
        "date": "2015-02-28", 
        "operating_revenue": 518393, 
        "short_term_average": 571506
    }, 
    {
        "accumulated_operating_revenue_yoy": -0.38696357764356126, 
        "accumulated_operating_revenue": 1792946, 
        "long_term_average": 636106, 
        "date": "2015-03-31", 
        "operating_revenue": 689631, 
        "short_term_average": 597648
    }, 
    {
        "accumulated_operating_revenue_yoy": -0.6390211902893846, 
        "accumulated_operating_revenue": 2441649, 
        "long_term_average": 635377, 
        "date": "2015-04-30", 
        "operating_revenue": 648703, 
        "short_term_average": 618909
    }, 
    {
        "accumulated_operating_revenue_yoy": -2.6910870014740227, 
        "accumulated_operating_revenue": 3077661, 
        "long_term_average": 629593, 
        "date": "2015-05-31", 
        "operating_revenue": 636012, 
        "short_term_average": 658115
    }, 
    {
        "accumulated_operating_revenue_yoy": -2.8341846187625968, 
        "accumulated_operating_revenue": 3726104, 
        "long_term_average": 627629, 
        "date": "2015-06-30", 
        "operating_revenue": 648443, 
        "short_term_average": 644386
    }, 
    {
        "accumulated_operating_revenue_yoy": -3.971383188948806, 
        "accumulated_operating_revenue": 4383715, 
        "long_term_average": 621578, 
        "date": "2015-07-31", 
        "operating_revenue": 657611, 
        "short_term_average": 647355
    }, 
    {
        "accumulated_operating_revenue_yoy": -3.401333403408814, 
        "accumulated_operating_revenue": 5036100, 
        "long_term_average": 621909, 
        "date": "2015-08-31", 
        "operating_revenue": 652385, 
        "short_term_average": 652813
    }
]