[
    {
        "date": "2012-01-31", 
        "operating_revenue": 108977, 
        "accumulated_operating_revenue": 108977, 
        "long_term_average": 108977, 
        "short_term_average": 108977
    }, 
    {
        "date": "2012-02-29", 
        "operating_revenue": 155415, 
        "accumulated_operating_revenue": 264392, 
        "long_term_average": 132196, 
        "short_term_average": 132196
    }, 
    {
        "date": "2012-03-31", 
        "operating_revenue": 160540, 
        "accumulated_operating_revenue": 424932, 
        "long_term_average": 141644, 
        "short_term_average": 141644
    }, 
    {
        "date": "2012-04-30", 
        "operating_revenue": 134307, 
        "accumulated_operating_revenue": 559239, 
        "long_term_average": 139809, 
        "short_term_average": 150087
    }, 
    {
        "date": "2012-05-31", 
        "operating_revenue": 130619, 
        "accumulated_operating_revenue": 689858, 
        "long_term_average": 137971, 
        "short_term_average": 141822
    }, 
    {
        "date": "2012-06-30", 
        "operating_revenue": 149626, 
        "accumulated_operating_revenue": 839484, 
        "long_term_average": 139914, 
        "short_term_average": 138184
    }, 
    {
        "date": "2012-07-31", 
        "operating_revenue": 164055, 
        "accumulated_operating_revenue": 1003539, 
        "long_term_average": 143362, 
        "short_term_average": 148100
    }, 
    {
        "date": "2012-08-31", 
        "operating_revenue": 169724, 
        "accumulated_operating_revenue": 1173263, 
        "long_term_average": 146657, 
        "short_term_average": 161135
    }, 
    {
        "date": "2012-09-30", 
        "operating_revenue": 133854, 
        "accumulated_operating_revenue": 1307117, 
        "long_term_average": 145235, 
        "short_term_average": 155877
    }, 
    {
        "date": "2012-10-31", 
        "operating_revenue": 129211, 
        "accumulated_operating_revenue": 1436328, 
        "long_term_average": 143632, 
        "short_term_average": 144263
    }, 
    {
        "date": "2012-11-30", 
        "operating_revenue": 136239, 
        "accumulated_operating_revenue": 1572567, 
        "long_term_average": 142960, 
        "short_term_average": 133101
    }, 
    {
        "date": "2012-12-31", 
        "operating_revenue": 109752, 
        "accumulated_operating_revenue": 1682319, 
        "long_term_average": 140193, 
        "short_term_average": 125067
    }, 
    {
        "accumulated_operating_revenue_yoy": 15.198619892270845, 
        "accumulated_operating_revenue": 125540, 
        "long_term_average": 141573, 
        "date": "2013-01-31", 
        "operating_revenue": 125540, 
        "short_term_average": 123843
    }, 
    {
        "accumulated_operating_revenue_yoy": -13.367651063572271, 
        "accumulated_operating_revenue": 229049, 
        "long_term_average": 137248, 
        "date": "2013-02-28", 
        "operating_revenue": 103509, 
        "short_term_average": 112933
    }, 
    {
        "accumulated_operating_revenue_yoy": -17.9955851759811, 
        "accumulated_operating_revenue": 348463, 
        "long_term_average": 133820, 
        "date": "2013-03-31", 
        "operating_revenue": 119414, 
        "short_term_average": 116154
    }, 
    {
        "accumulated_operating_revenue_yoy": -12.52988436071161, 
        "accumulated_operating_revenue": 489167, 
        "long_term_average": 134353, 
        "date": "2013-04-30", 
        "operating_revenue": 140704, 
        "short_term_average": 121209
    }, 
    {
        "accumulated_operating_revenue_yoy": -8.764412386317185, 
        "accumulated_operating_revenue": 629396, 
        "long_term_average": 135154, 
        "date": "2013-05-31", 
        "operating_revenue": 140229, 
        "short_term_average": 133449
    }, 
    {
        "accumulated_operating_revenue_yoy": -9.174921737638837, 
        "accumulated_operating_revenue": 762462, 
        "long_term_average": 133774, 
        "date": "2013-06-30", 
        "operating_revenue": 133066, 
        "short_term_average": 137999
    }, 
    {
        "accumulated_operating_revenue_yoy": -12.90423192322371, 
        "accumulated_operating_revenue": 874040, 
        "long_term_average": 129401, 
        "date": "2013-07-31", 
        "operating_revenue": 111578, 
        "short_term_average": 128291
    }, 
    {
        "accumulated_operating_revenue_yoy": -14.864442158322557, 
        "accumulated_operating_revenue": 998864, 
        "long_term_average": 125660, 
        "date": "2013-08-31", 
        "operating_revenue": 124824, 
        "short_term_average": 123156
    }, 
    {
        "accumulated_operating_revenue_yoy": -13.71216195642777, 
        "accumulated_operating_revenue": 1127883, 
        "long_term_average": 125257, 
        "date": "2013-09-30", 
        "operating_revenue": 129019, 
        "short_term_average": 121807
    }, 
    {
        "accumulated_operating_revenue_yoy": -11.45225881553517, 
        "accumulated_operating_revenue": 1271836, 
        "long_term_average": 126485, 
        "date": "2013-10-31", 
        "operating_revenue": 143953, 
        "short_term_average": 132598
    }, 
    {
        "accumulated_operating_revenue_yoy": -8.477667406221801, 
        "accumulated_operating_revenue": 1439250, 
        "long_term_average": 129083, 
        "date": "2013-11-30", 
        "operating_revenue": 167414, 
        "short_term_average": 146795
    }, 
    {
        "accumulated_operating_revenue_yoy": -4.766099651730736, 
        "accumulated_operating_revenue": 1602138, 
        "long_term_average": 133511, 
        "date": "2013-12-31", 
        "operating_revenue": 162888, 
        "short_term_average": 158085
    }, 
    {
        "accumulated_operating_revenue_yoy": 24.27831766767564, 
        "accumulated_operating_revenue": 156019, 
        "long_term_average": 136051, 
        "date": "2014-01-31", 
        "operating_revenue": 156019, 
        "short_term_average": 162107
    }, 
    {
        "accumulated_operating_revenue_yoy": 7.41413409357823, 
        "accumulated_operating_revenue": 246031, 
        "long_term_average": 134926, 
        "date": "2014-02-28", 
        "operating_revenue": 90012, 
        "short_term_average": 136306
    }, 
    {
        "accumulated_operating_revenue_yoy": 9.831172893535326, 
        "accumulated_operating_revenue": 382721, 
        "long_term_average": 136366, 
        "date": "2014-03-31", 
        "operating_revenue": 136690, 
        "short_term_average": 127573
    }, 
    {
        "accumulated_operating_revenue_yoy": 12.96387532274254, 
        "accumulated_operating_revenue": 552582, 
        "long_term_average": 138796, 
        "date": "2014-04-30", 
        "operating_revenue": 169861, 
        "short_term_average": 132187
    }, 
    {
        "accumulated_operating_revenue_yoy": 15.274326497149648, 
        "accumulated_operating_revenue": 725532, 
        "long_term_average": 141522, 
        "date": "2014-05-31", 
        "operating_revenue": 172950, 
        "short_term_average": 159833
    }, 
    {
        "accumulated_operating_revenue_yoy": 13.533920378982822, 
        "accumulated_operating_revenue": 865653, 
        "long_term_average": 142110, 
        "date": "2014-06-30", 
        "operating_revenue": 140121, 
        "short_term_average": 160977
    }, 
    {
        "accumulated_operating_revenue_yoy": 20.21921193538053, 
        "accumulated_operating_revenue": 1050764, 
        "long_term_average": 148238, 
        "date": "2014-07-31", 
        "operating_revenue": 185111, 
        "short_term_average": 166060
    }, 
    {
        "accumulated_operating_revenue_yoy": 22.710098672091497, 
        "accumulated_operating_revenue": 1225707, 
        "long_term_average": 152415, 
        "date": "2014-08-31", 
        "operating_revenue": 174943, 
        "short_term_average": 166725
    }, 
    {
        "accumulated_operating_revenue_yoy": 23.68969121797208, 
        "accumulated_operating_revenue": 1395075, 
        "long_term_average": 155777, 
        "date": "2014-09-30", 
        "operating_revenue": 169368, 
        "short_term_average": 176474
    }, 
    {
        "accumulated_operating_revenue_yoy": 22.477504961331494, 
        "accumulated_operating_revenue": 1557713, 
        "long_term_average": 157334, 
        "date": "2014-10-31", 
        "operating_revenue": 162638, 
        "short_term_average": 168983
    }, 
    {
        "accumulated_operating_revenue_yoy": 18.498176133402815, 
        "accumulated_operating_revenue": 1705485, 
        "long_term_average": 155697, 
        "date": "2014-11-30", 
        "operating_revenue": 147772, 
        "short_term_average": 159926
    }, 
    {
        "accumulated_operating_revenue_yoy": 15.422828745089372, 
        "accumulated_operating_revenue": 1849233, 
        "long_term_average": 154102, 
        "date": "2014-12-31", 
        "operating_revenue": 143748, 
        "short_term_average": 151386
    }, 
    {
        "accumulated_operating_revenue_yoy": 0.4377671950211192, 
        "accumulated_operating_revenue": 156702, 
        "long_term_average": 154159, 
        "date": "2015-01-31", 
        "operating_revenue": 156702, 
        "short_term_average": 149407
    }, 
    {
        "accumulated_operating_revenue_yoy": 14.26202389129825, 
        "accumulated_operating_revenue": 281120, 
        "long_term_average": 157026, 
        "date": "2015-02-28", 
        "operating_revenue": 124418, 
        "short_term_average": 141622
    }, 
    {
        "accumulated_operating_revenue_yoy": 20.735731773276093, 
        "accumulated_operating_revenue": 462081, 
        "long_term_average": 160716, 
        "date": "2015-03-31", 
        "operating_revenue": 180961, 
        "short_term_average": 154027
    }, 
    {
        "accumulated_operating_revenue_yoy": 9.036124955210267, 
        "accumulated_operating_revenue": 602514, 
        "long_term_average": 158263, 
        "date": "2015-04-30", 
        "operating_revenue": 140433, 
        "short_term_average": 148604
    }, 
    {
        "accumulated_operating_revenue_yoy": 0.6826714741734341, 
        "accumulated_operating_revenue": 730485, 
        "long_term_average": 154515, 
        "date": "2015-05-31", 
        "operating_revenue": 127971, 
        "short_term_average": 149788
    }, 
    {
        "accumulated_operating_revenue_yoy": -2.901509034220409, 
        "accumulated_operating_revenue": 840536, 
        "long_term_average": 152009, 
        "date": "2015-06-30", 
        "operating_revenue": 110051, 
        "short_term_average": 126151
    }, 
    {
        "accumulated_operating_revenue_yoy": -8.235721817648873, 
        "accumulated_operating_revenue": 964226, 
        "long_term_average": 146891, 
        "date": "2015-07-31", 
        "operating_revenue": 123690, 
        "short_term_average": 120570
    }, 
    {
        "accumulated_operating_revenue_yoy": -11.525511398727428, 
        "accumulated_operating_revenue": 1084438, 
        "long_term_average": 142330, 
        "date": "2015-08-31", 
        "operating_revenue": 120212, 
        "short_term_average": 117984
    }, 
    {
        "accumulated_operating_revenue_yoy": -12.569073347311077, 
        "accumulated_operating_revenue": 1219727, 
        "long_term_average": 139490, 
        "date": "2015-09-30", 
        "operating_revenue": 135289, 
        "short_term_average": 126397
    }, 
    {
        "accumulated_operating_revenue_yoy": -13.038024334392793, 
        "accumulated_operating_revenue": 1354618, 
        "long_term_average": 137178, 
        "date": "2015-10-31", 
        "operating_revenue": 134891, 
        "short_term_average": 130130
    }
]