[
    {
        "date": "2012-01-31", 
        "operating_revenue": 11682, 
        "accumulated_operating_revenue": 11682, 
        "long_term_average": 11682, 
        "short_term_average": 11682
    }, 
    {
        "date": "2012-02-29", 
        "operating_revenue": 12726, 
        "accumulated_operating_revenue": 24408, 
        "long_term_average": 12204, 
        "short_term_average": 12204
    }, 
    {
        "date": "2012-03-31", 
        "operating_revenue": 14116, 
        "accumulated_operating_revenue": 38524, 
        "long_term_average": 12841, 
        "short_term_average": 12841
    }, 
    {
        "date": "2012-04-30", 
        "operating_revenue": 10198, 
        "accumulated_operating_revenue": 48722, 
        "long_term_average": 12180, 
        "short_term_average": 12346
    }, 
    {
        "date": "2012-05-31", 
        "operating_revenue": 14363, 
        "accumulated_operating_revenue": 63085, 
        "long_term_average": 12617, 
        "short_term_average": 12892
    }, 
    {
        "date": "2012-06-30", 
        "operating_revenue": 15212, 
        "accumulated_operating_revenue": 78297, 
        "long_term_average": 13049, 
        "short_term_average": 13257
    }, 
    {
        "date": "2012-07-31", 
        "operating_revenue": 13041, 
        "accumulated_operating_revenue": 91338, 
        "long_term_average": 13048, 
        "short_term_average": 14205
    }, 
    {
        "date": "2012-08-31", 
        "operating_revenue": 16479, 
        "accumulated_operating_revenue": 107817, 
        "long_term_average": 13477, 
        "short_term_average": 14910
    }, 
    {
        "date": "2012-09-30", 
        "operating_revenue": 13099, 
        "accumulated_operating_revenue": 120916, 
        "long_term_average": 13435, 
        "short_term_average": 14206
    }, 
    {
        "date": "2012-10-31", 
        "operating_revenue": 18259, 
        "accumulated_operating_revenue": 139175, 
        "long_term_average": 13917, 
        "short_term_average": 15945
    }, 
    {
        "date": "2012-11-30", 
        "operating_revenue": 14161, 
        "accumulated_operating_revenue": 153336, 
        "long_term_average": 13939, 
        "short_term_average": 15173
    }, 
    {
        "date": "2012-12-31", 
        "operating_revenue": 11247, 
        "accumulated_operating_revenue": 164583, 
        "long_term_average": 13715, 
        "short_term_average": 14555
    }, 
    {
        "accumulated_operating_revenue_yoy": 44.93237459339154, 
        "accumulated_operating_revenue": 16931, 
        "long_term_average": 14152, 
        "date": "2013-01-31", 
        "operating_revenue": 16931, 
        "short_term_average": 14113
    }, 
    {
        "accumulated_operating_revenue_yoy": 22.574565716158638, 
        "accumulated_operating_revenue": 29918, 
        "long_term_average": 14174, 
        "date": "2013-02-28", 
        "operating_revenue": 12987, 
        "short_term_average": 13721
    }, 
    {
        "accumulated_operating_revenue_yoy": 16.12241719447617, 
        "accumulated_operating_revenue": 44735, 
        "long_term_average": 14232, 
        "date": "2013-03-31", 
        "operating_revenue": 14817, 
        "short_term_average": 14911
    }, 
    {
        "accumulated_operating_revenue_yoy": 13.48672057797299, 
        "accumulated_operating_revenue": 55293, 
        "long_term_average": 14262, 
        "date": "2013-04-30", 
        "operating_revenue": 10558, 
        "short_term_average": 12787
    }, 
    {
        "accumulated_operating_revenue_yoy": 13.951018467147499, 
        "accumulated_operating_revenue": 71886, 
        "long_term_average": 14448, 
        "date": "2013-05-31", 
        "operating_revenue": 16593, 
        "short_term_average": 13989
    }, 
    {
        "accumulated_operating_revenue_yoy": 5.9235986053105485, 
        "accumulated_operating_revenue": 82935, 
        "long_term_average": 14101, 
        "date": "2013-06-30", 
        "operating_revenue": 11049, 
        "short_term_average": 12733
    }, 
    {
        "accumulated_operating_revenue_yoy": 5.892399658411613, 
        "accumulated_operating_revenue": 96720, 
        "long_term_average": 14163, 
        "date": "2013-07-31", 
        "operating_revenue": 13785, 
        "short_term_average": 13809
    }, 
    {
        "accumulated_operating_revenue_yoy": 0.7512729903447508, 
        "accumulated_operating_revenue": 108627, 
        "long_term_average": 13782, 
        "date": "2013-08-31", 
        "operating_revenue": 11907, 
        "short_term_average": 12247
    }, 
    {
        "accumulated_operating_revenue_yoy": -1.5010420457176883, 
        "accumulated_operating_revenue": 119101, 
        "long_term_average": 13564, 
        "date": "2013-09-30", 
        "operating_revenue": 10474, 
        "short_term_average": 12055
    }, 
    {
        "accumulated_operating_revenue_yoy": -4.307526495419435, 
        "accumulated_operating_revenue": 133180, 
        "long_term_average": 13215, 
        "date": "2013-10-31", 
        "operating_revenue": 14079, 
        "short_term_average": 12153
    }, 
    {
        "accumulated_operating_revenue_yoy": -6.747926123023948, 
        "accumulated_operating_revenue": 142989, 
        "long_term_average": 12853, 
        "date": "2013-11-30", 
        "operating_revenue": 9809, 
        "short_term_average": 11454
    }, 
    {
        "accumulated_operating_revenue_yoy": -7.899357770851181, 
        "accumulated_operating_revenue": 151582, 
        "long_term_average": 12631, 
        "date": "2013-12-31", 
        "operating_revenue": 8593, 
        "short_term_average": 10827
    }, 
    {
        "accumulated_operating_revenue_yoy": -6.396550705805919, 
        "accumulated_operating_revenue": 15848, 
        "long_term_average": 12541, 
        "date": "2014-01-31", 
        "operating_revenue": 15848, 
        "short_term_average": 11416
    }, 
    {
        "accumulated_operating_revenue_yoy": -16.59536065245003, 
        "accumulated_operating_revenue": 24953, 
        "long_term_average": 12218, 
        "date": "2014-02-28", 
        "operating_revenue": 9105, 
        "short_term_average": 11182
    }, 
    {
        "accumulated_operating_revenue_yoy": -22.604224879847994, 
        "accumulated_operating_revenue": 34623, 
        "long_term_average": 11789, 
        "date": "2014-03-31", 
        "operating_revenue": 9670, 
        "short_term_average": 11541
    }, 
    {
        "accumulated_operating_revenue_yoy": -10.247228401425135, 
        "accumulated_operating_revenue": 49627, 
        "long_term_average": 12159, 
        "date": "2014-04-30", 
        "operating_revenue": 15004, 
        "short_term_average": 11259
    }, 
    {
        "accumulated_operating_revenue_yoy": -12.213782934090087, 
        "accumulated_operating_revenue": 63106, 
        "long_term_average": 11900, 
        "date": "2014-05-31", 
        "operating_revenue": 13479, 
        "short_term_average": 12717
    }, 
    {
        "accumulated_operating_revenue_yoy": -9.049255441008018, 
        "accumulated_operating_revenue": 75430, 
        "long_term_average": 12006, 
        "date": "2014-06-30", 
        "operating_revenue": 12324, 
        "short_term_average": 13602
    }, 
    {
        "accumulated_operating_revenue_yoy": -7.825682382133994, 
        "accumulated_operating_revenue": 89151, 
        "long_term_average": 12001, 
        "date": "2014-07-31", 
        "operating_revenue": 13721, 
        "short_term_average": 13174
    }, 
    {
        "accumulated_operating_revenue_yoy": -9.348504515451959, 
        "accumulated_operating_revenue": 98472, 
        "long_term_average": 11785, 
        "date": "2014-08-31", 
        "operating_revenue": 9321, 
        "short_term_average": 11788
    }, 
    {
        "accumulated_operating_revenue_yoy": -8.529735266706409, 
        "accumulated_operating_revenue": 108942, 
        "long_term_average": 11785, 
        "date": "2014-09-30", 
        "operating_revenue": 10470, 
        "short_term_average": 11170
    }, 
    {
        "accumulated_operating_revenue_yoy": -8.276768283526055, 
        "accumulated_operating_revenue": 122157, 
        "long_term_average": 11713, 
        "date": "2014-10-31", 
        "operating_revenue": 13215, 
        "short_term_average": 11002
    }, 
    {
        "accumulated_operating_revenue_yoy": -7.888718712628244, 
        "accumulated_operating_revenue": 131709, 
        "long_term_average": 11691, 
        "date": "2014-11-30", 
        "operating_revenue": 9552, 
        "short_term_average": 11079
    }, 
    {
        "accumulated_operating_revenue_yoy": -4.080299771740708, 
        "accumulated_operating_revenue": 145397, 
        "long_term_average": 12116, 
        "date": "2014-12-31", 
        "operating_revenue": 13688, 
        "short_term_average": 12151
    }, 
    {
        "accumulated_operating_revenue_yoy": -10.190560323069157, 
        "accumulated_operating_revenue": 14233, 
        "long_term_average": 11981, 
        "date": "2015-01-31", 
        "operating_revenue": 14233, 
        "short_term_average": 12491
    }, 
    {
        "accumulated_operating_revenue_yoy": -3.390373902937523, 
        "accumulated_operating_revenue": 24107, 
        "long_term_average": 12045, 
        "date": "2015-02-28", 
        "operating_revenue": 9874, 
        "short_term_average": 12598
    }, 
    {
        "accumulated_operating_revenue_yoy": -1.7878288998642522, 
        "accumulated_operating_revenue": 34004, 
        "long_term_average": 12064, 
        "date": "2015-03-31", 
        "operating_revenue": 9897, 
        "short_term_average": 11334
    }, 
    {
        "accumulated_operating_revenue_yoy": -8.948757732685836, 
        "accumulated_operating_revenue": 45186, 
        "long_term_average": 11746, 
        "date": "2015-04-30", 
        "operating_revenue": 11182, 
        "short_term_average": 10317
    }, 
    {
        "accumulated_operating_revenue_yoy": -11.621715843184484, 
        "accumulated_operating_revenue": 55772, 
        "long_term_average": 11505, 
        "date": "2015-05-31", 
        "operating_revenue": 10586, 
        "short_term_average": 10555
    }, 
    {
        "accumulated_operating_revenue_yoy": -10.950550178973884, 
        "accumulated_operating_revenue": 67170, 
        "long_term_average": 11428, 
        "date": "2015-06-30", 
        "operating_revenue": 11398, 
        "short_term_average": 11055
    }, 
    {
        "accumulated_operating_revenue_yoy": -14.444033157227626, 
        "accumulated_operating_revenue": 76274, 
        "long_term_average": 11043, 
        "date": "2015-07-31", 
        "operating_revenue": 9104, 
        "short_term_average": 10362
    }, 
    {
        "accumulated_operating_revenue_yoy": -12.77317410025185, 
        "accumulated_operating_revenue": 85894, 
        "long_term_average": 11068, 
        "date": "2015-08-31", 
        "operating_revenue": 9620, 
        "short_term_average": 10040
    }
]