[
    {
        "date": "2012-01-31", 
        "operating_revenue": 1122486, 
        "accumulated_operating_revenue": 1122486, 
        "long_term_average": 1122486, 
        "short_term_average": 1122486
    }, 
    {
        "date": "2012-02-29", 
        "operating_revenue": 1199967, 
        "accumulated_operating_revenue": 2322453, 
        "long_term_average": 1161226, 
        "short_term_average": 1161226
    }, 
    {
        "date": "2012-03-31", 
        "operating_revenue": 1320159, 
        "accumulated_operating_revenue": 3642612, 
        "long_term_average": 1214204, 
        "short_term_average": 1214204
    }, 
    {
        "date": "2012-04-30", 
        "operating_revenue": 1359501, 
        "accumulated_operating_revenue": 5002113, 
        "long_term_average": 1250528, 
        "short_term_average": 1293209
    }, 
    {
        "date": "2012-05-31", 
        "operating_revenue": 1462250, 
        "accumulated_operating_revenue": 6464363, 
        "long_term_average": 1292872, 
        "short_term_average": 1380636
    }, 
    {
        "date": "2012-06-30", 
        "operating_revenue": 1478167, 
        "accumulated_operating_revenue": 7942530, 
        "long_term_average": 1323755, 
        "short_term_average": 1433306
    }, 
    {
        "date": "2012-07-31", 
        "operating_revenue": 1433098, 
        "accumulated_operating_revenue": 9375628, 
        "long_term_average": 1339375, 
        "short_term_average": 1457838
    }, 
    {
        "date": "2012-08-31", 
        "operating_revenue": 1456010, 
        "accumulated_operating_revenue": 10831638, 
        "long_term_average": 1353954, 
        "short_term_average": 1455758
    }, 
    {
        "date": "2012-09-30", 
        "operating_revenue": 1399376, 
        "accumulated_operating_revenue": 12231014, 
        "long_term_average": 1359001, 
        "short_term_average": 1429494
    }, 
    {
        "date": "2012-10-31", 
        "operating_revenue": 1262543, 
        "accumulated_operating_revenue": 13493557, 
        "long_term_average": 1349355, 
        "short_term_average": 1372643
    }, 
    {
        "date": "2012-11-30", 
        "operating_revenue": 1380086, 
        "accumulated_operating_revenue": 14873643, 
        "long_term_average": 1352149, 
        "short_term_average": 1347335
    }, 
    {
        "date": "2012-12-31", 
        "operating_revenue": 1270353, 
        "accumulated_operating_revenue": 16143996, 
        "long_term_average": 1345333, 
        "short_term_average": 1304327
    }, 
    {
        "accumulated_operating_revenue_yoy": 19.661536981307563, 
        "accumulated_operating_revenue": 1343184, 
        "long_term_average": 1363724, 
        "date": "2013-01-31", 
        "operating_revenue": 1343184, 
        "short_term_average": 1331207
    }, 
    {
        "accumulated_operating_revenue_yoy": 10.335709700045598, 
        "accumulated_operating_revenue": 2562495, 
        "long_term_average": 1365336, 
        "date": "2013-02-28", 
        "operating_revenue": 1219311, 
        "short_term_average": 1277616
    }, 
    {
        "accumulated_operating_revenue_yoy": 8.59531566908581, 
        "accumulated_operating_revenue": 3955706, 
        "long_term_average": 1371424, 
        "date": "2013-03-31", 
        "operating_revenue": 1393211, 
        "short_term_average": 1318568
    }, 
    {
        "accumulated_operating_revenue_yoy": 4.079955810674409, 
        "accumulated_operating_revenue": 5206197, 
        "long_term_average": 1362340, 
        "date": "2013-04-30", 
        "operating_revenue": 1250491, 
        "short_term_average": 1287671
    }, 
    {
        "accumulated_operating_revenue_yoy": 2.005271053002438, 
        "accumulated_operating_revenue": 6593991, 
        "long_term_average": 1356135, 
        "date": "2013-05-31", 
        "operating_revenue": 1387794, 
        "short_term_average": 1343832
    }, 
    {
        "accumulated_operating_revenue_yoy": 0.297915147944043, 
        "accumulated_operating_revenue": 7966192, 
        "long_term_average": 1347304, 
        "date": "2013-06-30", 
        "operating_revenue": 1372201, 
        "short_term_average": 1336828
    }, 
    {
        "accumulated_operating_revenue_yoy": -0.4262861111810324, 
        "accumulated_operating_revenue": 9335661, 
        "long_term_average": 1342002, 
        "date": "2013-07-31", 
        "operating_revenue": 1369469, 
        "short_term_average": 1376488
    }, 
    {
        "accumulated_operating_revenue_yoy": -1.9059074906306877, 
        "accumulated_operating_revenue": 10625197, 
        "long_term_average": 1328129, 
        "date": "2013-08-31", 
        "operating_revenue": 1289536, 
        "short_term_average": 1343735
    }, 
    {
        "accumulated_operating_revenue_yoy": -3.0495754481190196, 
        "accumulated_operating_revenue": 11858020, 
        "long_term_average": 1314250, 
        "date": "2013-09-30", 
        "operating_revenue": 1232823, 
        "short_term_average": 1297276
    }, 
    {
        "accumulated_operating_revenue_yoy": -3.017714306168492, 
        "accumulated_operating_revenue": 13086360, 
        "long_term_average": 1311399, 
        "date": "2013-10-31", 
        "operating_revenue": 1228340, 
        "short_term_average": 1250233
    }, 
    {
        "accumulated_operating_revenue_yoy": -4.36757827251871, 
        "accumulated_operating_revenue": 14224025, 
        "long_term_average": 1291198, 
        "date": "2013-11-30", 
        "operating_revenue": 1137665, 
        "short_term_average": 1199609
    }, 
    {
        "accumulated_operating_revenue_yoy": -3.9295165831309675, 
        "accumulated_operating_revenue": 15509615, 
        "long_term_average": 1292467, 
        "date": "2013-12-31", 
        "operating_revenue": 1285590, 
        "short_term_average": 1217198
    }, 
    {
        "accumulated_operating_revenue_yoy": 3.6673307603425886, 
        "accumulated_operating_revenue": 1392443, 
        "long_term_average": 1296572, 
        "date": "2014-01-31", 
        "operating_revenue": 1392443, 
        "short_term_average": 1271899
    }, 
    {
        "accumulated_operating_revenue_yoy": 1.9877502200004293, 
        "accumulated_operating_revenue": 2613431, 
        "long_term_average": 1296712, 
        "date": "2014-02-28", 
        "operating_revenue": 1220988, 
        "short_term_average": 1299673
    }, 
    {
        "accumulated_operating_revenue_yoy": 0.9427647049603787, 
        "accumulated_operating_revenue": 3992999, 
        "long_term_average": 1295575, 
        "date": "2014-03-31", 
        "operating_revenue": 1379568, 
        "short_term_average": 1330999
    }, 
    {
        "accumulated_operating_revenue_yoy": 7.081426231085762, 
        "accumulated_operating_revenue": 5574870, 
        "long_term_average": 1323190, 
        "date": "2014-04-30", 
        "operating_revenue": 1581871, 
        "short_term_average": 1394142
    }, 
    {
        "accumulated_operating_revenue_yoy": 8.371621981285688, 
        "accumulated_operating_revenue": 7146015, 
        "long_term_average": 1338469, 
        "date": "2014-05-31", 
        "operating_revenue": 1571145, 
        "short_term_average": 1510861
    }, 
    {
        "accumulated_operating_revenue_yoy": 9.47224219551826, 
        "accumulated_operating_revenue": 8720769, 
        "long_term_average": 1355349, 
        "date": "2014-06-30", 
        "operating_revenue": 1574754, 
        "short_term_average": 1575923
    }, 
    {
        "accumulated_operating_revenue_yoy": 11.178833507343509, 
        "accumulated_operating_revenue": 10379279, 
        "long_term_average": 1379436, 
        "date": "2014-07-31", 
        "operating_revenue": 1658510, 
        "short_term_average": 1601469
    }, 
    {
        "accumulated_operating_revenue_yoy": 12.181637667518071, 
        "accumulated_operating_revenue": 11919520, 
        "long_term_average": 1400328, 
        "date": "2014-08-31", 
        "operating_revenue": 1540241, 
        "short_term_average": 1591168
    }, 
    {
        "accumulated_operating_revenue_yoy": 13.844933639848811, 
        "accumulated_operating_revenue": 13499755, 
        "long_term_average": 1429279, 
        "date": "2014-09-30", 
        "operating_revenue": 1580235, 
        "short_term_average": 1592995
    }, 
    {
        "accumulated_operating_revenue_yoy": 15.046345966334412, 
        "accumulated_operating_revenue": 15055379, 
        "long_term_average": 1456552, 
        "date": "2014-10-31", 
        "operating_revenue": 1555624, 
        "short_term_average": 1558700
    }, 
    {
        "accumulated_operating_revenue_yoy": 15.289814240343363, 
        "accumulated_operating_revenue": 16398852, 
        "long_term_average": 1473703, 
        "date": "2014-11-30", 
        "operating_revenue": 1343473, 
        "short_term_average": 1493110
    }, 
    {
        "accumulated_operating_revenue_yoy": 16.652663525174543, 
        "accumulated_operating_revenue": 18092379, 
        "long_term_average": 1507698, 
        "date": "2014-12-31", 
        "operating_revenue": 1693527, 
        "short_term_average": 1530874
    }, 
    {
        "accumulated_operating_revenue_yoy": 24.27948576710142, 
        "accumulated_operating_revenue": 1730521, 
        "long_term_average": 1535871, 
        "date": "2015-01-31", 
        "operating_revenue": 1730521, 
        "short_term_average": 1589173
    }, 
    {
        "accumulated_operating_revenue_yoy": 23.961183593521312, 
        "accumulated_operating_revenue": 3239640, 
        "long_term_average": 1559882, 
        "date": "2015-02-28", 
        "operating_revenue": 1509119, 
        "short_term_average": 1644389
    }, 
    {
        "accumulated_operating_revenue_yoy": 23.38798482043196, 
        "accumulated_operating_revenue": 4926881, 
        "long_term_average": 1585521, 
        "date": "2015-03-31", 
        "operating_revenue": 1687241, 
        "short_term_average": 1642293
    }, 
    {
        "accumulated_operating_revenue_yoy": 16.858186827674906, 
        "accumulated_operating_revenue": 6514692, 
        "long_term_average": 1586016, 
        "date": "2015-04-30", 
        "operating_revenue": 1587811, 
        "short_term_average": 1594723
    }, 
    {
        "accumulated_operating_revenue_yoy": 11.096478246967017, 
        "accumulated_operating_revenue": 7938971, 
        "long_term_average": 1573777, 
        "date": "2015-05-31", 
        "operating_revenue": 1424279, 
        "short_term_average": 1566443
    }, 
    {
        "accumulated_operating_revenue_yoy": 8.412216858398612, 
        "accumulated_operating_revenue": 9454379, 
        "long_term_average": 1568832, 
        "date": "2015-06-30", 
        "operating_revenue": 1515408, 
        "short_term_average": 1509166
    }, 
    {
        "accumulated_operating_revenue_yoy": 5.588114550153243, 
        "accumulated_operating_revenue": 10959285, 
        "long_term_average": 1556032, 
        "date": "2015-07-31", 
        "operating_revenue": 1504906, 
        "short_term_average": 1481531
    }, 
    {
        "accumulated_operating_revenue_yoy": 4.846487106863363, 
        "accumulated_operating_revenue": 12497198, 
        "long_term_average": 1555838, 
        "date": "2015-08-31", 
        "operating_revenue": 1537913, 
        "short_term_average": 1519409
    }, 
    {
        "accumulated_operating_revenue_yoy": 4.805864995327693, 
        "accumulated_operating_revenue": 14148535, 
        "long_term_average": 1561763, 
        "date": "2015-09-30", 
        "operating_revenue": 1651337, 
        "short_term_average": 1564718
    }, 
    {
        "accumulated_operating_revenue_yoy": 4.610000186644255, 
        "accumulated_operating_revenue": 15749432, 
        "long_term_average": 1565536, 
        "date": "2015-10-31", 
        "operating_revenue": 1600897, 
        "short_term_average": 1596715
    }
]