[
    {
        "date": "2012-01-31", 
        "operating_revenue": 158591, 
        "accumulated_operating_revenue": 158591, 
        "long_term_average": 158591, 
        "short_term_average": 158591
    }, 
    {
        "date": "2012-02-29", 
        "operating_revenue": 237350, 
        "accumulated_operating_revenue": 395941, 
        "long_term_average": 197970, 
        "short_term_average": 197970
    }, 
    {
        "date": "2012-03-31", 
        "operating_revenue": 325734, 
        "accumulated_operating_revenue": 721675, 
        "long_term_average": 240558, 
        "short_term_average": 240558
    }, 
    {
        "date": "2012-04-30", 
        "operating_revenue": 296015, 
        "accumulated_operating_revenue": 1017690, 
        "long_term_average": 254422, 
        "short_term_average": 286366
    }, 
    {
        "date": "2012-05-31", 
        "operating_revenue": 422772, 
        "accumulated_operating_revenue": 1440462, 
        "long_term_average": 288092, 
        "short_term_average": 348173
    }, 
    {
        "date": "2012-06-30", 
        "operating_revenue": 349261, 
        "accumulated_operating_revenue": 1789723, 
        "long_term_average": 298287, 
        "short_term_average": 356016
    }, 
    {
        "date": "2012-07-31", 
        "operating_revenue": 339267, 
        "accumulated_operating_revenue": 2128990, 
        "long_term_average": 304141, 
        "short_term_average": 370433
    }, 
    {
        "date": "2012-08-31", 
        "operating_revenue": 327704, 
        "accumulated_operating_revenue": 2456694, 
        "long_term_average": 307086, 
        "short_term_average": 338744
    }, 
    {
        "date": "2012-09-30", 
        "operating_revenue": 295143, 
        "accumulated_operating_revenue": 2751837, 
        "long_term_average": 305759, 
        "short_term_average": 320704
    }, 
    {
        "date": "2012-10-31", 
        "operating_revenue": 209865, 
        "accumulated_operating_revenue": 2961702, 
        "long_term_average": 296170, 
        "short_term_average": 277570
    }, 
    {
        "date": "2012-11-30", 
        "operating_revenue": 213554, 
        "accumulated_operating_revenue": 3175256, 
        "long_term_average": 288659, 
        "short_term_average": 239520
    }, 
    {
        "date": "2012-12-31", 
        "operating_revenue": 221298, 
        "accumulated_operating_revenue": 3396554, 
        "long_term_average": 283046, 
        "short_term_average": 214905
    }, 
    {
        "accumulated_operating_revenue_yoy": 12.893543769823005, 
        "accumulated_operating_revenue": 179039, 
        "long_term_average": 284750, 
        "date": "2013-01-31", 
        "operating_revenue": 179039, 
        "short_term_average": 204630
    }, 
    {
        "accumulated_operating_revenue_yoy": -26.74161049247236, 
        "accumulated_operating_revenue": 290060, 
        "long_term_average": 274222, 
        "date": "2013-02-28", 
        "operating_revenue": 111021, 
        "short_term_average": 170452
    }, 
    {
        "accumulated_operating_revenue_yoy": -12.816156857311118, 
        "accumulated_operating_revenue": 629184, 
        "long_term_average": 275338, 
        "date": "2013-03-31", 
        "operating_revenue": 339124, 
        "short_term_average": 209728
    }, 
    {
        "accumulated_operating_revenue_yoy": -6.771610215291493, 
        "accumulated_operating_revenue": 948776, 
        "long_term_average": 277303, 
        "date": "2013-04-30", 
        "operating_revenue": 319592, 
        "short_term_average": 256579
    }, 
    {
        "accumulated_operating_revenue_yoy": -25.08139749608112, 
        "accumulated_operating_revenue": 1079174, 
        "long_term_average": 252938, 
        "date": "2013-05-31", 
        "operating_revenue": 130398, 
        "short_term_average": 263038
    }, 
    {
        "accumulated_operating_revenue_yoy": -25.82120249893419, 
        "accumulated_operating_revenue": 1327595, 
        "long_term_average": 244535, 
        "date": "2013-06-30", 
        "operating_revenue": 248421, 
        "short_term_average": 232803
    }, 
    {
        "accumulated_operating_revenue_yoy": -25.311203904198702, 
        "accumulated_operating_revenue": 1590117, 
        "long_term_average": 238140, 
        "date": "2013-07-31", 
        "operating_revenue": 262522, 
        "short_term_average": 213780
    }, 
    {
        "accumulated_operating_revenue_yoy": -21.365379652492333, 
        "accumulated_operating_revenue": 1931812, 
        "long_term_average": 239306, 
        "date": "2013-08-31", 
        "operating_revenue": 341695, 
        "short_term_average": 284212
    }, 
    {
        "accumulated_operating_revenue_yoy": -17.82307600341154, 
        "accumulated_operating_revenue": 2261375, 
        "long_term_average": 242174, 
        "date": "2013-09-30", 
        "operating_revenue": 329563, 
        "short_term_average": 311260
    }, 
    {
        "accumulated_operating_revenue_yoy": -14.145582506275108, 
        "accumulated_operating_revenue": 2542752, 
        "long_term_average": 248133, 
        "date": "2013-10-31", 
        "operating_revenue": 281377, 
        "short_term_average": 317545
    }, 
    {
        "accumulated_operating_revenue_yoy": -11.93538410761211, 
        "accumulated_operating_revenue": 2796277, 
        "long_term_average": 251464, 
        "date": "2013-11-30", 
        "operating_revenue": 253525, 
        "short_term_average": 288155
    }, 
    {
        "accumulated_operating_revenue_yoy": -9.020230504211032, 
        "accumulated_operating_revenue": 3090177, 
        "long_term_average": 257514, 
        "date": "2013-12-31", 
        "operating_revenue": 293900, 
        "short_term_average": 276267
    }, 
    {
        "accumulated_operating_revenue_yoy": -1.3019509715760254, 
        "accumulated_operating_revenue": 176708, 
        "long_term_average": 257320, 
        "date": "2014-01-31", 
        "operating_revenue": 176708, 
        "short_term_average": 241377
    }, 
    {
        "accumulated_operating_revenue_yoy": 14.972764255671239, 
        "accumulated_operating_revenue": 333490, 
        "long_term_average": 261133, 
        "date": "2014-02-28", 
        "operating_revenue": 156782, 
        "short_term_average": 209130
    }, 
    {
        "accumulated_operating_revenue_yoy": -5.889374173532703, 
        "accumulated_operating_revenue": 592129, 
        "long_term_average": 254426, 
        "date": "2014-03-31", 
        "operating_revenue": 258639, 
        "short_term_average": 197376
    }, 
    {
        "accumulated_operating_revenue_yoy": -11.861493123772101, 
        "accumulated_operating_revenue": 836237, 
        "long_term_average": 248136, 
        "date": "2014-04-30", 
        "operating_revenue": 244108, 
        "short_term_average": 219843
    }, 
    {
        "accumulated_operating_revenue_yoy": 2.4406629514795575, 
        "accumulated_operating_revenue": 1105513, 
        "long_term_average": 259709, 
        "date": "2014-05-31", 
        "operating_revenue": 269276, 
        "short_term_average": 257341
    }, 
    {
        "accumulated_operating_revenue_yoy": 3.927553207115122, 
        "accumulated_operating_revenue": 1379737, 
        "long_term_average": 261859, 
        "date": "2014-06-30", 
        "operating_revenue": 274224, 
        "short_term_average": 262536
    }, 
    {
        "accumulated_operating_revenue_yoy": 0.9204354145009456, 
        "accumulated_operating_revenue": 1604753, 
        "long_term_average": 258734, 
        "date": "2014-07-31", 
        "operating_revenue": 225016, 
        "short_term_average": 256172
    }, 
    {
        "accumulated_operating_revenue_yoy": -5.536874188585639, 
        "accumulated_operating_revenue": 1824850, 
        "long_term_average": 248601, 
        "date": "2014-08-31", 
        "operating_revenue": 220097, 
        "short_term_average": 239779
    }, 
    {
        "accumulated_operating_revenue_yoy": -11.112575313691892, 
        "accumulated_operating_revenue": 2010078, 
        "long_term_average": 236573, 
        "date": "2014-09-30", 
        "operating_revenue": 185228, 
        "short_term_average": 210113
    }, 
    {
        "accumulated_operating_revenue_yoy": -15.690047633430238, 
        "accumulated_operating_revenue": 2143793, 
        "long_term_average": 224268, 
        "date": "2014-10-31", 
        "operating_revenue": 133715, 
        "short_term_average": 179680
    }, 
    {
        "accumulated_operating_revenue_yoy": -16.05048426890469, 
        "accumulated_operating_revenue": 2347461, 
        "long_term_average": 220113, 
        "date": "2014-11-30", 
        "operating_revenue": 203668, 
        "short_term_average": 174203
    }, 
    {
        "accumulated_operating_revenue_yoy": -17.293960831369855, 
        "accumulated_operating_revenue": 2555763, 
        "long_term_average": 212980, 
        "date": "2014-12-31", 
        "operating_revenue": 208302, 
        "short_term_average": 181895
    }, 
    {
        "accumulated_operating_revenue_yoy": -49.15227380763746, 
        "accumulated_operating_revenue": 89852, 
        "long_term_average": 205742, 
        "date": "2015-01-31", 
        "operating_revenue": 89852, 
        "short_term_average": 167274
    }, 
    {
        "accumulated_operating_revenue_yoy": -40.459084230411705, 
        "accumulated_operating_revenue": 198563, 
        "long_term_average": 201736, 
        "date": "2015-02-28", 
        "operating_revenue": 108711, 
        "short_term_average": 135621
    }, 
    {
        "accumulated_operating_revenue_yoy": -29.3061140393394, 
        "accumulated_operating_revenue": 418599, 
        "long_term_average": 198519, 
        "date": "2015-03-31", 
        "operating_revenue": 220036, 
        "short_term_average": 139533
    }, 
    {
        "accumulated_operating_revenue_yoy": -21.09844457970647, 
        "accumulated_operating_revenue": 659804, 
        "long_term_average": 198277, 
        "date": "2015-04-30", 
        "operating_revenue": 241205, 
        "short_term_average": 189984
    }, 
    {
        "accumulated_operating_revenue_yoy": -19.506419191814118, 
        "accumulated_operating_revenue": 889867, 
        "long_term_average": 195009, 
        "date": "2015-05-31", 
        "operating_revenue": 230063, 
        "short_term_average": 230434
    }, 
    {
        "accumulated_operating_revenue_yoy": -17.34866862307817, 
        "accumulated_operating_revenue": 1140371, 
        "long_term_average": 193033, 
        "date": "2015-06-30", 
        "operating_revenue": 250504, 
        "short_term_average": 240590
    }, 
    {
        "accumulated_operating_revenue_yoy": -15.846426210139505, 
        "accumulated_operating_revenue": 1350457, 
        "long_term_average": 191788, 
        "date": "2015-07-31", 
        "operating_revenue": 210086, 
        "short_term_average": 230217
    }, 
    {
        "accumulated_operating_revenue_yoy": -13.402087842836396, 
        "accumulated_operating_revenue": 1580282, 
        "long_term_average": 192599, 
        "date": "2015-08-31", 
        "operating_revenue": 229825, 
        "short_term_average": 230138
    }
]