[
    {
        "date": "2012-01-31", 
        "operating_revenue": 113095, 
        "accumulated_operating_revenue": 113095, 
        "long_term_average": 113095, 
        "short_term_average": 113095
    }, 
    {
        "date": "2012-02-29", 
        "operating_revenue": 153014, 
        "accumulated_operating_revenue": 266109, 
        "long_term_average": 133054, 
        "short_term_average": 133054
    }, 
    {
        "date": "2012-03-31", 
        "operating_revenue": 150111, 
        "accumulated_operating_revenue": 416220, 
        "long_term_average": 138740, 
        "short_term_average": 138740
    }, 
    {
        "date": "2012-04-30", 
        "operating_revenue": 162742, 
        "accumulated_operating_revenue": 578962, 
        "long_term_average": 144740, 
        "short_term_average": 155289
    }, 
    {
        "date": "2012-05-31", 
        "operating_revenue": 151154, 
        "accumulated_operating_revenue": 730116, 
        "long_term_average": 146023, 
        "short_term_average": 154669
    }, 
    {
        "date": "2012-06-30", 
        "operating_revenue": 144170, 
        "accumulated_operating_revenue": 874286, 
        "long_term_average": 145714, 
        "short_term_average": 152688
    }, 
    {
        "date": "2012-07-31", 
        "operating_revenue": 147582, 
        "accumulated_operating_revenue": 1021868, 
        "long_term_average": 145981, 
        "short_term_average": 147635
    }, 
    {
        "date": "2012-08-31", 
        "operating_revenue": 136796, 
        "accumulated_operating_revenue": 1158664, 
        "long_term_average": 144833, 
        "short_term_average": 142849
    }, 
    {
        "date": "2012-09-30", 
        "operating_revenue": 141232, 
        "accumulated_operating_revenue": 1299896, 
        "long_term_average": 144432, 
        "short_term_average": 141870
    }, 
    {
        "date": "2012-10-31", 
        "operating_revenue": 128169, 
        "accumulated_operating_revenue": 1428065, 
        "long_term_average": 142806, 
        "short_term_average": 135399
    }, 
    {
        "date": "2012-11-30", 
        "operating_revenue": 124467, 
        "accumulated_operating_revenue": 1552532, 
        "long_term_average": 141139, 
        "short_term_average": 131289
    }, 
    {
        "date": "2012-12-31", 
        "operating_revenue": 123174, 
        "accumulated_operating_revenue": 1675706, 
        "long_term_average": 139642, 
        "short_term_average": 125270
    }, 
    {
        "accumulated_operating_revenue_yoy": -3.7004288430080905, 
        "accumulated_operating_revenue": 108910, 
        "long_term_average": 139293, 
        "date": "2013-01-31", 
        "operating_revenue": 108910, 
        "short_term_average": 118850
    }, 
    {
        "accumulated_operating_revenue_yoy": -16.53833579473073, 
        "accumulated_operating_revenue": 222099, 
        "long_term_average": 135974, 
        "date": "2013-02-28", 
        "operating_revenue": 113189, 
        "short_term_average": 115091
    }, 
    {
        "accumulated_operating_revenue_yoy": -15.392580846667627, 
        "accumulated_operating_revenue": 352153, 
        "long_term_average": 134303, 
        "date": "2013-03-31", 
        "operating_revenue": 130054, 
        "short_term_average": 117384
    }, 
    {
        "accumulated_operating_revenue_yoy": -16.685205592076855, 
        "accumulated_operating_revenue": 482361, 
        "long_term_average": 131592, 
        "date": "2013-04-30", 
        "operating_revenue": 130208, 
        "short_term_average": 124483
    }, 
    {
        "accumulated_operating_revenue_yoy": -14.835039911466122, 
        "accumulated_operating_revenue": 621803, 
        "long_term_average": 130616, 
        "date": "2013-05-31", 
        "operating_revenue": 139442, 
        "short_term_average": 133234
    }, 
    {
        "accumulated_operating_revenue_yoy": -12.726842246129985, 
        "accumulated_operating_revenue": 763017, 
        "long_term_average": 130369, 
        "date": "2013-06-30", 
        "operating_revenue": 141214, 
        "short_term_average": 136954
    }, 
    {
        "accumulated_operating_revenue_yoy": -10.33920232358778, 
        "accumulated_operating_revenue": 916215, 
        "long_term_average": 130837, 
        "date": "2013-07-31", 
        "operating_revenue": 153198, 
        "short_term_average": 144618
    }, 
    {
        "accumulated_operating_revenue_yoy": -7.85447722549419, 
        "accumulated_operating_revenue": 1067657, 
        "long_term_average": 132058, 
        "date": "2013-08-31", 
        "operating_revenue": 151442, 
        "short_term_average": 148618
    }, 
    {
        "accumulated_operating_revenue_yoy": -6.946401865995433, 
        "accumulated_operating_revenue": 1209600, 
        "long_term_average": 132117, 
        "date": "2013-09-30", 
        "operating_revenue": 141943, 
        "short_term_average": 148861
    }, 
    {
        "accumulated_operating_revenue_yoy": -6.24481378648731, 
        "accumulated_operating_revenue": 1338885, 
        "long_term_average": 132210, 
        "date": "2013-10-31", 
        "operating_revenue": 129285, 
        "short_term_average": 140890
    }, 
    {
        "accumulated_operating_revenue_yoy": -5.758850703238323, 
        "accumulated_operating_revenue": 1463124, 
        "long_term_average": 132191, 
        "date": "2013-11-30", 
        "operating_revenue": 124239, 
        "short_term_average": 131822
    }, 
    {
        "accumulated_operating_revenue_yoy": -4.922581884889116, 
        "accumulated_operating_revenue": 1593218, 
        "long_term_average": 132768, 
        "date": "2013-12-31", 
        "operating_revenue": 130094, 
        "short_term_average": 127872
    }, 
    {
        "accumulated_operating_revenue_yoy": 19.458268294922412, 
        "accumulated_operating_revenue": 130102, 
        "long_term_average": 134534, 
        "date": "2014-01-31", 
        "operating_revenue": 130102, 
        "short_term_average": 128145
    }, 
    {
        "accumulated_operating_revenue_yoy": 15.718666000297166, 
        "accumulated_operating_revenue": 257010, 
        "long_term_average": 135677, 
        "date": "2014-02-28", 
        "operating_revenue": 126908, 
        "short_term_average": 129034
    }, 
    {
        "accumulated_operating_revenue_yoy": 15.718735890365835, 
        "accumulated_operating_revenue": 407507, 
        "long_term_average": 137381, 
        "date": "2014-03-31", 
        "operating_revenue": 150497, 
        "short_term_average": 135835
    }, 
    {
        "accumulated_operating_revenue_yoy": 21.689771768447283, 
        "accumulated_operating_revenue": 586984, 
        "long_term_average": 141486, 
        "date": "2014-04-30", 
        "operating_revenue": 179477, 
        "short_term_average": 152294
    }, 
    {
        "accumulated_operating_revenue_yoy": 18.592544584056363, 
        "accumulated_operating_revenue": 737412, 
        "long_term_average": 142402, 
        "date": "2014-05-31", 
        "operating_revenue": 150428, 
        "short_term_average": 160134
    }, 
    {
        "accumulated_operating_revenue_yoy": 18.936537455915136, 
        "accumulated_operating_revenue": 907506, 
        "long_term_average": 144808, 
        "date": "2014-06-30", 
        "operating_revenue": 170094, 
        "short_term_average": 166666
    }, 
    {
        "accumulated_operating_revenue_yoy": 16.977128730701853, 
        "accumulated_operating_revenue": 1071762, 
        "long_term_average": 145730, 
        "date": "2014-07-31", 
        "operating_revenue": 164256, 
        "short_term_average": 161592
    }, 
    {
        "accumulated_operating_revenue_yoy": 14.33203734907372, 
        "accumulated_operating_revenue": 1220674, 
        "long_term_average": 145519, 
        "date": "2014-08-31", 
        "operating_revenue": 148912, 
        "short_term_average": 161087
    }, 
    {
        "accumulated_operating_revenue_yoy": 14.027199074074073, 
        "accumulated_operating_revenue": 1379273, 
        "long_term_average": 146907, 
        "date": "2014-09-30", 
        "operating_revenue": 158599, 
        "short_term_average": 157255
    }, 
    {
        "accumulated_operating_revenue_yoy": 13.533574578847324, 
        "accumulated_operating_revenue": 1520084, 
        "long_term_average": 147868, 
        "date": "2014-10-31", 
        "operating_revenue": 140811, 
        "short_term_average": 149440
    }, 
    {
        "accumulated_operating_revenue_yoy": 14.487425536044793, 
        "accumulated_operating_revenue": 1675093, 
        "long_term_average": 150432, 
        "date": "2014-11-30", 
        "operating_revenue": 155009, 
        "short_term_average": 151473
    }, 
    {
        "accumulated_operating_revenue_yoy": 15.2693479486172, 
        "accumulated_operating_revenue": 1836492, 
        "long_term_average": 153041, 
        "date": "2014-12-31", 
        "operating_revenue": 161399, 
        "short_term_average": 152406
    }, 
    {
        "accumulated_operating_revenue_yoy": 21.945857865367174, 
        "accumulated_operating_revenue": 158654, 
        "long_term_average": 155420, 
        "date": "2015-01-31", 
        "operating_revenue": 158654, 
        "short_term_average": 158354
    }, 
    {
        "accumulated_operating_revenue_yoy": 15.965137543286254, 
        "accumulated_operating_revenue": 298042, 
        "long_term_average": 156460, 
        "date": "2015-02-28", 
        "operating_revenue": 139388, 
        "short_term_average": 153147
    }, 
    {
        "accumulated_operating_revenue_yoy": 9.158861074779082, 
        "accumulated_operating_revenue": 444830, 
        "long_term_average": 156151, 
        "date": "2015-03-31", 
        "operating_revenue": 146788, 
        "short_term_average": 148276
    }, 
    {
        "accumulated_operating_revenue_yoy": 2.76072260913415, 
        "accumulated_operating_revenue": 603189, 
        "long_term_average": 154391, 
        "date": "2015-04-30", 
        "operating_revenue": 158359, 
        "short_term_average": 148178
    }, 
    {
        "accumulated_operating_revenue_yoy": 2.395133249797942, 
        "accumulated_operating_revenue": 755074, 
        "long_term_average": 154512, 
        "date": "2015-05-31", 
        "operating_revenue": 151885, 
        "short_term_average": 152344
    }, 
    {
        "accumulated_operating_revenue_yoy": 0.10611500089255609, 
        "accumulated_operating_revenue": 908469, 
        "long_term_average": 153121, 
        "date": "2015-06-30", 
        "operating_revenue": 153395, 
        "short_term_average": 154546
    }, 
    {
        "accumulated_operating_revenue_yoy": -1.1401785097810895, 
        "accumulated_operating_revenue": 1059542, 
        "long_term_average": 152022, 
        "date": "2015-07-31", 
        "operating_revenue": 151073, 
        "short_term_average": 152117
    }, 
    {
        "accumulated_operating_revenue_yoy": -0.9224412087092869, 
        "accumulated_operating_revenue": 1209414, 
        "long_term_average": 152102, 
        "date": "2015-08-31", 
        "operating_revenue": 149872, 
        "short_term_average": 151446
    }
]