[
    {
        "date": "2012-01-31", 
        "operating_revenue": 132097, 
        "accumulated_operating_revenue": 132097, 
        "long_term_average": 132097, 
        "short_term_average": 132097
    }, 
    {
        "date": "2012-02-29", 
        "operating_revenue": 137078, 
        "accumulated_operating_revenue": 269175, 
        "long_term_average": 134587, 
        "short_term_average": 134587
    }, 
    {
        "date": "2012-03-31", 
        "operating_revenue": 324828, 
        "accumulated_operating_revenue": 594003, 
        "long_term_average": 198001, 
        "short_term_average": 198001
    }, 
    {
        "date": "2012-04-30", 
        "operating_revenue": 122805, 
        "accumulated_operating_revenue": 716808, 
        "long_term_average": 179202, 
        "short_term_average": 194903
    }, 
    {
        "date": "2012-05-31", 
        "operating_revenue": 176331, 
        "accumulated_operating_revenue": 893139, 
        "long_term_average": 178627, 
        "short_term_average": 207988
    }, 
    {
        "date": "2012-06-30", 
        "operating_revenue": 163678, 
        "accumulated_operating_revenue": 1056817, 
        "long_term_average": 176136, 
        "short_term_average": 154271
    }, 
    {
        "date": "2012-07-31", 
        "operating_revenue": 381076, 
        "accumulated_operating_revenue": 1437893, 
        "long_term_average": 205413, 
        "short_term_average": 240361
    }, 
    {
        "date": "2012-08-31", 
        "operating_revenue": 223613, 
        "accumulated_operating_revenue": 1661506, 
        "long_term_average": 207688, 
        "short_term_average": 256122
    }, 
    {
        "date": "2012-09-30", 
        "operating_revenue": 168952, 
        "accumulated_operating_revenue": 1830458, 
        "long_term_average": 203384, 
        "short_term_average": 257880
    }, 
    {
        "date": "2012-10-31", 
        "operating_revenue": 178104, 
        "accumulated_operating_revenue": 2008562, 
        "long_term_average": 200856, 
        "short_term_average": 190223
    }, 
    {
        "date": "2012-11-30", 
        "operating_revenue": 365126, 
        "accumulated_operating_revenue": 2373688, 
        "long_term_average": 215789, 
        "short_term_average": 237394
    }, 
    {
        "date": "2012-12-31", 
        "operating_revenue": 232120, 
        "accumulated_operating_revenue": 2605808, 
        "long_term_average": 217150, 
        "short_term_average": 258450
    }, 
    {
        "accumulated_operating_revenue_yoy": 51.78088828663785, 
        "accumulated_operating_revenue": 200498, 
        "long_term_average": 222850, 
        "date": "2013-01-31", 
        "operating_revenue": 200498, 
        "short_term_average": 265914
    }, 
    {
        "accumulated_operating_revenue_yoy": 15.795300455094269, 
        "accumulated_operating_revenue": 311692, 
        "long_term_average": 220693, 
        "date": "2013-02-28", 
        "operating_revenue": 111194, 
        "short_term_average": 181270
    }, 
    {
        "accumulated_operating_revenue_yoy": -6.846935116489311, 
        "accumulated_operating_revenue": 553332, 
        "long_term_average": 213761, 
        "date": "2013-03-31", 
        "operating_revenue": 241640, 
        "short_term_average": 184444
    }, 
    {
        "accumulated_operating_revenue_yoy": -5.618659389962166, 
        "accumulated_operating_revenue": 676533, 
        "long_term_average": 213794, 
        "date": "2013-04-30", 
        "operating_revenue": 123201, 
        "short_term_average": 158678
    }, 
    {
        "accumulated_operating_revenue_yoy": -2.941199522134853, 
        "accumulated_operating_revenue": 866870, 
        "long_term_average": 214961, 
        "date": "2013-05-31", 
        "operating_revenue": 190337, 
        "short_term_average": 185059
    }, 
    {
        "accumulated_operating_revenue_yoy": 3.243040185765369, 
        "accumulated_operating_revenue": 1091090, 
        "long_term_average": 220006, 
        "date": "2013-06-30", 
        "operating_revenue": 224220, 
        "short_term_average": 179252
    }, 
    {
        "accumulated_operating_revenue_yoy": -5.556533066090453, 
        "accumulated_operating_revenue": 1357996, 
        "long_term_average": 210492, 
        "date": "2013-07-31", 
        "operating_revenue": 266906, 
        "short_term_average": 227154
    }, 
    {
        "accumulated_operating_revenue_yoy": -6.4106298743429155, 
        "accumulated_operating_revenue": 1554993, 
        "long_term_average": 208274, 
        "date": "2013-08-31", 
        "operating_revenue": 196997, 
        "short_term_average": 229374
    }, 
    {
        "accumulated_operating_revenue_yoy": -2.5535139293007543, 
        "accumulated_operating_revenue": 1783717, 
        "long_term_average": 213255, 
        "date": "2013-09-30", 
        "operating_revenue": 228724, 
        "short_term_average": 230875
    }, 
    {
        "accumulated_operating_revenue_yoy": 0.8157079542478648, 
        "accumulated_operating_revenue": 2024946, 
        "long_term_average": 218516, 
        "date": "2013-10-31", 
        "operating_revenue": 241229, 
        "short_term_average": 222316
    }, 
    {
        "accumulated_operating_revenue_yoy": -7.381340765930484, 
        "accumulated_operating_revenue": 2198478, 
        "long_term_average": 202549, 
        "date": "2013-11-30", 
        "operating_revenue": 173532, 
        "short_term_average": 214495
    }, 
    {
        "accumulated_operating_revenue_yoy": -1.718584024609641, 
        "accumulated_operating_revenue": 2561025, 
        "long_term_average": 213418, 
        "date": "2013-12-31", 
        "operating_revenue": 362547, 
        "short_term_average": 259102
    }, 
    {
        "accumulated_operating_revenue_yoy": -48.972558329758904, 
        "accumulated_operating_revenue": 102309, 
        "long_term_average": 205236, 
        "date": "2014-01-31", 
        "operating_revenue": 102309, 
        "short_term_average": 212796
    }, 
    {
        "accumulated_operating_revenue_yoy": -31.82372341927287, 
        "accumulated_operating_revenue": 212500, 
        "long_term_average": 205152, 
        "date": "2014-02-28", 
        "operating_revenue": 110191, 
        "short_term_average": 191682
    }, 
    {
        "accumulated_operating_revenue_yoy": -25.057289294673, 
        "accumulated_operating_revenue": 414682, 
        "long_term_average": 201864, 
        "date": "2014-03-31", 
        "operating_revenue": 202182, 
        "short_term_average": 138227
    }, 
    {
        "accumulated_operating_revenue_yoy": -5.222509471082711, 
        "accumulated_operating_revenue": 641201, 
        "long_term_average": 210474, 
        "date": "2014-04-30", 
        "operating_revenue": 226519, 
        "short_term_average": 179630
    }, 
    {
        "accumulated_operating_revenue_yoy": 0.002076435913112693, 
        "accumulated_operating_revenue": 866888, 
        "long_term_average": 213420, 
        "date": "2014-05-31", 
        "operating_revenue": 225687, 
        "short_term_average": 218129
    }, 
    {
        "accumulated_operating_revenue_yoy": 0.222346460878571, 
        "accumulated_operating_revenue": 1093516, 
        "long_term_average": 213620, 
        "date": "2014-06-30", 
        "operating_revenue": 226628, 
        "short_term_average": 226278
    }, 
    {
        "accumulated_operating_revenue_yoy": -0.7974986671536588, 
        "accumulated_operating_revenue": 1347166, 
        "long_term_average": 212516, 
        "date": "2014-07-31", 
        "operating_revenue": 253650, 
        "short_term_average": 235321
    }, 
    {
        "accumulated_operating_revenue_yoy": 6.4472959042259355, 
        "accumulated_operating_revenue": 1655248, 
        "long_term_average": 221773, 
        "date": "2014-08-31", 
        "operating_revenue": 308082, 
        "short_term_average": 262786
    }, 
    {
        "accumulated_operating_revenue_yoy": 12.029150364099237, 
        "accumulated_operating_revenue": 1998283, 
        "long_term_average": 231299, 
        "date": "2014-09-30", 
        "operating_revenue": 343035, 
        "short_term_average": 301589
    }, 
    {
        "accumulated_operating_revenue_yoy": 5.241275569817664, 
        "accumulated_operating_revenue": 2131079, 
        "long_term_average": 222263, 
        "date": "2014-10-31", 
        "operating_revenue": 132796, 
        "short_term_average": 261304
    }, 
    {
        "accumulated_operating_revenue_yoy": 8.496787322866092, 
        "accumulated_operating_revenue": 2385278, 
        "long_term_average": 228985, 
        "date": "2014-11-30", 
        "operating_revenue": 254199, 
        "short_term_average": 243343
    }, 
    {
        "accumulated_operating_revenue_yoy": 3.3897365312716587, 
        "accumulated_operating_revenue": 2647837, 
        "long_term_average": 220653, 
        "date": "2014-12-31", 
        "operating_revenue": 262559, 
        "short_term_average": 216518
    }, 
    {
        "accumulated_operating_revenue_yoy": 72.36118034581513, 
        "accumulated_operating_revenue": 176341, 
        "long_term_average": 226822, 
        "date": "2015-01-31", 
        "operating_revenue": 176341, 
        "short_term_average": 231033
    }, 
    {
        "accumulated_operating_revenue_yoy": 80.34588235294117, 
        "accumulated_operating_revenue": 383235, 
        "long_term_average": 234881, 
        "date": "2015-02-28", 
        "operating_revenue": 206894, 
        "short_term_average": 215264
    }, 
    {
        "accumulated_operating_revenue_yoy": 65.53117810756194, 
        "accumulated_operating_revenue": 686428, 
        "long_term_average": 243298, 
        "date": "2015-03-31", 
        "operating_revenue": 303193, 
        "short_term_average": 228809
    }, 
    {
        "accumulated_operating_revenue_yoy": 44.971701541326354, 
        "accumulated_operating_revenue": 929560, 
        "long_term_average": 244683, 
        "date": "2015-04-30", 
        "operating_revenue": 243132, 
        "short_term_average": 251073
    }, 
    {
        "accumulated_operating_revenue_yoy": 43.53019075128506, 
        "accumulated_operating_revenue": 1244246, 
        "long_term_average": 252099, 
        "date": "2015-05-31", 
        "operating_revenue": 314686, 
        "short_term_average": 287003
    }, 
    {
        "accumulated_operating_revenue_yoy": 40.37627250081389, 
        "accumulated_operating_revenue": 1535037, 
        "long_term_average": 257446, 
        "date": "2015-06-30", 
        "operating_revenue": 290791, 
        "short_term_average": 282869
    }, 
    {
        "accumulated_operating_revenue_yoy": 47.11416410449789, 
        "accumulated_operating_revenue": 1981872, 
        "long_term_average": 273545, 
        "date": "2015-07-31", 
        "operating_revenue": 446835, 
        "short_term_average": 350770
    }, 
    {
        "accumulated_operating_revenue_yoy": 39.15612645355862, 
        "accumulated_operating_revenue": 2303379, 
        "long_term_average": 274664, 
        "date": "2015-08-31", 
        "operating_revenue": 321507, 
        "short_term_average": 353044
    }, 
    {
        "accumulated_operating_revenue_yoy": 34.76639695178311, 
        "accumulated_operating_revenue": 2693014, 
        "long_term_average": 278547, 
        "date": "2015-09-30", 
        "operating_revenue": 389635, 
        "short_term_average": 385992
    }
]