[
    {
        "date": "2011-09-30", 
        "operating_revenue": 28438, 
        "accumulated_operating_revenue": 28438, 
        "long_term_average": 28438, 
        "short_term_average": 28438
    }, 
    {
        "date": "2011-10-31", 
        "operating_revenue": 25622, 
        "accumulated_operating_revenue": 54060, 
        "long_term_average": 27030, 
        "short_term_average": 27030
    }, 
    {
        "date": "2011-11-30", 
        "operating_revenue": 33874, 
        "accumulated_operating_revenue": 87934, 
        "long_term_average": 29311, 
        "short_term_average": 29311
    }, 
    {
        "date": "2011-12-31", 
        "operating_revenue": 37189, 
        "accumulated_operating_revenue": 125123, 
        "long_term_average": 31280, 
        "short_term_average": 32228
    }, 
    {
        "date": "2012-01-31", 
        "operating_revenue": 21478, 
        "accumulated_operating_revenue": 21478, 
        "long_term_average": 29320, 
        "short_term_average": 30847
    }, 
    {
        "date": "2012-02-29", 
        "operating_revenue": 26693, 
        "accumulated_operating_revenue": 48171, 
        "long_term_average": 28882, 
        "short_term_average": 28453
    }, 
    {
        "date": "2012-03-31", 
        "operating_revenue": 31586, 
        "accumulated_operating_revenue": 79757, 
        "long_term_average": 29268, 
        "short_term_average": 26585
    }, 
    {
        "date": "2012-04-30", 
        "operating_revenue": 31336, 
        "accumulated_operating_revenue": 111093, 
        "long_term_average": 29527, 
        "short_term_average": 29871
    }, 
    {
        "date": "2012-05-31", 
        "operating_revenue": 32961, 
        "accumulated_operating_revenue": 144054, 
        "long_term_average": 29908, 
        "short_term_average": 31961
    }, 
    {
        "date": "2012-06-30", 
        "operating_revenue": 27138, 
        "accumulated_operating_revenue": 171192, 
        "long_term_average": 29631, 
        "short_term_average": 30478
    }, 
    {
        "date": "2012-07-31", 
        "operating_revenue": 24623, 
        "accumulated_operating_revenue": 195815, 
        "long_term_average": 29176, 
        "short_term_average": 28240
    }, 
    {
        "date": "2012-08-31", 
        "operating_revenue": 30550, 
        "accumulated_operating_revenue": 226365, 
        "long_term_average": 29290, 
        "short_term_average": 27437
    }, 
    {
        "accumulated_operating_revenue_yoy": 802.4157817005415, 
        "accumulated_operating_revenue": 256629, 
        "long_term_average": 29442, 
        "date": "2012-09-30", 
        "operating_revenue": 30264, 
        "short_term_average": 28479
    }, 
    {
        "accumulated_operating_revenue_yoy": 430.3514613392527, 
        "accumulated_operating_revenue": 286708, 
        "long_term_average": 29814, 
        "date": "2012-10-31", 
        "operating_revenue": 30079, 
        "short_term_average": 30297
    }, 
    {
        "accumulated_operating_revenue_yoy": 265.8346032251461, 
        "accumulated_operating_revenue": 321693, 
        "long_term_average": 29906, 
        "date": "2012-11-30", 
        "operating_revenue": 34985, 
        "short_term_average": 31776
    }, 
    {
        "accumulated_operating_revenue_yoy": 181.6340720730801, 
        "accumulated_operating_revenue": 352389, 
        "long_term_average": 29365, 
        "date": "2012-12-31", 
        "operating_revenue": 30696, 
        "short_term_average": 31920
    }, 
    {
        "accumulated_operating_revenue_yoy": 9.116305056336717, 
        "accumulated_operating_revenue": 23436, 
        "long_term_average": 29528, 
        "date": "2013-01-31", 
        "operating_revenue": 23436, 
        "short_term_average": 29705
    }, 
    {
        "accumulated_operating_revenue_yoy": -8.110689003757447, 
        "accumulated_operating_revenue": 44264, 
        "long_term_average": 29040, 
        "date": "2013-02-28", 
        "operating_revenue": 20828, 
        "short_term_average": 24986
    }, 
    {
        "accumulated_operating_revenue_yoy": -6.663991875321289, 
        "accumulated_operating_revenue": 74442, 
        "long_term_average": 28922, 
        "date": "2013-03-31", 
        "operating_revenue": 30178, 
        "short_term_average": 24814
    }, 
    {
        "accumulated_operating_revenue_yoy": 45.373695912433725, 
        "accumulated_operating_revenue": 161500, 
        "long_term_average": 33566, 
        "date": "2013-04-30", 
        "operating_revenue": 87058, 
        "short_term_average": 46021
    }, 
    {
        "accumulated_operating_revenue_yoy": 67.46081330612131, 
        "accumulated_operating_revenue": 241234, 
        "long_term_average": 37464, 
        "date": "2013-05-31", 
        "operating_revenue": 79734, 
        "short_term_average": 65656
    }, 
    {
        "accumulated_operating_revenue_yoy": 67.77069021916911, 
        "accumulated_operating_revenue": 287210, 
        "long_term_average": 39033, 
        "date": "2013-06-30", 
        "operating_revenue": 45976, 
        "short_term_average": 70922
    }, 
    {
        "accumulated_operating_revenue_yoy": 75.56877665143121, 
        "accumulated_operating_revenue": 343790, 
        "long_term_average": 41697, 
        "date": "2013-07-31", 
        "operating_revenue": 56580, 
        "short_term_average": 60763
    }, 
    {
        "accumulated_operating_revenue_yoy": 77.41611998321295, 
        "accumulated_operating_revenue": 401608, 
        "long_term_average": 43969, 
        "date": "2013-08-31", 
        "operating_revenue": 57818, 
        "short_term_average": 53458
    }, 
    {
        "accumulated_operating_revenue_yoy": 79.22721126606892, 
        "accumulated_operating_revenue": 459949, 
        "long_term_average": 46309, 
        "date": "2013-09-30", 
        "operating_revenue": 58341, 
        "short_term_average": 57579
    }, 
    {
        "accumulated_operating_revenue_yoy": 78.88723021331808, 
        "accumulated_operating_revenue": 512884, 
        "long_term_average": 48213, 
        "date": "2013-10-31", 
        "operating_revenue": 52935, 
        "short_term_average": 56364
    }, 
    {
        "accumulated_operating_revenue_yoy": 80.84291545044499, 
        "accumulated_operating_revenue": 581759, 
        "long_term_average": 51037, 
        "date": "2013-11-30", 
        "operating_revenue": 68875, 
        "short_term_average": 60050
    }, 
    {
        "accumulated_operating_revenue_yoy": 86.30575869280823, 
        "accumulated_operating_revenue": 656521, 
        "long_term_average": 54710, 
        "date": "2013-12-31", 
        "operating_revenue": 74762, 
        "short_term_average": 65524
    }, 
    {
        "accumulated_operating_revenue_yoy": 175.70831199863457, 
        "accumulated_operating_revenue": 64615, 
        "long_term_average": 58141, 
        "date": "2014-01-31", 
        "operating_revenue": 64615, 
        "short_term_average": 69417
    }, 
    {
        "accumulated_operating_revenue_yoy": 148.73034520151816, 
        "accumulated_operating_revenue": 110098, 
        "long_term_average": 60196, 
        "date": "2014-02-28", 
        "operating_revenue": 45483, 
        "short_term_average": 61620
    }, 
    {
        "accumulated_operating_revenue_yoy": 157.67308777303134, 
        "accumulated_operating_revenue": 191817, 
        "long_term_average": 64491, 
        "date": "2014-03-31", 
        "operating_revenue": 81719, 
        "short_term_average": 63939
    }, 
    {
        "accumulated_operating_revenue_yoy": 63.8266253869969, 
        "accumulated_operating_revenue": 264580, 
        "long_term_average": 63300, 
        "date": "2014-04-30", 
        "operating_revenue": 72763, 
        "short_term_average": 66655
    }, 
    {
        "accumulated_operating_revenue_yoy": 39.44717577124286, 
        "accumulated_operating_revenue": 336394, 
        "long_term_average": 62640, 
        "date": "2014-05-31", 
        "operating_revenue": 71814, 
        "short_term_average": 75432
    }, 
    {
        "accumulated_operating_revenue_yoy": 43.2397897009157, 
        "accumulated_operating_revenue": 411399, 
        "long_term_average": 65059, 
        "date": "2014-06-30", 
        "operating_revenue": 75005, 
        "short_term_average": 73194
    }, 
    {
        "accumulated_operating_revenue_yoy": 40.63701678350156, 
        "accumulated_operating_revenue": 483496, 
        "long_term_average": 66352, 
        "date": "2014-07-31", 
        "operating_revenue": 72097, 
        "short_term_average": 72972
    }, 
    {
        "accumulated_operating_revenue_yoy": 37.712645166430946, 
        "accumulated_operating_revenue": 553065, 
        "long_term_average": 67331, 
        "date": "2014-08-31", 
        "operating_revenue": 69569, 
        "short_term_average": 72223
    }, 
    {
        "accumulated_operating_revenue_yoy": 38.13640207936097, 
        "accumulated_operating_revenue": 635357, 
        "long_term_average": 69327, 
        "date": "2014-09-30", 
        "operating_revenue": 82292, 
        "short_term_average": 74652
    }, 
    {
        "accumulated_operating_revenue_yoy": 35.867564595503076, 
        "accumulated_operating_revenue": 696843, 
        "long_term_average": 70040, 
        "date": "2014-10-31", 
        "operating_revenue": 61486, 
        "short_term_average": 71115
    }, 
    {
        "accumulated_operating_revenue_yoy": 31.21567521946373, 
        "accumulated_operating_revenue": 763359, 
        "long_term_average": 69843, 
        "date": "2014-11-30", 
        "operating_revenue": 66516, 
        "short_term_average": 70098
    }, 
    {
        "accumulated_operating_revenue_yoy": 27.204613409167415, 
        "accumulated_operating_revenue": 835125, 
        "long_term_average": 69593, 
        "date": "2014-12-31", 
        "operating_revenue": 71766, 
        "short_term_average": 66589
    }, 
    {
        "accumulated_operating_revenue_yoy": 16.358430704944674, 
        "accumulated_operating_revenue": 75185, 
        "long_term_average": 70474, 
        "date": "2015-01-31", 
        "operating_revenue": 75185, 
        "short_term_average": 71155
    }, 
    {
        "accumulated_operating_revenue_yoy": 8.27807952914676, 
        "accumulated_operating_revenue": 119212, 
        "long_term_average": 70353, 
        "date": "2015-02-28", 
        "operating_revenue": 44027, 
        "short_term_average": 63659
    }, 
    {
        "accumulated_operating_revenue_yoy": -6.299754453463457, 
        "accumulated_operating_revenue": 179733, 
        "long_term_average": 68586, 
        "date": "2015-03-31", 
        "operating_revenue": 60521, 
        "short_term_average": 59911
    }, 
    {
        "accumulated_operating_revenue_yoy": -10.135308791291859, 
        "accumulated_operating_revenue": 237764, 
        "long_term_average": 67359, 
        "date": "2015-04-30", 
        "operating_revenue": 58031, 
        "short_term_average": 54193
    }, 
    {
        "accumulated_operating_revenue_yoy": -12.181251746463968, 
        "accumulated_operating_revenue": 295417, 
        "long_term_average": 66179, 
        "date": "2015-05-31", 
        "operating_revenue": 57653, 
        "short_term_average": 58735
    }, 
    {
        "accumulated_operating_revenue_yoy": -13.799012637366644, 
        "accumulated_operating_revenue": 354630, 
        "long_term_average": 64863, 
        "date": "2015-06-30", 
        "operating_revenue": 59213, 
        "short_term_average": 58299
    }, 
    {
        "accumulated_operating_revenue_yoy": -11.98107119810712, 
        "accumulated_operating_revenue": 425568, 
        "long_term_average": 64766, 
        "date": "2015-07-31", 
        "operating_revenue": 70938, 
        "short_term_average": 62601
    }, 
    {
        "accumulated_operating_revenue_yoy": -12.66776961116686, 
        "accumulated_operating_revenue": 483004, 
        "long_term_average": 63755, 
        "date": "2015-08-31", 
        "operating_revenue": 57436, 
        "short_term_average": 62529
    }, 
    {
        "accumulated_operating_revenue_yoy": -12.327714969694203, 
        "accumulated_operating_revenue": 557032, 
        "long_term_average": 63066, 
        "date": "2015-09-30", 
        "operating_revenue": 74028, 
        "short_term_average": 67467
    }
]