[
    {
        "date": "2012-01-31", 
        "operating_revenue": 570090, 
        "accumulated_operating_revenue": 570090, 
        "long_term_average": 570090, 
        "short_term_average": 570090
    }, 
    {
        "date": "2012-02-29", 
        "operating_revenue": 640923, 
        "accumulated_operating_revenue": 1211013, 
        "long_term_average": 605506, 
        "short_term_average": 605506
    }, 
    {
        "date": "2012-03-31", 
        "operating_revenue": 742415, 
        "accumulated_operating_revenue": 1953428, 
        "long_term_average": 651142, 
        "short_term_average": 651142
    }, 
    {
        "date": "2012-04-30", 
        "operating_revenue": 839858, 
        "accumulated_operating_revenue": 2793286, 
        "long_term_average": 698321, 
        "short_term_average": 741065
    }, 
    {
        "date": "2012-05-31", 
        "operating_revenue": 892962, 
        "accumulated_operating_revenue": 3686248, 
        "long_term_average": 737249, 
        "short_term_average": 825078
    }, 
    {
        "date": "2012-06-30", 
        "operating_revenue": 824583, 
        "accumulated_operating_revenue": 4510831, 
        "long_term_average": 751805, 
        "short_term_average": 852467
    }, 
    {
        "date": "2012-07-31", 
        "operating_revenue": 761586, 
        "accumulated_operating_revenue": 5272417, 
        "long_term_average": 753202, 
        "short_term_average": 826377
    }, 
    {
        "date": "2012-08-31", 
        "operating_revenue": 708032, 
        "accumulated_operating_revenue": 5980449, 
        "long_term_average": 747556, 
        "short_term_average": 764733
    }, 
    {
        "date": "2012-09-30", 
        "operating_revenue": 809791, 
        "accumulated_operating_revenue": 6790240, 
        "long_term_average": 754471, 
        "short_term_average": 759803
    }, 
    {
        "date": "2012-10-31", 
        "operating_revenue": 776641, 
        "accumulated_operating_revenue": 7566881, 
        "long_term_average": 756688, 
        "short_term_average": 764821
    }, 
    {
        "date": "2012-11-30", 
        "operating_revenue": 602125, 
        "accumulated_operating_revenue": 8169006, 
        "long_term_average": 742636, 
        "short_term_average": 729519
    }, 
    {
        "date": "2012-12-31", 
        "operating_revenue": 522993, 
        "accumulated_operating_revenue": 8691999, 
        "long_term_average": 724333, 
        "short_term_average": 633919
    }, 
    {
        "accumulated_operating_revenue_yoy": 0.020873897103966043, 
        "accumulated_operating_revenue": 570209, 
        "long_term_average": 724343, 
        "date": "2013-01-31", 
        "operating_revenue": 570209, 
        "short_term_average": 565109
    }, 
    {
        "accumulated_operating_revenue_yoy": -5.959473597723559, 
        "accumulated_operating_revenue": 1138843, 
        "long_term_average": 718319, 
        "date": "2013-02-28", 
        "operating_revenue": 568634, 
        "short_term_average": 553945
    }, 
    {
        "accumulated_operating_revenue_yoy": -10.56383956818475, 
        "accumulated_operating_revenue": 1747071, 
        "long_term_average": 707136, 
        "date": "2013-03-31", 
        "operating_revenue": 608228, 
        "short_term_average": 582357
    }, 
    {
        "accumulated_operating_revenue_yoy": -13.63888266364418, 
        "accumulated_operating_revenue": 2412313, 
        "long_term_average": 692585, 
        "date": "2013-04-30", 
        "operating_revenue": 665242, 
        "short_term_average": 614034
    }, 
    {
        "accumulated_operating_revenue_yoy": -16.742281040233863, 
        "accumulated_operating_revenue": 3069086, 
        "long_term_average": 672903, 
        "date": "2013-05-31", 
        "operating_revenue": 656773, 
        "short_term_average": 643414
    }, 
    {
        "accumulated_operating_revenue_yoy": -18.302170930367375, 
        "accumulated_operating_revenue": 3685251, 
        "long_term_average": 655534, 
        "date": "2013-06-30", 
        "operating_revenue": 616165, 
        "short_term_average": 646060
    }, 
    {
        "accumulated_operating_revenue_yoy": -19.407057522195228, 
        "accumulated_operating_revenue": 4249196, 
        "long_term_average": 639064, 
        "date": "2013-07-31", 
        "operating_revenue": 563945, 
        "short_term_average": 612294
    }, 
    {
        "accumulated_operating_revenue_yoy": -17.268987662966442, 
        "accumulated_operating_revenue": 4947686, 
        "long_term_average": 638269, 
        "date": "2013-08-31", 
        "operating_revenue": 698490, 
        "short_term_average": 626200
    }, 
    {
        "accumulated_operating_revenue_yoy": -15.79998645114164, 
        "accumulated_operating_revenue": 5717383, 
        "long_term_average": 634928, 
        "date": "2013-09-30", 
        "operating_revenue": 769697, 
        "short_term_average": 677377
    }, 
    {
        "accumulated_operating_revenue_yoy": -16.352272488492947, 
        "accumulated_operating_revenue": 6329524, 
        "long_term_average": 621220, 
        "date": "2013-10-31", 
        "operating_revenue": 612141, 
        "short_term_average": 693442
    }, 
    {
        "accumulated_operating_revenue_yoy": -15.652638766576988, 
        "accumulated_operating_revenue": 6890341, 
        "long_term_average": 617777, 
        "date": "2013-11-30", 
        "operating_revenue": 560817, 
        "short_term_average": 647551
    }, 
    {
        "accumulated_operating_revenue_yoy": -13.810378947351468, 
        "accumulated_operating_revenue": 7491601, 
        "long_term_average": 624300, 
        "date": "2013-12-31", 
        "operating_revenue": 601260, 
        "short_term_average": 591406
    }, 
    {
        "accumulated_operating_revenue_yoy": 16.403108333961757, 
        "accumulated_operating_revenue": 663741, 
        "long_term_average": 632094, 
        "date": "2014-01-31", 
        "operating_revenue": 663741, 
        "short_term_average": 608606
    }, 
    {
        "accumulated_operating_revenue_yoy": 1.9049157785577118, 
        "accumulated_operating_revenue": 1160537, 
        "long_term_average": 626107, 
        "date": "2014-02-28", 
        "operating_revenue": 496796, 
        "short_term_average": 587265
    }, 
    {
        "accumulated_operating_revenue_yoy": -2.8025191878292293, 
        "accumulated_operating_revenue": 1698109, 
        "long_term_average": 620219, 
        "date": "2014-03-31", 
        "operating_revenue": 537572, 
        "short_term_average": 566036
    }, 
    {
        "accumulated_operating_revenue_yoy": 1.0581545595451336, 
        "accumulated_operating_revenue": 2437839, 
        "long_term_average": 626427, 
        "date": "2014-04-30", 
        "operating_revenue": 739730, 
        "short_term_average": 591366
    }, 
    {
        "accumulated_operating_revenue_yoy": 0.6523114699294839, 
        "accumulated_operating_revenue": 3089106, 
        "long_term_average": 625968, 
        "date": "2014-05-31", 
        "operating_revenue": 651267, 
        "short_term_average": 642856
    }, 
    {
        "accumulated_operating_revenue_yoy": 0.43801629794008606, 
        "accumulated_operating_revenue": 3701393, 
        "long_term_average": 625645, 
        "date": "2014-06-30", 
        "operating_revenue": 612287, 
        "short_term_average": 667761
    }, 
    {
        "accumulated_operating_revenue_yoy": 1.9247641200829522, 
        "accumulated_operating_revenue": 4330983, 
        "long_term_average": 631115, 
        "date": "2014-07-31", 
        "operating_revenue": 629590, 
        "short_term_average": 631048
    }, 
    {
        "accumulated_operating_revenue_yoy": 0.21527235155990093, 
        "accumulated_operating_revenue": 4958337, 
        "long_term_average": 625187, 
        "date": "2014-08-31", 
        "operating_revenue": 627354, 
        "short_term_average": 623077
    }, 
    {
        "accumulated_operating_revenue_yoy": -2.3735684665519172, 
        "accumulated_operating_revenue": 5581677, 
        "long_term_average": 612991, 
        "date": "2014-09-30", 
        "operating_revenue": 623340, 
        "short_term_average": 626761
    }, 
    {
        "accumulated_operating_revenue_yoy": -3.519917137528825, 
        "accumulated_operating_revenue": 6106730, 
        "long_term_average": 605733, 
        "date": "2014-10-31", 
        "operating_revenue": 525053, 
        "short_term_average": 591915
    }, 
    {
        "accumulated_operating_revenue_yoy": -4.027580057358555, 
        "accumulated_operating_revenue": 6612827, 
        "long_term_average": 601173, 
        "date": "2014-11-30", 
        "operating_revenue": 506097, 
        "short_term_average": 551496
    }, 
    {
        "accumulated_operating_revenue_yoy": -5.261865921583383, 
        "accumulated_operating_revenue": 7097403, 
        "long_term_average": 591450, 
        "date": "2014-12-31", 
        "operating_revenue": 484576, 
        "short_term_average": 505242
    }, 
    {
        "accumulated_operating_revenue_yoy": -40.94307870087881, 
        "accumulated_operating_revenue": 391985, 
        "long_term_average": 568803, 
        "date": "2015-01-31", 
        "operating_revenue": 391985, 
        "short_term_average": 460886
    }, 
    {
        "accumulated_operating_revenue_yoy": -29.082571257960755, 
        "accumulated_operating_revenue": 823023, 
        "long_term_average": 563324, 
        "date": "2015-02-28", 
        "operating_revenue": 431038, 
        "short_term_average": 435866
    }, 
    {
        "accumulated_operating_revenue_yoy": -25.99968553255415, 
        "accumulated_operating_revenue": 1256606, 
        "long_term_average": 554658, 
        "date": "2015-03-31", 
        "operating_revenue": 433583, 
        "short_term_average": 418868
    }, 
    {
        "accumulated_operating_revenue_yoy": -27.473266282145786, 
        "accumulated_operating_revenue": 1768085, 
        "long_term_average": 535637, 
        "date": "2015-04-30", 
        "operating_revenue": 511479, 
        "short_term_average": 458700
    }, 
    {
        "accumulated_operating_revenue_yoy": -26.039346011435022, 
        "accumulated_operating_revenue": 2284723, 
        "long_term_average": 524418, 
        "date": "2015-05-31", 
        "operating_revenue": 516638, 
        "short_term_average": 487233
    }, 
    {
        "accumulated_operating_revenue_yoy": -24.247087515430003, 
        "accumulated_operating_revenue": 2803913, 
        "long_term_average": 516660, 
        "date": "2015-06-30", 
        "operating_revenue": 519190, 
        "short_term_average": 515769
    }, 
    {
        "accumulated_operating_revenue_yoy": -24.639233171776475, 
        "accumulated_operating_revenue": 3263862, 
        "long_term_average": 502523, 
        "date": "2015-07-31", 
        "operating_revenue": 459949, 
        "short_term_average": 498592
    }, 
    {
        "accumulated_operating_revenue_yoy": -24.775000166386434, 
        "accumulated_operating_revenue": 3729909, 
        "long_term_average": 489081, 
        "date": "2015-08-31", 
        "operating_revenue": 466047, 
        "short_term_average": 481728
    }
]