[
    {
        "date": "2012-01-31", 
        "operating_revenue": 8376, 
        "accumulated_operating_revenue": 8376, 
        "long_term_average": 8376, 
        "short_term_average": 8376
    }, 
    {
        "date": "2012-02-29", 
        "operating_revenue": 8810, 
        "accumulated_operating_revenue": 17186, 
        "long_term_average": 8593, 
        "short_term_average": 8593
    }, 
    {
        "date": "2012-03-31", 
        "operating_revenue": 9018, 
        "accumulated_operating_revenue": 26204, 
        "long_term_average": 8734, 
        "short_term_average": 8734
    }, 
    {
        "date": "2012-04-30", 
        "operating_revenue": 9389, 
        "accumulated_operating_revenue": 35593, 
        "long_term_average": 8898, 
        "short_term_average": 9072
    }, 
    {
        "date": "2012-05-31", 
        "operating_revenue": 9158, 
        "accumulated_operating_revenue": 44751, 
        "long_term_average": 8950, 
        "short_term_average": 9188
    }, 
    {
        "date": "2012-06-30", 
        "operating_revenue": 8524, 
        "accumulated_operating_revenue": 53275, 
        "long_term_average": 8879, 
        "short_term_average": 9023
    }, 
    {
        "date": "2012-07-31", 
        "operating_revenue": 32330, 
        "accumulated_operating_revenue": 85605, 
        "long_term_average": 12229, 
        "short_term_average": 16670
    }, 
    {
        "date": "2012-08-31", 
        "operating_revenue": 13512, 
        "accumulated_operating_revenue": 99117, 
        "long_term_average": 12389, 
        "short_term_average": 18122
    }, 
    {
        "date": "2012-09-30", 
        "operating_revenue": 28989, 
        "accumulated_operating_revenue": 128106, 
        "long_term_average": 14234, 
        "short_term_average": 24943
    }, 
    {
        "date": "2012-10-31", 
        "operating_revenue": 3564, 
        "accumulated_operating_revenue": 131670, 
        "long_term_average": 13167, 
        "short_term_average": 15355
    }, 
    {
        "date": "2012-11-30", 
        "operating_revenue": 4278, 
        "accumulated_operating_revenue": 135948, 
        "long_term_average": 12358, 
        "short_term_average": 12277
    }, 
    {
        "date": "2012-12-31", 
        "operating_revenue": 3992, 
        "accumulated_operating_revenue": 139940, 
        "long_term_average": 11661, 
        "short_term_average": 3944
    }, 
    {
        "accumulated_operating_revenue_yoy": 160.56590257879657, 
        "accumulated_operating_revenue": 21825, 
        "long_term_average": 12782, 
        "date": "2013-01-31", 
        "operating_revenue": 21825, 
        "short_term_average": 10031
    }, 
    {
        "accumulated_operating_revenue_yoy": 139.92202955894334, 
        "accumulated_operating_revenue": 41233, 
        "long_term_average": 13665, 
        "date": "2013-02-28", 
        "operating_revenue": 19408, 
        "short_term_average": 15075
    }, 
    {
        "accumulated_operating_revenue_yoy": 71.5921233399481, 
        "accumulated_operating_revenue": 44964, 
        "long_term_average": 13225, 
        "date": "2013-03-31", 
        "operating_revenue": 3731, 
        "short_term_average": 14988
    }, 
    {
        "accumulated_operating_revenue_yoy": 37.47366055123199, 
        "accumulated_operating_revenue": 48931, 
        "long_term_average": 12773, 
        "date": "2013-04-30", 
        "operating_revenue": 3967, 
        "short_term_average": 9035
    }, 
    {
        "accumulated_operating_revenue_yoy": 19.139237112019845, 
        "accumulated_operating_revenue": 53316, 
        "long_term_average": 12375, 
        "date": "2013-05-31", 
        "operating_revenue": 4385, 
        "short_term_average": 4027
    }, 
    {
        "accumulated_operating_revenue_yoy": 7.722196152041295, 
        "accumulated_operating_revenue": 57389, 
        "long_term_average": 12004, 
        "date": "2013-06-30", 
        "operating_revenue": 4073, 
        "short_term_average": 4141
    }, 
    {
        "accumulated_operating_revenue_yoy": -27.181823491618477, 
        "accumulated_operating_revenue": 62336, 
        "long_term_average": 9722, 
        "date": "2013-07-31", 
        "operating_revenue": 4947, 
        "short_term_average": 4468
    }, 
    {
        "accumulated_operating_revenue_yoy": -32.94893913254033, 
        "accumulated_operating_revenue": 66459, 
        "long_term_average": 8940, 
        "date": "2013-08-31", 
        "operating_revenue": 4123, 
        "short_term_average": 4381
    }, 
    {
        "accumulated_operating_revenue_yoy": -44.67316128830812, 
        "accumulated_operating_revenue": 70877, 
        "long_term_average": 6892, 
        "date": "2013-09-30", 
        "operating_revenue": 4418, 
        "short_term_average": 4496
    }, 
    {
        "accumulated_operating_revenue_yoy": -43.899901268322324, 
        "accumulated_operating_revenue": 73867, 
        "long_term_average": 6844, 
        "date": "2013-10-31", 
        "operating_revenue": 2990, 
        "short_term_average": 3843
    }, 
    {
        "accumulated_operating_revenue_yoy": -43.622561567658224, 
        "accumulated_operating_revenue": 76644, 
        "long_term_average": 6719, 
        "date": "2013-11-30", 
        "operating_revenue": 2777, 
        "short_term_average": 3395
    }, 
    {
        "accumulated_operating_revenue_yoy": -43.42432471059025, 
        "accumulated_operating_revenue": 79172, 
        "long_term_average": 6597, 
        "date": "2013-12-31", 
        "operating_revenue": 2528, 
        "short_term_average": 2765
    }, 
    {
        "accumulated_operating_revenue_yoy": -89.79152348224513, 
        "accumulated_operating_revenue": 2228, 
        "long_term_average": 4964, 
        "date": "2014-01-31", 
        "operating_revenue": 2228, 
        "short_term_average": 2511
    }, 
    {
        "accumulated_operating_revenue_yoy": -88.11631460238158, 
        "accumulated_operating_revenue": 4900, 
        "long_term_average": 3569, 
        "date": "2014-02-28", 
        "operating_revenue": 2672, 
        "short_term_average": 2476
    }, 
    {
        "accumulated_operating_revenue_yoy": -80.8202117249355, 
        "accumulated_operating_revenue": 8624, 
        "long_term_average": 3569, 
        "date": "2014-03-31", 
        "operating_revenue": 3724, 
        "short_term_average": 2874
    }, 
    {
        "accumulated_operating_revenue_yoy": -75.80266088982445, 
        "accumulated_operating_revenue": 11840, 
        "long_term_average": 3506, 
        "date": "2014-04-30", 
        "operating_revenue": 3216, 
        "short_term_average": 3204
    }, 
    {
        "accumulated_operating_revenue_yoy": -72.02715882661866, 
        "accumulated_operating_revenue": 14914, 
        "long_term_average": 3397, 
        "date": "2014-05-31", 
        "operating_revenue": 3074, 
        "short_term_average": 3338
    }, 
    {
        "accumulated_operating_revenue_yoy": -68.58805694471066, 
        "accumulated_operating_revenue": 18027, 
        "long_term_average": 3317, 
        "date": "2014-06-30", 
        "operating_revenue": 3113, 
        "short_term_average": 3134
    }, 
    {
        "accumulated_operating_revenue_yoy": -65.86883983572895, 
        "accumulated_operating_revenue": 21276, 
        "long_term_average": 3176, 
        "date": "2014-07-31", 
        "operating_revenue": 3249, 
        "short_term_average": 3145
    }, 
    {
        "accumulated_operating_revenue_yoy": -63.5549737432101, 
        "accumulated_operating_revenue": 24221, 
        "long_term_average": 3077, 
        "date": "2014-08-31", 
        "operating_revenue": 2945, 
        "short_term_average": 3102
    }, 
    {
        "accumulated_operating_revenue_yoy": -61.95098551010906, 
        "accumulated_operating_revenue": 26968, 
        "long_term_average": 2938, 
        "date": "2014-09-30", 
        "operating_revenue": 2747, 
        "short_term_average": 2980
    }, 
    {
        "accumulated_operating_revenue_yoy": -59.43113975117441, 
        "accumulated_operating_revenue": 29967, 
        "long_term_average": 2939, 
        "date": "2014-10-31", 
        "operating_revenue": 2999, 
        "short_term_average": 2897
    }, 
    {
        "accumulated_operating_revenue_yoy": -57.921037524137574, 
        "accumulated_operating_revenue": 32251, 
        "long_term_average": 2898, 
        "date": "2014-11-30", 
        "operating_revenue": 2284, 
        "short_term_average": 2676
    }, 
    {
        "accumulated_operating_revenue_yoy": -56.853433031879966, 
        "accumulated_operating_revenue": 34160, 
        "long_term_average": 2846, 
        "date": "2014-12-31", 
        "operating_revenue": 1909, 
        "short_term_average": 2397
    }, 
    {
        "accumulated_operating_revenue_yoy": -16.741472172351884, 
        "accumulated_operating_revenue": 1855, 
        "long_term_average": 2815, 
        "date": "2015-01-31", 
        "operating_revenue": 1855, 
        "short_term_average": 2016
    }, 
    {
        "accumulated_operating_revenue_yoy": -27.95918367346939, 
        "accumulated_operating_revenue": 3530, 
        "long_term_average": 2732, 
        "date": "2015-02-28", 
        "operating_revenue": 1675, 
        "short_term_average": 1813
    }, 
    {
        "accumulated_operating_revenue_yoy": -25.30148423005566, 
        "accumulated_operating_revenue": 6442, 
        "long_term_average": 2664, 
        "date": "2015-03-31", 
        "operating_revenue": 2912, 
        "short_term_average": 2147
    }, 
    {
        "accumulated_operating_revenue_yoy": -26.74831081081081, 
        "accumulated_operating_revenue": 8673, 
        "long_term_average": 2582, 
        "date": "2015-04-30", 
        "operating_revenue": 2231, 
        "short_term_average": 2272
    }, 
    {
        "accumulated_operating_revenue_yoy": -28.99289258414912, 
        "accumulated_operating_revenue": 10590, 
        "long_term_average": 2486, 
        "date": "2015-05-31", 
        "operating_revenue": 1917, 
        "short_term_average": 2353
    }, 
    {
        "accumulated_operating_revenue_yoy": -35.59105785765796, 
        "accumulated_operating_revenue": 11611, 
        "long_term_average": 2312, 
        "date": "2015-06-30", 
        "operating_revenue": 1021, 
        "short_term_average": 1723
    }, 
    {
        "accumulated_operating_revenue_yoy": -42.93100206805791, 
        "accumulated_operating_revenue": 12142, 
        "long_term_average": 2085, 
        "date": "2015-07-31", 
        "operating_revenue": 531, 
        "short_term_average": 1156
    }, 
    {
        "accumulated_operating_revenue_yoy": -47.70653565088146, 
        "accumulated_operating_revenue": 12666, 
        "long_term_average": 1883, 
        "date": "2015-08-31", 
        "operating_revenue": 524, 
        "short_term_average": 692
    }, 
    {
        "accumulated_operating_revenue_yoy": -51.09759715218036, 
        "accumulated_operating_revenue": 13188, 
        "long_term_average": 1698, 
        "date": "2015-09-30", 
        "operating_revenue": 522, 
        "short_term_average": 525
    }
]