[
    {
        "date": "2011-09-30", 
        "operating_revenue": 164308, 
        "accumulated_operating_revenue": 164308, 
        "long_term_average": 164308, 
        "short_term_average": 164308
    }, 
    {
        "date": "2011-10-31", 
        "operating_revenue": 159973, 
        "accumulated_operating_revenue": 324281, 
        "long_term_average": 162140, 
        "short_term_average": 162140
    }, 
    {
        "date": "2011-11-30", 
        "operating_revenue": 162233, 
        "accumulated_operating_revenue": 486514, 
        "long_term_average": 162171, 
        "short_term_average": 162171
    }, 
    {
        "date": "2011-12-31", 
        "operating_revenue": 125398, 
        "accumulated_operating_revenue": 611912, 
        "long_term_average": 152978, 
        "short_term_average": 149201
    }, 
    {
        "date": "2012-01-31", 
        "operating_revenue": 109706, 
        "accumulated_operating_revenue": 109706, 
        "long_term_average": 144323, 
        "short_term_average": 132445
    }, 
    {
        "date": "2012-02-29", 
        "operating_revenue": 133498, 
        "accumulated_operating_revenue": 243204, 
        "long_term_average": 142519, 
        "short_term_average": 122867
    }, 
    {
        "date": "2012-03-31", 
        "operating_revenue": 159321, 
        "accumulated_operating_revenue": 402525, 
        "long_term_average": 144919, 
        "short_term_average": 134175
    }, 
    {
        "date": "2012-04-30", 
        "operating_revenue": 153460, 
        "accumulated_operating_revenue": 555985, 
        "long_term_average": 145987, 
        "short_term_average": 148759
    }, 
    {
        "date": "2012-05-31", 
        "operating_revenue": 147445, 
        "accumulated_operating_revenue": 703430, 
        "long_term_average": 146149, 
        "short_term_average": 153408
    }, 
    {
        "date": "2012-06-30", 
        "operating_revenue": 125689, 
        "accumulated_operating_revenue": 829119, 
        "long_term_average": 144103, 
        "short_term_average": 142198
    }, 
    {
        "date": "2012-07-31", 
        "operating_revenue": 135431, 
        "accumulated_operating_revenue": 964550, 
        "long_term_average": 143314, 
        "short_term_average": 136188
    }, 
    {
        "date": "2012-08-31", 
        "operating_revenue": 152886, 
        "accumulated_operating_revenue": 1117436, 
        "long_term_average": 144112, 
        "short_term_average": 138002
    }, 
    {
        "accumulated_operating_revenue_yoy": 659.5680064269542, 
        "accumulated_operating_revenue": 1248031, 
        "long_term_average": 141302, 
        "date": "2012-09-30", 
        "operating_revenue": 130595, 
        "short_term_average": 139637
    }, 
    {
        "accumulated_operating_revenue_yoy": 320.89114070821296, 
        "accumulated_operating_revenue": 1364870, 
        "long_term_average": 137708, 
        "date": "2012-10-31", 
        "operating_revenue": 116839, 
        "short_term_average": 133440
    }, 
    {
        "accumulated_operating_revenue_yoy": 207.17615525966363, 
        "accumulated_operating_revenue": 1494455, 
        "long_term_average": 134987, 
        "date": "2012-11-30", 
        "operating_revenue": 129585, 
        "short_term_average": 125673
    }, 
    {
        "accumulated_operating_revenue_yoy": 161.03557374262968, 
        "accumulated_operating_revenue": 1597308, 
        "long_term_average": 133109, 
        "date": "2012-12-31", 
        "operating_revenue": 102853, 
        "short_term_average": 116425
    }, 
    {
        "accumulated_operating_revenue_yoy": 9.848139573040672, 
        "accumulated_operating_revenue": 120510, 
        "long_term_average": 134009, 
        "date": "2013-01-31", 
        "operating_revenue": 120510, 
        "short_term_average": 117649
    }, 
    {
        "accumulated_operating_revenue_yoy": -19.098781270044903, 
        "accumulated_operating_revenue": 196755, 
        "long_term_average": 129238, 
        "date": "2013-02-28", 
        "operating_revenue": 76245, 
        "short_term_average": 99869
    }, 
    {
        "accumulated_operating_revenue_yoy": -22.80032296130675, 
        "accumulated_operating_revenue": 310748, 
        "long_term_average": 125460, 
        "date": "2013-03-31", 
        "operating_revenue": 113993, 
        "short_term_average": 103582
    }, 
    {
        "accumulated_operating_revenue_yoy": -22.07775389623821, 
        "accumulated_operating_revenue": 433236, 
        "long_term_average": 122879, 
        "date": "2013-04-30", 
        "operating_revenue": 122488, 
        "short_term_average": 104242
    }, 
    {
        "accumulated_operating_revenue_yoy": -22.82458808978861, 
        "accumulated_operating_revenue": 542875, 
        "long_term_average": 119729, 
        "date": "2013-05-31", 
        "operating_revenue": 109639, 
        "short_term_average": 115373
    }, 
    {
        "accumulated_operating_revenue_yoy": -21.707619774724737, 
        "accumulated_operating_revenue": 649137, 
        "long_term_average": 118110, 
        "date": "2013-06-30", 
        "operating_revenue": 106262, 
        "short_term_average": 112796
    }, 
    {
        "accumulated_operating_revenue_yoy": -20.240941371624075, 
        "accumulated_operating_revenue": 769316, 
        "long_term_average": 116839, 
        "date": "2013-07-31", 
        "operating_revenue": 120179, 
        "short_term_average": 112026
    }, 
    {
        "accumulated_operating_revenue_yoy": -19.21327037969065, 
        "accumulated_operating_revenue": 902740, 
        "long_term_average": 115217, 
        "date": "2013-08-31", 
        "operating_revenue": 133424, 
        "short_term_average": 119955
    }, 
    {
        "accumulated_operating_revenue_yoy": -18.249787064584133, 
        "accumulated_operating_revenue": 1020268, 
        "long_term_average": 114128, 
        "date": "2013-09-30", 
        "operating_revenue": 117528, 
        "short_term_average": 123710
    }, 
    {
        "accumulated_operating_revenue_yoy": -15.389157941782, 
        "accumulated_operating_revenue": 1154828, 
        "long_term_average": 115605, 
        "date": "2013-10-31", 
        "operating_revenue": 134560, 
        "short_term_average": 128504
    }, 
    {
        "accumulated_operating_revenue_yoy": -13.540186890873262, 
        "accumulated_operating_revenue": 1292103, 
        "long_term_average": 116246, 
        "date": "2013-11-30", 
        "operating_revenue": 137275, 
        "short_term_average": 129787
    }, 
    {
        "accumulated_operating_revenue_yoy": -8.177633868984566, 
        "accumulated_operating_revenue": 1466686, 
        "long_term_average": 122223, 
        "date": "2013-12-31", 
        "operating_revenue": 174583, 
        "short_term_average": 148806
    }, 
    {
        "accumulated_operating_revenue_yoy": 28.672309351921005, 
        "accumulated_operating_revenue": 155063, 
        "long_term_average": 125103, 
        "date": "2014-01-31", 
        "operating_revenue": 155063, 
        "short_term_average": 155640
    }, 
    {
        "accumulated_operating_revenue_yoy": 43.640568219359096, 
        "accumulated_operating_revenue": 282620, 
        "long_term_average": 129379, 
        "date": "2014-02-28", 
        "operating_revenue": 127557, 
        "short_term_average": 152401
    }, 
    {
        "accumulated_operating_revenue_yoy": 54.45183878898657, 
        "accumulated_operating_revenue": 479956, 
        "long_term_average": 136324, 
        "date": "2014-03-31", 
        "operating_revenue": 197336, 
        "short_term_average": 159985
    }, 
    {
        "accumulated_operating_revenue_yoy": 49.43402671984784, 
        "accumulated_operating_revenue": 647402, 
        "long_term_average": 140071, 
        "date": "2014-04-30", 
        "operating_revenue": 167446, 
        "short_term_average": 164113
    }, 
    {
        "accumulated_operating_revenue_yoy": 49.58710568731291, 
        "accumulated_operating_revenue": 812071, 
        "long_term_average": 144656, 
        "date": "2014-05-31", 
        "operating_revenue": 164669, 
        "short_term_average": 176483
    }, 
    {
        "accumulated_operating_revenue_yoy": 47.664668629272406, 
        "accumulated_operating_revenue": 958546, 
        "long_term_average": 148007, 
        "date": "2014-06-30", 
        "operating_revenue": 146475, 
        "short_term_average": 159530
    }, 
    {
        "accumulated_operating_revenue_yoy": 47.254834164374586, 
        "accumulated_operating_revenue": 1132855, 
        "long_term_average": 152518, 
        "date": "2014-07-31", 
        "operating_revenue": 174309, 
        "short_term_average": 161817
    }, 
    {
        "accumulated_operating_revenue_yoy": 45.3678800097481, 
        "accumulated_operating_revenue": 1312294, 
        "long_term_average": 156353, 
        "date": "2014-08-31", 
        "operating_revenue": 179439, 
        "short_term_average": 166741
    }, 
    {
        "accumulated_operating_revenue_yoy": 46.29685533604896, 
        "accumulated_operating_revenue": 1492620, 
        "long_term_average": 161586, 
        "date": "2014-09-30", 
        "operating_revenue": 180326, 
        "short_term_average": 178024
    }, 
    {
        "accumulated_operating_revenue_yoy": 46.17977742139955, 
        "accumulated_operating_revenue": 1688125, 
        "long_term_average": 166665, 
        "date": "2014-10-31", 
        "operating_revenue": 195505, 
        "short_term_average": 185090
    }, 
    {
        "accumulated_operating_revenue_yoy": 45.169386651064194, 
        "accumulated_operating_revenue": 1875738, 
        "long_term_average": 170860, 
        "date": "2014-11-30", 
        "operating_revenue": 187613, 
        "short_term_average": 187814
    }, 
    {
        "accumulated_operating_revenue_yoy": 41.01866384488568, 
        "accumulated_operating_revenue": 2068301, 
        "long_term_average": 172358, 
        "date": "2014-12-31", 
        "operating_revenue": 192563, 
        "short_term_average": 191893
    }, 
    {
        "accumulated_operating_revenue_yoy": 29.812398831442703, 
        "accumulated_operating_revenue": 201291, 
        "long_term_average": 176210, 
        "date": "2015-01-31", 
        "operating_revenue": 201291, 
        "short_term_average": 193822
    }, 
    {
        "accumulated_operating_revenue_yoy": 22.222772627556438, 
        "accumulated_operating_revenue": 345426, 
        "long_term_average": 177592, 
        "date": "2015-02-28", 
        "operating_revenue": 144135, 
        "short_term_average": 179329
    }, 
    {
        "accumulated_operating_revenue_yoy": 12.122152864012534, 
        "accumulated_operating_revenue": 538137, 
        "long_term_average": 177206, 
        "date": "2015-03-31", 
        "operating_revenue": 192711, 
        "short_term_average": 179379
    }, 
    {
        "accumulated_operating_revenue_yoy": 16.16769796818669, 
        "accumulated_operating_revenue": 752072, 
        "long_term_average": 181080, 
        "date": "2015-04-30", 
        "operating_revenue": 213935, 
        "short_term_average": 183593
    }, 
    {
        "accumulated_operating_revenue_yoy": 16.211144099469134, 
        "accumulated_operating_revenue": 943717, 
        "long_term_average": 183328, 
        "date": "2015-05-31", 
        "operating_revenue": 191645, 
        "short_term_average": 199430
    }, 
    {
        "accumulated_operating_revenue_yoy": 18.483724307440642, 
        "accumulated_operating_revenue": 1135721, 
        "long_term_average": 187123, 
        "date": "2015-06-30", 
        "operating_revenue": 192004, 
        "short_term_average": 199194
    }, 
    {
        "accumulated_operating_revenue_yoy": 18.235078628774204, 
        "accumulated_operating_revenue": 1339432, 
        "long_term_average": 189573, 
        "date": "2015-07-31", 
        "operating_revenue": 203711, 
        "short_term_average": 195786
    }, 
    {
        "accumulated_operating_revenue_yoy": 16.89324191073037, 
        "accumulated_operating_revenue": 1533983, 
        "long_term_average": 190832, 
        "date": "2015-08-31", 
        "operating_revenue": 194551, 
        "short_term_average": 196755
    }, 
    {
        "accumulated_operating_revenue_yoy": 17.119628572577078, 
        "accumulated_operating_revenue": 1748151, 
        "long_term_average": 193652, 
        "date": "2015-09-30", 
        "operating_revenue": 214168, 
        "short_term_average": 204143
    }
]