[
    {
        "date": "2012-01-31", 
        "operating_revenue": 90032, 
        "accumulated_operating_revenue": 90032, 
        "long_term_average": 90032, 
        "short_term_average": 90032
    }, 
    {
        "date": "2012-02-29", 
        "operating_revenue": 96475, 
        "accumulated_operating_revenue": 186507, 
        "long_term_average": 93253, 
        "short_term_average": 93253
    }, 
    {
        "date": "2012-03-31", 
        "operating_revenue": 83187, 
        "accumulated_operating_revenue": 269694, 
        "long_term_average": 89898, 
        "short_term_average": 89898
    }, 
    {
        "date": "2012-04-30", 
        "operating_revenue": 82685, 
        "accumulated_operating_revenue": 352379, 
        "long_term_average": 88094, 
        "short_term_average": 87449
    }, 
    {
        "date": "2012-05-31", 
        "operating_revenue": 79861, 
        "accumulated_operating_revenue": 432240, 
        "long_term_average": 86448, 
        "short_term_average": 81911
    }, 
    {
        "date": "2012-06-30", 
        "operating_revenue": 76983, 
        "accumulated_operating_revenue": 509223, 
        "long_term_average": 84870, 
        "short_term_average": 79843
    }, 
    {
        "date": "2012-07-31", 
        "operating_revenue": 77533, 
        "accumulated_operating_revenue": 586756, 
        "long_term_average": 83822, 
        "short_term_average": 78125
    }, 
    {
        "date": "2012-08-31", 
        "operating_revenue": 102287, 
        "accumulated_operating_revenue": 689043, 
        "long_term_average": 86130, 
        "short_term_average": 85601
    }, 
    {
        "date": "2012-09-30", 
        "operating_revenue": 90989, 
        "accumulated_operating_revenue": 780032, 
        "long_term_average": 86670, 
        "short_term_average": 90269
    }, 
    {
        "date": "2012-10-31", 
        "operating_revenue": 96259, 
        "accumulated_operating_revenue": 876291, 
        "long_term_average": 87629, 
        "short_term_average": 96511
    }, 
    {
        "date": "2012-11-30", 
        "operating_revenue": 100037, 
        "accumulated_operating_revenue": 976328, 
        "long_term_average": 88757, 
        "short_term_average": 95761
    }, 
    {
        "date": "2012-12-31", 
        "operating_revenue": 88592, 
        "accumulated_operating_revenue": 1064920, 
        "long_term_average": 88743, 
        "short_term_average": 94962
    }, 
    {
        "accumulated_operating_revenue_yoy": -6.303314377110361, 
        "accumulated_operating_revenue": 84357, 
        "long_term_average": 88270, 
        "date": "2013-01-31", 
        "operating_revenue": 84357, 
        "short_term_average": 90995
    }, 
    {
        "accumulated_operating_revenue_yoy": -20.16385443977974, 
        "accumulated_operating_revenue": 148900, 
        "long_term_average": 85609, 
        "date": "2013-02-28", 
        "operating_revenue": 64543, 
        "short_term_average": 79164
    }, 
    {
        "accumulated_operating_revenue_yoy": -19.106098022202943, 
        "accumulated_operating_revenue": 218166, 
        "long_term_average": 84449, 
        "date": "2013-03-31", 
        "operating_revenue": 69266, 
        "short_term_average": 72722
    }, 
    {
        "accumulated_operating_revenue_yoy": -15.130016260900906, 
        "accumulated_operating_revenue": 299064, 
        "long_term_average": 84300, 
        "date": "2013-04-30", 
        "operating_revenue": 80898, 
        "short_term_average": 71569
    }, 
    {
        "accumulated_operating_revenue_yoy": -13.56584305015732, 
        "accumulated_operating_revenue": 373603, 
        "long_term_average": 83856, 
        "date": "2013-05-31", 
        "operating_revenue": 74539, 
        "short_term_average": 74901
    }, 
    {
        "accumulated_operating_revenue_yoy": -12.96053006246772, 
        "accumulated_operating_revenue": 443225, 
        "long_term_average": 83243, 
        "date": "2013-06-30", 
        "operating_revenue": 69622, 
        "short_term_average": 75019
    }, 
    {
        "accumulated_operating_revenue_yoy": -13.123513010518852, 
        "accumulated_operating_revenue": 509753, 
        "long_term_average": 82326, 
        "date": "2013-07-31", 
        "operating_revenue": 66528, 
        "short_term_average": 70229
    }, 
    {
        "accumulated_operating_revenue_yoy": -16.79764542996591, 
        "accumulated_operating_revenue": 573300, 
        "long_term_average": 79098, 
        "date": "2013-08-31", 
        "operating_revenue": 63547, 
        "short_term_average": 66565
    }, 
    {
        "accumulated_operating_revenue_yoy": -18.56244359205776, 
        "accumulated_operating_revenue": 635239, 
        "long_term_average": 76677, 
        "date": "2013-09-30", 
        "operating_revenue": 61939, 
        "short_term_average": 64004
    }, 
    {
        "accumulated_operating_revenue_yoy": -18.615277345082855, 
        "accumulated_operating_revenue": 713167, 
        "long_term_average": 75149, 
        "date": "2013-10-31", 
        "operating_revenue": 77928, 
        "short_term_average": 67804
    }, 
    {
        "accumulated_operating_revenue_yoy": -17.947452085774454, 
        "accumulated_operating_revenue": 801102, 
        "long_term_average": 74141, 
        "date": "2013-11-30", 
        "operating_revenue": 87935, 
        "short_term_average": 75934
    }, 
    {
        "accumulated_operating_revenue_yoy": -17.150396273898508, 
        "accumulated_operating_revenue": 882282, 
        "long_term_average": 73523, 
        "date": "2013-12-31", 
        "operating_revenue": 81180, 
        "short_term_average": 82347
    }, 
    {
        "accumulated_operating_revenue_yoy": 4.317365482414026, 
        "accumulated_operating_revenue": 87999, 
        "long_term_average": 73827, 
        "date": "2014-01-31", 
        "operating_revenue": 87999, 
        "short_term_average": 85704
    }, 
    {
        "accumulated_operating_revenue_yoy": 7.462055070517126, 
        "accumulated_operating_revenue": 160011, 
        "long_term_average": 74449, 
        "date": "2014-02-28", 
        "operating_revenue": 72012, 
        "short_term_average": 80397
    }, 
    {
        "accumulated_operating_revenue_yoy": 10.300871813206458, 
        "accumulated_operating_revenue": 240639, 
        "long_term_average": 75396, 
        "date": "2014-03-31", 
        "operating_revenue": 80628, 
        "short_term_average": 80213
    }, 
    {
        "accumulated_operating_revenue_yoy": 11.178209346494397, 
        "accumulated_operating_revenue": 332494, 
        "long_term_average": 76309, 
        "date": "2014-04-30", 
        "operating_revenue": 91855, 
        "short_term_average": 81498
    }, 
    {
        "accumulated_operating_revenue_yoy": 15.564382512988386, 
        "accumulated_operating_revenue": 431752, 
        "long_term_average": 78369, 
        "date": "2014-05-31", 
        "operating_revenue": 99258, 
        "short_term_average": 90580
    }, 
    {
        "accumulated_operating_revenue_yoy": 17.536465677703198, 
        "accumulated_operating_revenue": 520951, 
        "long_term_average": 80000, 
        "date": "2014-06-30", 
        "operating_revenue": 89199, 
        "short_term_average": 93437
    }, 
    {
        "accumulated_operating_revenue_yoy": 21.064907906378185, 
        "accumulated_operating_revenue": 617132, 
        "long_term_average": 82471, 
        "date": "2014-07-31", 
        "operating_revenue": 96181, 
        "short_term_average": 94879
    }, 
    {
        "accumulated_operating_revenue_yoy": 25.280481423338568, 
        "accumulated_operating_revenue": 718233, 
        "long_term_average": 85601, 
        "date": "2014-08-31", 
        "operating_revenue": 101101, 
        "short_term_average": 95493
    }, 
    {
        "accumulated_operating_revenue_yoy": 27.054699097505036, 
        "accumulated_operating_revenue": 807101, 
        "long_term_average": 87845, 
        "date": "2014-09-30", 
        "operating_revenue": 88868, 
        "short_term_average": 95383
    }, 
    {
        "accumulated_operating_revenue_yoy": 25.557828671264936, 
        "accumulated_operating_revenue": 895437, 
        "long_term_average": 88712, 
        "date": "2014-10-31", 
        "operating_revenue": 88336, 
        "short_term_average": 92768
    }, 
    {
        "accumulated_operating_revenue_yoy": 20.94714530733914, 
        "accumulated_operating_revenue": 968910, 
        "long_term_average": 87507, 
        "date": "2014-11-30", 
        "operating_revenue": 73473, 
        "short_term_average": 83559
    }, 
    {
        "accumulated_operating_revenue_yoy": 19.045724609591943, 
        "accumulated_operating_revenue": 1050319, 
        "long_term_average": 87526, 
        "date": "2014-12-31", 
        "operating_revenue": 81409, 
        "short_term_average": 81072
    }, 
    {
        "accumulated_operating_revenue_yoy": -3.6409504653461973, 
        "accumulated_operating_revenue": 84795, 
        "long_term_average": 87259, 
        "date": "2015-01-31", 
        "operating_revenue": 84795, 
        "short_term_average": 79892
    }, 
    {
        "accumulated_operating_revenue_yoy": 4.302829180493841, 
        "accumulated_operating_revenue": 166896, 
        "long_term_average": 88100, 
        "date": "2015-02-28", 
        "operating_revenue": 82101, 
        "short_term_average": 82768
    }, 
    {
        "accumulated_operating_revenue_yoy": 4.687519479386134, 
        "accumulated_operating_revenue": 251919, 
        "long_term_average": 88466, 
        "date": "2015-03-31", 
        "operating_revenue": 85023, 
        "short_term_average": 83973
    }, 
    {
        "accumulated_operating_revenue_yoy": 0.1933869483359098, 
        "accumulated_operating_revenue": 333137, 
        "long_term_average": 87580, 
        "date": "2015-04-30", 
        "operating_revenue": 81218, 
        "short_term_average": 82780
    }, 
    {
        "accumulated_operating_revenue_yoy": -1.9747447608812467, 
        "accumulated_operating_revenue": 423226, 
        "long_term_average": 86816, 
        "date": "2015-05-31", 
        "operating_revenue": 90089, 
        "short_term_average": 85443
    }, 
    {
        "accumulated_operating_revenue_yoy": -1.7243464356532572, 
        "accumulated_operating_revenue": 511968, 
        "long_term_average": 86778, 
        "date": "2015-06-30", 
        "operating_revenue": 88742, 
        "short_term_average": 86683
    }, 
    {
        "accumulated_operating_revenue_yoy": -3.2383671564592342, 
        "accumulated_operating_revenue": 597147, 
        "long_term_average": 85861, 
        "date": "2015-07-31", 
        "operating_revenue": 85179, 
        "short_term_average": 88003
    }, 
    {
        "accumulated_operating_revenue_yoy": -6.792920960189799, 
        "accumulated_operating_revenue": 669444, 
        "long_term_average": 83460, 
        "date": "2015-08-31", 
        "operating_revenue": 72297, 
        "short_term_average": 82072
    }, 
    {
        "accumulated_operating_revenue_yoy": -8.541310195378275, 
        "accumulated_operating_revenue": 738164, 
        "long_term_average": 81781, 
        "date": "2015-09-30", 
        "operating_revenue": 68720, 
        "short_term_average": 75398
    }
]