[
    {
        "date": "2012-01-31", 
        "operating_revenue": 123161, 
        "accumulated_operating_revenue": 123161, 
        "long_term_average": 123161, 
        "short_term_average": 123161
    }, 
    {
        "date": "2012-02-29", 
        "operating_revenue": 132861, 
        "accumulated_operating_revenue": 256022, 
        "long_term_average": 128011, 
        "short_term_average": 128011
    }, 
    {
        "date": "2012-03-31", 
        "operating_revenue": 163954, 
        "accumulated_operating_revenue": 419976, 
        "long_term_average": 139992, 
        "short_term_average": 139992
    }, 
    {
        "date": "2012-04-30", 
        "operating_revenue": 157273, 
        "accumulated_operating_revenue": 577249, 
        "long_term_average": 144312, 
        "short_term_average": 151362
    }, 
    {
        "date": "2012-05-31", 
        "operating_revenue": 157591, 
        "accumulated_operating_revenue": 734840, 
        "long_term_average": 146968, 
        "short_term_average": 159606
    }, 
    {
        "date": "2012-06-30", 
        "operating_revenue": 133225, 
        "accumulated_operating_revenue": 868065, 
        "long_term_average": 144677, 
        "short_term_average": 149363
    }, 
    {
        "date": "2012-07-31", 
        "operating_revenue": 148179, 
        "accumulated_operating_revenue": 1016244, 
        "long_term_average": 145177, 
        "short_term_average": 146331
    }, 
    {
        "date": "2012-08-31", 
        "operating_revenue": 190116, 
        "accumulated_operating_revenue": 1206360, 
        "long_term_average": 150795, 
        "short_term_average": 157173
    }, 
    {
        "date": "2012-09-30", 
        "operating_revenue": 163345, 
        "accumulated_operating_revenue": 1369705, 
        "long_term_average": 152189, 
        "short_term_average": 167213
    }, 
    {
        "date": "2012-10-31", 
        "operating_revenue": 148779, 
        "accumulated_operating_revenue": 1518484, 
        "long_term_average": 151848, 
        "short_term_average": 167413
    }, 
    {
        "date": "2012-11-30", 
        "operating_revenue": 131416, 
        "accumulated_operating_revenue": 1649900, 
        "long_term_average": 149990, 
        "short_term_average": 147846
    }, 
    {
        "date": "2012-12-31", 
        "operating_revenue": 129373, 
        "accumulated_operating_revenue": 1779273, 
        "long_term_average": 148272, 
        "short_term_average": 136522
    }, 
    {
        "accumulated_operating_revenue_yoy": 16.593726910304397, 
        "accumulated_operating_revenue": 143598, 
        "long_term_average": 149975, 
        "date": "2013-01-31", 
        "operating_revenue": 143598, 
        "short_term_average": 134795
    }, 
    {
        "accumulated_operating_revenue_yoy": 15.600612447367803, 
        "accumulated_operating_revenue": 295963, 
        "long_term_average": 151601, 
        "date": "2013-02-28", 
        "operating_revenue": 152365, 
        "short_term_average": 141778
    }, 
    {
        "accumulated_operating_revenue_yoy": 11.60399641884298, 
        "accumulated_operating_revenue": 468710, 
        "long_term_average": 152333, 
        "date": "2013-03-31", 
        "operating_revenue": 172747, 
        "short_term_average": 156236
    }, 
    {
        "accumulated_operating_revenue_yoy": 3.1560037349566654, 
        "accumulated_operating_revenue": 595467, 
        "long_term_average": 149790, 
        "date": "2013-04-30", 
        "operating_revenue": 126757, 
        "short_term_average": 150623
    }, 
    {
        "accumulated_operating_revenue_yoy": -2.71297153121768, 
        "accumulated_operating_revenue": 714904, 
        "long_term_average": 146611, 
        "date": "2013-05-31", 
        "operating_revenue": 119437, 
        "short_term_average": 139647
    }, 
    {
        "accumulated_operating_revenue_yoy": -5.053999412486392, 
        "accumulated_operating_revenue": 824193, 
        "long_term_average": 144616, 
        "date": "2013-06-30", 
        "operating_revenue": 109289, 
        "short_term_average": 118494
    }, 
    {
        "accumulated_operating_revenue_yoy": -5.42822393047339, 
        "accumulated_operating_revenue": 961080, 
        "long_term_average": 143675, 
        "date": "2013-07-31", 
        "operating_revenue": 136887, 
        "short_term_average": 121871
    }, 
    {
        "accumulated_operating_revenue_yoy": -9.571852515003814, 
        "accumulated_operating_revenue": 1090889, 
        "long_term_average": 138650, 
        "date": "2013-08-31", 
        "operating_revenue": 129809, 
        "short_term_average": 125328
    }, 
    {
        "accumulated_operating_revenue_yoy": -13.047408018514936, 
        "accumulated_operating_revenue": 1190994, 
        "long_term_average": 133380, 
        "date": "2013-09-30", 
        "operating_revenue": 100105, 
        "short_term_average": 122267
    }, 
    {
        "accumulated_operating_revenue_yoy": -14.799102262519723, 
        "accumulated_operating_revenue": 1293762, 
        "long_term_average": 129545, 
        "date": "2013-10-31", 
        "operating_revenue": 102768, 
        "short_term_average": 110894
    }, 
    {
        "accumulated_operating_revenue_yoy": -15.182738347778654, 
        "accumulated_operating_revenue": 1399400, 
        "long_term_average": 127397, 
        "date": "2013-11-30", 
        "operating_revenue": 105638, 
        "short_term_average": 102837
    }, 
    {
        "accumulated_operating_revenue_yoy": -13.545532360688888, 
        "accumulated_operating_revenue": 1538261, 
        "long_term_average": 128188, 
        "date": "2013-12-31", 
        "operating_revenue": 138861, 
        "short_term_average": 115755
    }, 
    {
        "accumulated_operating_revenue_yoy": -4.183902282761599, 
        "accumulated_operating_revenue": 137590, 
        "long_term_average": 127687, 
        "date": "2014-01-31", 
        "operating_revenue": 137590, 
        "short_term_average": 127363
    }, 
    {
        "accumulated_operating_revenue_yoy": -7.780364437446573, 
        "accumulated_operating_revenue": 272936, 
        "long_term_average": 126269, 
        "date": "2014-02-28", 
        "operating_revenue": 135346, 
        "short_term_average": 137265
    }, 
    {
        "accumulated_operating_revenue_yoy": -9.917219602739435, 
        "accumulated_operating_revenue": 422227, 
        "long_term_average": 124314, 
        "date": "2014-03-31", 
        "operating_revenue": 149291, 
        "short_term_average": 140742
    }, 
    {
        "accumulated_operating_revenue_yoy": -4.8734858522806475, 
        "accumulated_operating_revenue": 566447, 
        "long_term_average": 125770, 
        "date": "2014-04-30", 
        "operating_revenue": 144220, 
        "short_term_average": 142952
    }, 
    {
        "accumulated_operating_revenue_yoy": -4.17258820764746, 
        "accumulated_operating_revenue": 685074, 
        "long_term_average": 125702, 
        "date": "2014-05-31", 
        "operating_revenue": 118627, 
        "short_term_average": 137379
    }, 
    {
        "accumulated_operating_revenue_yoy": -5.3989781519619795, 
        "accumulated_operating_revenue": 779695, 
        "long_term_average": 124480, 
        "date": "2014-06-30", 
        "operating_revenue": 94621, 
        "short_term_average": 119156
    }, 
    {
        "accumulated_operating_revenue_yoy": -6.63451533691264, 
        "accumulated_operating_revenue": 897317, 
        "long_term_average": 122874, 
        "date": "2014-07-31", 
        "operating_revenue": 117622, 
        "short_term_average": 110290
    }, 
    {
        "accumulated_operating_revenue_yoy": -9.545975805054411, 
        "accumulated_operating_revenue": 986753, 
        "long_term_average": 119510, 
        "date": "2014-08-31", 
        "operating_revenue": 89436, 
        "short_term_average": 100559
    }, 
    {
        "accumulated_operating_revenue_yoy": -8.163349269601694, 
        "accumulated_operating_revenue": 1093769, 
        "long_term_average": 120086, 
        "date": "2014-09-30", 
        "operating_revenue": 107016, 
        "short_term_average": 104691
    }, 
    {
        "accumulated_operating_revenue_yoy": -5.378655425031806, 
        "accumulated_operating_revenue": 1224175, 
        "long_term_average": 122389, 
        "date": "2014-10-31", 
        "operating_revenue": 130406, 
        "short_term_average": 108952
    }, 
    {
        "accumulated_operating_revenue_yoy": -4.460697441760755, 
        "accumulated_operating_revenue": 1336977, 
        "long_term_average": 122986, 
        "date": "2014-11-30", 
        "operating_revenue": 112802, 
        "short_term_average": 116741
    }, 
    {
        "accumulated_operating_revenue_yoy": -3.53529082515906, 
        "accumulated_operating_revenue": 1483879, 
        "long_term_average": 123656, 
        "date": "2014-12-31", 
        "operating_revenue": 146902, 
        "short_term_average": 130036
    }, 
    {
        "accumulated_operating_revenue_yoy": 4.273566392906461, 
        "accumulated_operating_revenue": 143470, 
        "long_term_average": 124146, 
        "date": "2015-01-31", 
        "operating_revenue": 143470, 
        "short_term_average": 134391
    }, 
    {
        "accumulated_operating_revenue_yoy": -5.920801946243808, 
        "accumulated_operating_revenue": 256776, 
        "long_term_average": 122309, 
        "date": "2015-02-28", 
        "operating_revenue": 113306, 
        "short_term_average": 134559
    }, 
    {
        "accumulated_operating_revenue_yoy": -4.321845831744535, 
        "accumulated_operating_revenue": 403979, 
        "long_term_average": 122135, 
        "date": "2015-03-31", 
        "operating_revenue": 147203, 
        "short_term_average": 134659
    }, 
    {
        "accumulated_operating_revenue_yoy": -10.127690675385342, 
        "accumulated_operating_revenue": 509079, 
        "long_term_average": 118875, 
        "date": "2015-04-30", 
        "operating_revenue": 105100, 
        "short_term_average": 121869
    }, 
    {
        "accumulated_operating_revenue_yoy": -9.294762317647438, 
        "accumulated_operating_revenue": 621398, 
        "long_term_average": 118350, 
        "date": "2015-05-31", 
        "operating_revenue": 112319, 
        "short_term_average": 121540
    }, 
    {
        "accumulated_operating_revenue_yoy": -5.1854891976991, 
        "accumulated_operating_revenue": 739264, 
        "long_term_average": 120287, 
        "date": "2015-06-30", 
        "operating_revenue": 117866, 
        "short_term_average": 111761
    }, 
    {
        "accumulated_operating_revenue_yoy": -5.153362746944502, 
        "accumulated_operating_revenue": 851075, 
        "long_term_average": 119803, 
        "date": "2015-07-31", 
        "operating_revenue": 111811, 
        "short_term_average": 113998
    }, 
    {
        "accumulated_operating_revenue_yoy": -4.436064547054835, 
        "accumulated_operating_revenue": 942980, 
        "long_term_average": 120008, 
        "date": "2015-08-31", 
        "operating_revenue": 91905, 
        "short_term_average": 107194
    }
]