[
    {
        "date": "2012-01-31", 
        "operating_revenue": 15893, 
        "accumulated_operating_revenue": 15893, 
        "long_term_average": 15893, 
        "short_term_average": 15893
    }, 
    {
        "date": "2012-02-29", 
        "operating_revenue": 17057, 
        "accumulated_operating_revenue": 32950, 
        "long_term_average": 16475, 
        "short_term_average": 16475
    }, 
    {
        "date": "2012-03-31", 
        "operating_revenue": 18610, 
        "accumulated_operating_revenue": 51560, 
        "long_term_average": 17186, 
        "short_term_average": 17186
    }, 
    {
        "date": "2012-04-30", 
        "operating_revenue": 19321, 
        "accumulated_operating_revenue": 70881, 
        "long_term_average": 17720, 
        "short_term_average": 18329
    }, 
    {
        "date": "2012-05-31", 
        "operating_revenue": 20677, 
        "accumulated_operating_revenue": 91558, 
        "long_term_average": 18311, 
        "short_term_average": 19536
    }, 
    {
        "date": "2012-06-30", 
        "operating_revenue": 21288, 
        "accumulated_operating_revenue": 112846, 
        "long_term_average": 18807, 
        "short_term_average": 20428
    }, 
    {
        "date": "2012-07-31", 
        "operating_revenue": 21556, 
        "accumulated_operating_revenue": 134402, 
        "long_term_average": 19200, 
        "short_term_average": 21173
    }, 
    {
        "date": "2012-08-31", 
        "operating_revenue": 22514, 
        "accumulated_operating_revenue": 156916, 
        "long_term_average": 19614, 
        "short_term_average": 21786
    }, 
    {
        "date": "2012-09-30", 
        "operating_revenue": 19918, 
        "accumulated_operating_revenue": 176834, 
        "long_term_average": 19648, 
        "short_term_average": 21329
    }, 
    {
        "date": "2012-10-31", 
        "operating_revenue": 20214, 
        "accumulated_operating_revenue": 197048, 
        "long_term_average": 19704, 
        "short_term_average": 20882
    }, 
    {
        "date": "2012-11-30", 
        "operating_revenue": 21022, 
        "accumulated_operating_revenue": 218070, 
        "long_term_average": 19824, 
        "short_term_average": 20384
    }, 
    {
        "date": "2012-12-31", 
        "operating_revenue": 19501, 
        "accumulated_operating_revenue": 237571, 
        "long_term_average": 19797, 
        "short_term_average": 20245
    }, 
    {
        "accumulated_operating_revenue_yoy": 22.758447115082113, 
        "accumulated_operating_revenue": 19510, 
        "long_term_average": 20099, 
        "date": "2013-01-31", 
        "operating_revenue": 19510, 
        "short_term_average": 20011
    }, 
    {
        "accumulated_operating_revenue_yoy": 3.3960546282245825, 
        "accumulated_operating_revenue": 34069, 
        "long_term_average": 19890, 
        "date": "2013-02-28", 
        "operating_revenue": 14559, 
        "short_term_average": 17856
    }, 
    {
        "accumulated_operating_revenue_yoy": 4.60822342901474, 
        "accumulated_operating_revenue": 53936, 
        "long_term_average": 19995, 
        "date": "2013-03-31", 
        "operating_revenue": 19867, 
        "short_term_average": 17978
    }, 
    {
        "accumulated_operating_revenue_yoy": 6.457301674637773, 
        "accumulated_operating_revenue": 75458, 
        "long_term_average": 20179, 
        "date": "2013-04-30", 
        "operating_revenue": 21522, 
        "short_term_average": 18649
    }, 
    {
        "accumulated_operating_revenue_yoy": 6.078114419275214, 
        "accumulated_operating_revenue": 97123, 
        "long_term_average": 20261, 
        "date": "2013-05-31", 
        "operating_revenue": 21665, 
        "short_term_average": 21018
    }, 
    {
        "accumulated_operating_revenue_yoy": 6.1304787054924414, 
        "accumulated_operating_revenue": 119764, 
        "long_term_average": 20374, 
        "date": "2013-06-30", 
        "operating_revenue": 22641, 
        "short_term_average": 21942
    }, 
    {
        "accumulated_operating_revenue_yoy": 9.105519263106205, 
        "accumulated_operating_revenue": 146640, 
        "long_term_average": 20817, 
        "date": "2013-07-31", 
        "operating_revenue": 26876, 
        "short_term_average": 23727
    }, 
    {
        "accumulated_operating_revenue_yoy": 12.082260572535624, 
        "accumulated_operating_revenue": 175875, 
        "long_term_average": 21377, 
        "date": "2013-08-31", 
        "operating_revenue": 29235, 
        "short_term_average": 26250
    }, 
    {
        "accumulated_operating_revenue_yoy": 17.3722247983985, 
        "accumulated_operating_revenue": 207554, 
        "long_term_average": 22357, 
        "date": "2013-09-30", 
        "operating_revenue": 31679, 
        "short_term_average": 29263
    }, 
    {
        "accumulated_operating_revenue_yoy": 18.542182615403355, 
        "accumulated_operating_revenue": 233585, 
        "long_term_average": 22842, 
        "date": "2013-10-31", 
        "operating_revenue": 26031, 
        "short_term_average": 28981
    }, 
    {
        "accumulated_operating_revenue_yoy": 23.651121199614803, 
        "accumulated_operating_revenue": 269646, 
        "long_term_average": 24095, 
        "date": "2013-11-30", 
        "operating_revenue": 36061, 
        "short_term_average": 31257
    }, 
    {
        "accumulated_operating_revenue_yoy": 27.098004386057223, 
        "accumulated_operating_revenue": 301948, 
        "long_term_average": 25162, 
        "date": "2013-12-31", 
        "operating_revenue": 32302, 
        "short_term_average": 31464
    }, 
    {
        "accumulated_operating_revenue_yoy": 97.62173244490006, 
        "accumulated_operating_revenue": 38556, 
        "long_term_average": 26749, 
        "date": "2014-01-31", 
        "operating_revenue": 38556, 
        "short_term_average": 35639
    }, 
    {
        "accumulated_operating_revenue_yoy": 118.12791687457806, 
        "accumulated_operating_revenue": 74314, 
        "long_term_average": 28516, 
        "date": "2014-02-28", 
        "operating_revenue": 35758, 
        "short_term_average": 35538
    }, 
    {
        "accumulated_operating_revenue_yoy": 108.54902106199941, 
        "accumulated_operating_revenue": 112483, 
        "long_term_average": 30041, 
        "date": "2014-03-31", 
        "operating_revenue": 38169, 
        "short_term_average": 37494
    }, 
    {
        "accumulated_operating_revenue_yoy": 101.30668716372023, 
        "accumulated_operating_revenue": 151902, 
        "long_term_average": 31532, 
        "date": "2014-04-30", 
        "operating_revenue": 39419, 
        "short_term_average": 37782
    }, 
    {
        "accumulated_operating_revenue_yoy": 98.0519547378067, 
        "accumulated_operating_revenue": 192354, 
        "long_term_average": 33098, 
        "date": "2014-05-31", 
        "operating_revenue": 40452, 
        "short_term_average": 39346
    }, 
    {
        "accumulated_operating_revenue_yoy": 96.16746267659731, 
        "accumulated_operating_revenue": 234938, 
        "long_term_average": 34760, 
        "date": "2014-06-30", 
        "operating_revenue": 42584, 
        "short_term_average": 40818
    }, 
    {
        "accumulated_operating_revenue_yoy": 89.05346426623022, 
        "accumulated_operating_revenue": 277228, 
        "long_term_average": 36044, 
        "date": "2014-07-31", 
        "operating_revenue": 42290, 
        "short_term_average": 41775
    }, 
    {
        "accumulated_operating_revenue_yoy": 80.3502487562189, 
        "accumulated_operating_revenue": 317191, 
        "long_term_average": 36938, 
        "date": "2014-08-31", 
        "operating_revenue": 39963, 
        "short_term_average": 41612
    }, 
    {
        "accumulated_operating_revenue_yoy": 72.85573874750668, 
        "accumulated_operating_revenue": 358769, 
        "long_term_average": 37763, 
        "date": "2014-09-30", 
        "operating_revenue": 41578, 
        "short_term_average": 41277
    }, 
    {
        "accumulated_operating_revenue_yoy": 69.28612710576449, 
        "accumulated_operating_revenue": 395427, 
        "long_term_average": 38649, 
        "date": "2014-10-31", 
        "operating_revenue": 36658, 
        "short_term_average": 39399
    }, 
    {
        "accumulated_operating_revenue_yoy": 59.84105085927476, 
        "accumulated_operating_revenue": 431005, 
        "long_term_average": 38608, 
        "date": "2014-11-30", 
        "operating_revenue": 35578, 
        "short_term_average": 37938
    }, 
    {
        "accumulated_operating_revenue_yoy": 55.97321393087551, 
        "accumulated_operating_revenue": 470958, 
        "long_term_average": 39246, 
        "date": "2014-12-31", 
        "operating_revenue": 39953, 
        "short_term_average": 37396
    }, 
    {
        "accumulated_operating_revenue_yoy": 7.684925822180724, 
        "accumulated_operating_revenue": 41519, 
        "long_term_average": 39493, 
        "date": "2015-01-31", 
        "operating_revenue": 41519, 
        "short_term_average": 39016
    }, 
    {
        "accumulated_operating_revenue_yoy": 3.6251581128724064, 
        "accumulated_operating_revenue": 77008, 
        "long_term_average": 39471, 
        "date": "2015-02-28", 
        "operating_revenue": 35489, 
        "short_term_average": 38987
    }, 
    {
        "accumulated_operating_revenue_yoy": 4.323319968350773, 
        "accumulated_operating_revenue": 117346, 
        "long_term_average": 39651, 
        "date": "2015-03-31", 
        "operating_revenue": 40338, 
        "short_term_average": 39115
    }, 
    {
        "accumulated_operating_revenue_yoy": 6.440336532764546, 
        "accumulated_operating_revenue": 161685, 
        "long_term_average": 40061, 
        "date": "2015-04-30", 
        "operating_revenue": 44339, 
        "short_term_average": 40055
    }, 
    {
        "accumulated_operating_revenue_yoy": 5.170155026669578, 
        "accumulated_operating_revenue": 202299, 
        "long_term_average": 40075, 
        "date": "2015-05-31", 
        "operating_revenue": 40614, 
        "short_term_average": 41763
    }, 
    {
        "accumulated_operating_revenue_yoy": 3.3562046156858405, 
        "accumulated_operating_revenue": 242823, 
        "long_term_average": 39903, 
        "date": "2015-06-30", 
        "operating_revenue": 40524, 
        "short_term_average": 41825
    }, 
    {
        "accumulated_operating_revenue_yoy": 1.3764843378013765, 
        "accumulated_operating_revenue": 281044, 
        "long_term_average": 39564, 
        "date": "2015-07-31", 
        "operating_revenue": 38221, 
        "short_term_average": 39786
    }, 
    {
        "accumulated_operating_revenue_yoy": 0.2966666771755819, 
        "accumulated_operating_revenue": 318132, 
        "long_term_average": 39324, 
        "date": "2015-08-31", 
        "operating_revenue": 37088, 
        "short_term_average": 38611
    }, 
    {
        "accumulated_operating_revenue_yoy": -1.06391577867653, 
        "accumulated_operating_revenue": 354952, 
        "long_term_average": 38928, 
        "date": "2015-09-30", 
        "operating_revenue": 36820, 
        "short_term_average": 37376
    }, 
    {
        "accumulated_operating_revenue_yoy": -2.8619694659191204, 
        "accumulated_operating_revenue": 384110, 
        "long_term_average": 38303, 
        "date": "2015-10-31", 
        "operating_revenue": 29158, 
        "short_term_average": 34355
    }
]