[
    {
        "date": "2011-09-30", 
        "operating_revenue": 4739187, 
        "accumulated_operating_revenue": 4739187, 
        "long_term_average": 4739187, 
        "short_term_average": 4739187
    }, 
    {
        "date": "2011-10-31", 
        "operating_revenue": 4425385, 
        "accumulated_operating_revenue": 9164572, 
        "long_term_average": 4582286, 
        "short_term_average": 4582286
    }, 
    {
        "date": "2011-11-30", 
        "operating_revenue": 3927757, 
        "accumulated_operating_revenue": 13092329, 
        "long_term_average": 4364109, 
        "short_term_average": 4364109
    }, 
    {
        "date": "2011-12-31", 
        "operating_revenue": 4330295, 
        "accumulated_operating_revenue": 17422624, 
        "long_term_average": 4355656, 
        "short_term_average": 4227812
    }, 
    {
        "date": "2012-01-31", 
        "operating_revenue": 3683151, 
        "accumulated_operating_revenue": 3683151, 
        "long_term_average": 4221155, 
        "short_term_average": 3980401
    }, 
    {
        "date": "2012-02-29", 
        "operating_revenue": 4655620, 
        "accumulated_operating_revenue": 8338771, 
        "long_term_average": 4293565, 
        "short_term_average": 4223022
    }, 
    {
        "date": "2012-03-31", 
        "operating_revenue": 5089392, 
        "accumulated_operating_revenue": 13428163, 
        "long_term_average": 4407255, 
        "short_term_average": 4476054
    }, 
    {
        "date": "2012-04-30", 
        "operating_revenue": 5479908, 
        "accumulated_operating_revenue": 18908071, 
        "long_term_average": 4541336, 
        "short_term_average": 5074973
    }, 
    {
        "date": "2012-05-31", 
        "operating_revenue": 5920749, 
        "accumulated_operating_revenue": 24828820, 
        "long_term_average": 4694604, 
        "short_term_average": 5496683
    }, 
    {
        "date": "2012-06-30", 
        "operating_revenue": 5156459, 
        "accumulated_operating_revenue": 29985279, 
        "long_term_average": 4740790, 
        "short_term_average": 5519038
    }, 
    {
        "date": "2012-07-31", 
        "operating_revenue": 4715167, 
        "accumulated_operating_revenue": 34700446, 
        "long_term_average": 4738460, 
        "short_term_average": 5264125
    }, 
    {
        "date": "2012-08-31", 
        "operating_revenue": 4697886, 
        "accumulated_operating_revenue": 39398332, 
        "long_term_average": 4735079, 
        "short_term_average": 4856504
    }, 
    {
        "accumulated_operating_revenue_yoy": 825.6350720070764, 
        "accumulated_operating_revenue": 43867577, 
        "long_term_average": 4712584, 
        "date": "2012-09-30", 
        "operating_revenue": 4469245, 
        "short_term_average": 4627432
    }, 
    {
        "accumulated_operating_revenue_yoy": 426.67299684044167, 
        "accumulated_operating_revenue": 48267326, 
        "long_term_average": 4710448, 
        "date": "2012-10-31", 
        "operating_revenue": 4399749, 
        "short_term_average": 4522293
    }, 
    {
        "accumulated_operating_revenue_yoy": 301.61219596605, 
        "accumulated_operating_revenue": 52580390, 
        "long_term_average": 4742557, 
        "date": "2012-11-30", 
        "operating_revenue": 4313064, 
        "short_term_average": 4394019
    }, 
    {
        "accumulated_operating_revenue_yoy": 221.10752662744716, 
        "accumulated_operating_revenue": 55945357, 
        "long_term_average": 4662113, 
        "date": "2012-12-31", 
        "operating_revenue": 3364967, 
        "short_term_average": 4025926
    }, 
    {
        "accumulated_operating_revenue_yoy": 18.008438969784297, 
        "accumulated_operating_revenue": 4346429, 
        "long_term_average": 4717386, 
        "date": "2013-01-31", 
        "operating_revenue": 4346429, 
        "short_term_average": 4008153
    }, 
    {
        "accumulated_operating_revenue_yoy": -6.9783904606566125, 
        "accumulated_operating_revenue": 7756859, 
        "long_term_average": 4613620, 
        "date": "2013-02-28", 
        "operating_revenue": 3410430, 
        "short_term_average": 3707275
    }, 
    {
        "accumulated_operating_revenue_yoy": -13.19144696113683, 
        "accumulated_operating_revenue": 11656794, 
        "long_term_average": 4514499, 
        "date": "2013-03-31", 
        "operating_revenue": 3899935, 
        "short_term_average": 3885598
    }, 
    {
        "accumulated_operating_revenue_yoy": -17.045012153804585, 
        "accumulated_operating_revenue": 15685188, 
        "long_term_average": 4393539, 
        "date": "2013-04-30", 
        "operating_revenue": 4028394, 
        "short_term_average": 3779586
    }, 
    {
        "accumulated_operating_revenue_yoy": -20.668980644267428, 
        "accumulated_operating_revenue": 19696956, 
        "long_term_average": 4234457, 
        "date": "2013-05-31", 
        "operating_revenue": 4011768, 
        "short_term_average": 3980032
    }, 
    {
        "accumulated_operating_revenue_yoy": -20.82417842435283, 
        "accumulated_operating_revenue": 23741091, 
        "long_term_average": 4141764, 
        "date": "2013-06-30", 
        "operating_revenue": 4044135, 
        "short_term_average": 4028099
    }, 
    {
        "accumulated_operating_revenue_yoy": -18.52325183370842, 
        "accumulated_operating_revenue": 28272795, 
        "long_term_average": 4126475, 
        "date": "2013-07-31", 
        "operating_revenue": 4531704, 
        "short_term_average": 4195869
    }, 
    {
        "accumulated_operating_revenue_yoy": -16.342646181061678, 
        "accumulated_operating_revenue": 32959602, 
        "long_term_average": 4125552, 
        "date": "2013-08-31", 
        "operating_revenue": 4686807, 
        "short_term_average": 4420882
    }, 
    {
        "accumulated_operating_revenue_yoy": -15.055627531012256, 
        "accumulated_operating_revenue": 37263038, 
        "long_term_average": 4111734, 
        "date": "2013-09-30", 
        "operating_revenue": 4303436, 
        "short_term_average": 4507315
    }, 
    {
        "accumulated_operating_revenue_yoy": -13.011916177001396, 
        "accumulated_operating_revenue": 41986822, 
        "long_term_average": 4138737, 
        "date": "2013-10-31", 
        "operating_revenue": 4723784, 
        "short_term_average": 4571342
    }, 
    {
        "accumulated_operating_revenue_yoy": -11.123955147536943, 
        "accumulated_operating_revenue": 46731371, 
        "long_term_average": 4174694, 
        "date": "2013-11-30", 
        "operating_revenue": 4744549, 
        "short_term_average": 4590589
    }, 
    {
        "accumulated_operating_revenue_yoy": -8.828575354340844, 
        "accumulated_operating_revenue": 51006179, 
        "long_term_average": 4250514, 
        "date": "2013-12-31", 
        "operating_revenue": 4274808, 
        "short_term_average": 4581047
    }, 
    {
        "accumulated_operating_revenue_yoy": -1.601728683477862, 
        "accumulated_operating_revenue": 4276811, 
        "long_term_average": 4244713, 
        "date": "2014-01-31", 
        "operating_revenue": 4276811, 
        "short_term_average": 4432056
    }, 
    {
        "accumulated_operating_revenue_yoy": -4.866944210278929, 
        "accumulated_operating_revenue": 7379337, 
        "long_term_average": 4219054, 
        "date": "2014-02-28", 
        "operating_revenue": 3102526, 
        "short_term_average": 3884715
    }, 
    {
        "accumulated_operating_revenue_yoy": -2.3260083347102127, 
        "accumulated_operating_revenue": 11385656, 
        "long_term_average": 4227920, 
        "date": "2014-03-31", 
        "operating_revenue": 4006319, 
        "short_term_average": 3795218
    }, 
    {
        "accumulated_operating_revenue_yoy": -2.2374229751023704, 
        "accumulated_operating_revenue": 15334244, 
        "long_term_average": 4221269, 
        "date": "2014-04-30", 
        "operating_revenue": 3948588, 
        "short_term_average": 3685811
    }, 
    {
        "accumulated_operating_revenue_yoy": -1.2735876548640306, 
        "accumulated_operating_revenue": 19446098, 
        "long_term_average": 4229610, 
        "date": "2014-05-31", 
        "operating_revenue": 4111854, 
        "short_term_average": 4022253
    }, 
    {
        "accumulated_operating_revenue_yoy": -1.2247499493599516, 
        "accumulated_operating_revenue": 23450322, 
        "long_term_average": 4226284, 
        "date": "2014-06-30", 
        "operating_revenue": 4004224, 
        "short_term_average": 4021555
    }, 
    {
        "accumulated_operating_revenue_yoy": -1.134341334134103, 
        "accumulated_operating_revenue": 27952085, 
        "long_term_average": 4223789, 
        "date": "2014-07-31", 
        "operating_revenue": 4501763, 
        "short_term_average": 4205947
    }, 
    {
        "accumulated_operating_revenue_yoy": -1.2925823558184957, 
        "accumulated_operating_revenue": 32533572, 
        "long_term_average": 4215012, 
        "date": "2014-08-31", 
        "operating_revenue": 4581487, 
        "short_term_average": 4362491
    }, 
    {
        "accumulated_operating_revenue_yoy": -1.6735538310107725, 
        "accumulated_operating_revenue": 36639421, 
        "long_term_average": 4198546, 
        "date": "2014-09-30", 
        "operating_revenue": 4105849, 
        "short_term_average": 4396366
    }, 
    {
        "accumulated_operating_revenue_yoy": -3.038693902577337, 
        "accumulated_operating_revenue": 40710971, 
        "long_term_average": 4144194, 
        "date": "2014-10-31", 
        "operating_revenue": 4071550, 
        "short_term_average": 4252962
    }, 
    {
        "accumulated_operating_revenue_yoy": -4.4926009125647095, 
        "accumulated_operating_revenue": 44631917, 
        "long_term_average": 4075560, 
        "date": "2014-11-30", 
        "operating_revenue": 3920946, 
        "short_term_average": 4032781
    }, 
    {
        "accumulated_operating_revenue_yoy": -4.594988383662301, 
        "accumulated_operating_revenue": 48662451, 
        "long_term_average": 4055204, 
        "date": "2014-12-31", 
        "operating_revenue": 4030534, 
        "short_term_average": 4007676
    }, 
    {
        "accumulated_operating_revenue_yoy": -10.214059026690682, 
        "accumulated_operating_revenue": 3839975, 
        "long_term_average": 4018801, 
        "date": "2015-01-31", 
        "operating_revenue": 3839975, 
        "short_term_average": 3930485
    }, 
    {
        "accumulated_operating_revenue_yoy": -8.975264308975182, 
        "accumulated_operating_revenue": 6717022, 
        "long_term_average": 4000011, 
        "date": "2015-02-28", 
        "operating_revenue": 2877047, 
        "short_term_average": 3582518
    }, 
    {
        "accumulated_operating_revenue_yoy": -12.689975878421059, 
        "accumulated_operating_revenue": 9940819, 
        "long_term_average": 3934801, 
        "date": "2015-03-31", 
        "operating_revenue": 3223797, 
        "short_term_average": 3313606
    }, 
    {
        "accumulated_operating_revenue_yoy": -12.832403084234215, 
        "accumulated_operating_revenue": 13366492, 
        "long_term_average": 3891224, 
        "date": "2015-04-30", 
        "operating_revenue": 3425673, 
        "short_term_average": 3175505
    }, 
    {
        "accumulated_operating_revenue_yoy": -16.236439824585887, 
        "accumulated_operating_revenue": 16288744, 
        "long_term_average": 3792091, 
        "date": "2015-05-31", 
        "operating_revenue": 2922252, 
        "short_term_average": 3190574
    }, 
    {
        "accumulated_operating_revenue_yoy": -16.90083402692722, 
        "accumulated_operating_revenue": 19487022, 
        "long_term_average": 3724929, 
        "date": "2015-06-30", 
        "operating_revenue": 3198278, 
        "short_term_average": 3182067
    }, 
    {
        "accumulated_operating_revenue_yoy": -18.673834170152244, 
        "accumulated_operating_revenue": 22732359, 
        "long_term_average": 3620227, 
        "date": "2015-07-31", 
        "operating_revenue": 3245337, 
        "short_term_average": 3121955
    }, 
    {
        "accumulated_operating_revenue_yoy": -19.565324705199906, 
        "accumulated_operating_revenue": 26168273, 
        "long_term_average": 3524762, 
        "date": "2015-08-31", 
        "operating_revenue": 3435914, 
        "short_term_average": 3293176
    }, 
    {
        "accumulated_operating_revenue_yoy": -18.61972109220831, 
        "accumulated_operating_revenue": 29817263, 
        "long_term_average": 3486691, 
        "date": "2015-09-30", 
        "operating_revenue": 3648990, 
        "short_term_average": 3443413
    }
]