[
    {
        "date": "2012-01-31", 
        "operating_revenue": 175394, 
        "accumulated_operating_revenue": 175394, 
        "long_term_average": 175394, 
        "short_term_average": 175394
    }, 
    {
        "date": "2012-02-29", 
        "operating_revenue": 227459, 
        "accumulated_operating_revenue": 402853, 
        "long_term_average": 201426, 
        "short_term_average": 201426
    }, 
    {
        "date": "2012-03-31", 
        "operating_revenue": 369102, 
        "accumulated_operating_revenue": 771955, 
        "long_term_average": 257318, 
        "short_term_average": 257318
    }, 
    {
        "date": "2012-04-30", 
        "operating_revenue": 339533, 
        "accumulated_operating_revenue": 1111488, 
        "long_term_average": 277872, 
        "short_term_average": 312031
    }, 
    {
        "date": "2012-05-31", 
        "operating_revenue": 378779, 
        "accumulated_operating_revenue": 1490267, 
        "long_term_average": 298053, 
        "short_term_average": 362471
    }, 
    {
        "date": "2012-06-30", 
        "operating_revenue": 364113, 
        "accumulated_operating_revenue": 1854380, 
        "long_term_average": 309063, 
        "short_term_average": 360808
    }, 
    {
        "date": "2012-07-31", 
        "operating_revenue": 356147, 
        "accumulated_operating_revenue": 2210527, 
        "long_term_average": 315789, 
        "short_term_average": 366346
    }, 
    {
        "date": "2012-08-31", 
        "operating_revenue": 319955, 
        "accumulated_operating_revenue": 2530482, 
        "long_term_average": 316310, 
        "short_term_average": 346738
    }, 
    {
        "date": "2012-09-30", 
        "operating_revenue": 245118, 
        "accumulated_operating_revenue": 2775600, 
        "long_term_average": 308400, 
        "short_term_average": 307073
    }, 
    {
        "date": "2012-10-31", 
        "operating_revenue": 261301, 
        "accumulated_operating_revenue": 3036901, 
        "long_term_average": 303690, 
        "short_term_average": 275458
    }, 
    {
        "date": "2012-11-30", 
        "operating_revenue": 247356, 
        "accumulated_operating_revenue": 3284257, 
        "long_term_average": 298568, 
        "short_term_average": 251258
    }, 
    {
        "date": "2012-12-31", 
        "operating_revenue": 257487, 
        "accumulated_operating_revenue": 3541744, 
        "long_term_average": 295145, 
        "short_term_average": 255381
    }, 
    {
        "accumulated_operating_revenue_yoy": 60.973009338973974, 
        "accumulated_operating_revenue": 282337, 
        "long_term_average": 304057, 
        "date": "2013-01-31", 
        "operating_revenue": 282337, 
        "short_term_average": 262393
    }, 
    {
        "accumulated_operating_revenue_yoy": 20.61421908239482, 
        "accumulated_operating_revenue": 485898, 
        "long_term_average": 302065, 
        "date": "2013-02-28", 
        "operating_revenue": 203561, 
        "short_term_average": 247795
    }, 
    {
        "accumulated_operating_revenue_yoy": 0.5610430659818253, 
        "accumulated_operating_revenue": 776286, 
        "long_term_average": 295506, 
        "date": "2013-03-31", 
        "operating_revenue": 290388, 
        "short_term_average": 258762
    }, 
    {
        "accumulated_operating_revenue_yoy": -2.9058343409915355, 
        "accumulated_operating_revenue": 1079190, 
        "long_term_average": 292453, 
        "date": "2013-04-30", 
        "operating_revenue": 302904, 
        "short_term_average": 265617
    }, 
    {
        "accumulated_operating_revenue_yoy": -4.422563205116935, 
        "accumulated_operating_revenue": 1424359, 
        "long_term_average": 289653, 
        "date": "2013-05-31", 
        "operating_revenue": 345169, 
        "short_term_average": 312820
    }, 
    {
        "accumulated_operating_revenue_yoy": -4.176166697224948, 
        "accumulated_operating_revenue": 1776938, 
        "long_term_average": 288691, 
        "date": "2013-06-30", 
        "operating_revenue": 352579, 
        "short_term_average": 333550
    }, 
    {
        "accumulated_operating_revenue_yoy": -4.644639038564107, 
        "accumulated_operating_revenue": 2107856, 
        "long_term_average": 286589, 
        "date": "2013-07-31", 
        "operating_revenue": 330918, 
        "short_term_average": 342888
    }, 
    {
        "accumulated_operating_revenue_yoy": -4.673022767994398, 
        "accumulated_operating_revenue": 2412232, 
        "long_term_average": 285291, 
        "date": "2013-08-31", 
        "operating_revenue": 304376, 
        "short_term_average": 329291
    }, 
    {
        "accumulated_operating_revenue_yoy": -2.497117740308402, 
        "accumulated_operating_revenue": 2706290, 
        "long_term_average": 289369, 
        "date": "2013-09-30", 
        "operating_revenue": 294058, 
        "short_term_average": 309784
    }, 
    {
        "accumulated_operating_revenue_yoy": -0.997694689421881, 
        "accumulated_operating_revenue": 3006602, 
        "long_term_average": 292620, 
        "date": "2013-10-31", 
        "operating_revenue": 300312, 
        "short_term_average": 299582
    }, 
    {
        "accumulated_operating_revenue_yoy": 1.6764217903775496, 
        "accumulated_operating_revenue": 3339315, 
        "long_term_average": 299733, 
        "date": "2013-11-30", 
        "operating_revenue": 332713, 
        "short_term_average": 309027
    }, 
    {
        "accumulated_operating_revenue_yoy": 2.840267393690792, 
        "accumulated_operating_revenue": 3642339, 
        "long_term_average": 303528, 
        "date": "2013-12-31", 
        "operating_revenue": 303024, 
        "short_term_average": 312016
    }, 
    {
        "accumulated_operating_revenue_yoy": -19.36976025104751, 
        "accumulated_operating_revenue": 227649, 
        "long_term_average": 298970, 
        "date": "2014-01-31", 
        "operating_revenue": 227649, 
        "short_term_average": 287795
    }, 
    {
        "accumulated_operating_revenue_yoy": -1.7960559623624712, 
        "accumulated_operating_revenue": 477171, 
        "long_term_average": 302801, 
        "date": "2014-02-28", 
        "operating_revenue": 249522, 
        "short_term_average": 260065
    }, 
    {
        "accumulated_operating_revenue_yoy": 1.7004042324607167, 
        "accumulated_operating_revenue": 789486, 
        "long_term_average": 304628, 
        "date": "2014-03-31", 
        "operating_revenue": 312315, 
        "short_term_average": 263162
    }, 
    {
        "accumulated_operating_revenue_yoy": 5.788322723524124, 
        "accumulated_operating_revenue": 1141657, 
        "long_term_average": 308733, 
        "date": "2014-04-30", 
        "operating_revenue": 352171, 
        "short_term_average": 304669
    }, 
    {
        "accumulated_operating_revenue_yoy": 4.332755997610152, 
        "accumulated_operating_revenue": 1486073, 
        "long_term_average": 308671, 
        "date": "2014-05-31", 
        "operating_revenue": 344416, 
        "short_term_average": 336300
    }, 
    {
        "accumulated_operating_revenue_yoy": 1.9394599023713828, 
        "accumulated_operating_revenue": 1811401, 
        "long_term_average": 306400, 
        "date": "2014-06-30", 
        "operating_revenue": 325328, 
        "short_term_average": 340638
    }, 
    {
        "accumulated_operating_revenue_yoy": 1.9110888030301878, 
        "accumulated_operating_revenue": 2148139, 
        "long_term_average": 306885, 
        "date": "2014-07-31", 
        "operating_revenue": 336738, 
        "short_term_average": 335494
    }, 
    {
        "accumulated_operating_revenue_yoy": 1.5519236955649374, 
        "accumulated_operating_revenue": 2449668, 
        "long_term_average": 306647, 
        "date": "2014-08-31", 
        "operating_revenue": 301529, 
        "short_term_average": 321198
    }, 
    {
        "accumulated_operating_revenue_yoy": 0.3879480765180376, 
        "accumulated_operating_revenue": 2716789, 
        "long_term_average": 304403, 
        "date": "2014-09-30", 
        "operating_revenue": 267121, 
        "short_term_average": 301796
    }, 
    {
        "accumulated_operating_revenue_yoy": -0.6872209890101849, 
        "accumulated_operating_revenue": 2985940, 
        "long_term_average": 301806, 
        "date": "2014-10-31", 
        "operating_revenue": 269151, 
        "short_term_average": 279267
    }, 
    {
        "accumulated_operating_revenue_yoy": -1.7214009460023987, 
        "accumulated_operating_revenue": 3281832, 
        "long_term_average": 298738, 
        "date": "2014-11-30", 
        "operating_revenue": 295892, 
        "short_term_average": 277388
    }, 
    {
        "accumulated_operating_revenue_yoy": -2.442825887431126, 
        "accumulated_operating_revenue": 3553363, 
        "long_term_average": 296113, 
        "date": "2014-12-31", 
        "operating_revenue": 271531, 
        "short_term_average": 278858
    }, 
    {
        "accumulated_operating_revenue_yoy": 19.070586736598887, 
        "accumulated_operating_revenue": 271063, 
        "long_term_average": 299731, 
        "date": "2015-01-31", 
        "operating_revenue": 271063, 
        "short_term_average": 279495
    }, 
    {
        "accumulated_operating_revenue_yoy": -8.643442287984811, 
        "accumulated_operating_revenue": 435927, 
        "long_term_average": 292676, 
        "date": "2015-02-28", 
        "operating_revenue": 164864, 
        "short_term_average": 235819
    }, 
    {
        "accumulated_operating_revenue_yoy": -10.32367895060837, 
        "accumulated_operating_revenue": 707982, 
        "long_term_average": 289321, 
        "date": "2015-03-31", 
        "operating_revenue": 272055, 
        "short_term_average": 235994
    }, 
    {
        "accumulated_operating_revenue_yoy": -10.130538331565434, 
        "accumulated_operating_revenue": 1026001, 
        "long_term_average": 286475, 
        "date": "2015-04-30", 
        "operating_revenue": 318019, 
        "short_term_average": 251646
    }, 
    {
        "accumulated_operating_revenue_yoy": -9.152376767493925, 
        "accumulated_operating_revenue": 1350062, 
        "long_term_average": 284779, 
        "date": "2015-05-31", 
        "operating_revenue": 324061, 
        "short_term_average": 304711
    }, 
    {
        "accumulated_operating_revenue_yoy": -8.522408897864139, 
        "accumulated_operating_revenue": 1657026, 
        "long_term_average": 283249, 
        "date": "2015-06-30", 
        "operating_revenue": 306964, 
        "short_term_average": 316348
    }, 
    {
        "accumulated_operating_revenue_yoy": -8.647438550298654, 
        "accumulated_operating_revenue": 1962380, 
        "long_term_average": 280633, 
        "date": "2015-07-31", 
        "operating_revenue": 305354, 
        "short_term_average": 312126
    }, 
    {
        "accumulated_operating_revenue_yoy": -8.59912445278299, 
        "accumulated_operating_revenue": 2239018, 
        "long_term_average": 278559, 
        "date": "2015-08-31", 
        "operating_revenue": 276638, 
        "short_term_average": 296318
    }, 
    {
        "accumulated_operating_revenue_yoy": -8.164601667630427, 
        "accumulated_operating_revenue": 2494974, 
        "long_term_average": 277629, 
        "date": "2015-09-30", 
        "operating_revenue": 255956, 
        "short_term_average": 279316
    }
]