[
    {
        "date": "2012-01-31", 
        "operating_revenue": 24790, 
        "accumulated_operating_revenue": 24790, 
        "long_term_average": 24790, 
        "short_term_average": 24790
    }, 
    {
        "date": "2012-02-29", 
        "operating_revenue": 17475, 
        "accumulated_operating_revenue": 42265, 
        "long_term_average": 21132, 
        "short_term_average": 21132
    }, 
    {
        "date": "2012-03-31", 
        "operating_revenue": 27840, 
        "accumulated_operating_revenue": 70105, 
        "long_term_average": 23368, 
        "short_term_average": 23368
    }, 
    {
        "date": "2012-04-30", 
        "operating_revenue": 25739, 
        "accumulated_operating_revenue": 95844, 
        "long_term_average": 23961, 
        "short_term_average": 23684
    }, 
    {
        "date": "2012-05-31", 
        "operating_revenue": 37065, 
        "accumulated_operating_revenue": 132909, 
        "long_term_average": 26581, 
        "short_term_average": 30214
    }, 
    {
        "date": "2012-06-30", 
        "operating_revenue": 38332, 
        "accumulated_operating_revenue": 171241, 
        "long_term_average": 28540, 
        "short_term_average": 33712
    }, 
    {
        "date": "2012-07-31", 
        "operating_revenue": 31545, 
        "accumulated_operating_revenue": 202786, 
        "long_term_average": 28969, 
        "short_term_average": 35647
    }, 
    {
        "date": "2012-08-31", 
        "operating_revenue": 43259, 
        "accumulated_operating_revenue": 246045, 
        "long_term_average": 30755, 
        "short_term_average": 37712
    }, 
    {
        "date": "2012-09-30", 
        "operating_revenue": 63966, 
        "accumulated_operating_revenue": 310011, 
        "long_term_average": 34445, 
        "short_term_average": 46256
    }, 
    {
        "date": "2012-10-31", 
        "operating_revenue": 39914, 
        "accumulated_operating_revenue": 349925, 
        "long_term_average": 34992, 
        "short_term_average": 49046
    }, 
    {
        "date": "2012-11-30", 
        "operating_revenue": 55950, 
        "accumulated_operating_revenue": 405875, 
        "long_term_average": 36897, 
        "short_term_average": 53276
    }, 
    {
        "date": "2012-12-31", 
        "operating_revenue": 88404, 
        "accumulated_operating_revenue": 494279, 
        "long_term_average": 41189, 
        "short_term_average": 61422
    }, 
    {
        "accumulated_operating_revenue_yoy": 99.78620411456232, 
        "accumulated_operating_revenue": 49527, 
        "long_term_average": 43251, 
        "date": "2013-01-31", 
        "operating_revenue": 49527, 
        "short_term_average": 64627
    }, 
    {
        "accumulated_operating_revenue_yoy": 157.81379391931858, 
        "accumulated_operating_revenue": 108965, 
        "long_term_average": 46748, 
        "date": "2013-02-28", 
        "operating_revenue": 59438, 
        "short_term_average": 65789
    }, 
    {
        "accumulated_operating_revenue_yoy": 136.73917694886242, 
        "accumulated_operating_revenue": 165966, 
        "long_term_average": 49178, 
        "date": "2013-03-31", 
        "operating_revenue": 57001, 
        "short_term_average": 55322
    }, 
    {
        "accumulated_operating_revenue_yoy": 120.02316263928886, 
        "accumulated_operating_revenue": 210879, 
        "long_term_average": 50776, 
        "date": "2013-04-30", 
        "operating_revenue": 44913, 
        "short_term_average": 53784
    }, 
    {
        "accumulated_operating_revenue_yoy": 105.44733614728874, 
        "accumulated_operating_revenue": 273058, 
        "long_term_average": 52869, 
        "date": "2013-05-31", 
        "operating_revenue": 62179, 
        "short_term_average": 54697
    }, 
    {
        "accumulated_operating_revenue_yoy": 94.2367774072798, 
        "accumulated_operating_revenue": 332613, 
        "long_term_average": 54637, 
        "date": "2013-06-30", 
        "operating_revenue": 59555, 
        "short_term_average": 55549
    }, 
    {
        "accumulated_operating_revenue_yoy": 89.1447141321393, 
        "accumulated_operating_revenue": 383559, 
        "long_term_average": 56254, 
        "date": "2013-07-31", 
        "operating_revenue": 50946, 
        "short_term_average": 57560
    }, 
    {
        "accumulated_operating_revenue_yoy": 77.04810095714198, 
        "accumulated_operating_revenue": 435618, 
        "long_term_average": 56987, 
        "date": "2013-08-31", 
        "operating_revenue": 52059, 
        "short_term_average": 54186
    }, 
    {
        "accumulated_operating_revenue_yoy": 58.45308714852053, 
        "accumulated_operating_revenue": 491222, 
        "long_term_average": 56290, 
        "date": "2013-09-30", 
        "operating_revenue": 55604, 
        "short_term_average": 52869
    }, 
    {
        "accumulated_operating_revenue_yoy": 51.92369793527184, 
        "accumulated_operating_revenue": 531619, 
        "long_term_average": 56331, 
        "date": "2013-10-31", 
        "operating_revenue": 40397, 
        "short_term_average": 49353
    }, 
    {
        "accumulated_operating_revenue_yoy": 49.37086541422852, 
        "accumulated_operating_revenue": 606259, 
        "long_term_average": 57888, 
        "date": "2013-11-30", 
        "operating_revenue": 74640, 
        "short_term_average": 56880
    }, 
    {
        "accumulated_operating_revenue_yoy": 34.75243738860036, 
        "accumulated_operating_revenue": 666053, 
        "long_term_average": 55504, 
        "date": "2013-12-31", 
        "operating_revenue": 59794, 
        "short_term_average": 58277
    }, 
    {
        "accumulated_operating_revenue_yoy": 43.523734528640944, 
        "accumulated_operating_revenue": 71083, 
        "long_term_average": 57300, 
        "date": "2014-01-31", 
        "operating_revenue": 71083, 
        "short_term_average": 68505
    }, 
    {
        "accumulated_operating_revenue_yoy": -8.652319552149773, 
        "accumulated_operating_revenue": 99537, 
        "long_term_average": 54718, 
        "date": "2014-02-28", 
        "operating_revenue": 28454, 
        "short_term_average": 53110
    }, 
    {
        "accumulated_operating_revenue_yoy": -17.82533771977393, 
        "accumulated_operating_revenue": 136382, 
        "long_term_average": 53039, 
        "date": "2014-03-31", 
        "operating_revenue": 36845, 
        "short_term_average": 45460
    }, 
    {
        "accumulated_operating_revenue_yoy": -10.141834891098688, 
        "accumulated_operating_revenue": 189492, 
        "long_term_average": 53722, 
        "date": "2014-04-30", 
        "operating_revenue": 53110, 
        "short_term_average": 39469
    }, 
    {
        "accumulated_operating_revenue_yoy": -9.619201781306536, 
        "accumulated_operating_revenue": 246792, 
        "long_term_average": 53315, 
        "date": "2014-05-31", 
        "operating_revenue": 57300, 
        "short_term_average": 49085
    }, 
    {
        "accumulated_operating_revenue_yoy": -11.833572349848023, 
        "accumulated_operating_revenue": 293253, 
        "long_term_average": 52224, 
        "date": "2014-06-30", 
        "operating_revenue": 46461, 
        "short_term_average": 52290
    }, 
    {
        "accumulated_operating_revenue_yoy": -10.04356565743471, 
        "accumulated_operating_revenue": 345036, 
        "long_term_average": 52294, 
        "date": "2014-07-31", 
        "operating_revenue": 51783, 
        "short_term_average": 51848
    }, 
    {
        "accumulated_operating_revenue_yoy": -3.038901055511939, 
        "accumulated_operating_revenue": 422380, 
        "long_term_average": 54401, 
        "date": "2014-08-31", 
        "operating_revenue": 77344, 
        "short_term_average": 58529
    }, 
    {
        "accumulated_operating_revenue_yoy": -2.466501907487857, 
        "accumulated_operating_revenue": 479106, 
        "long_term_average": 54494, 
        "date": "2014-09-30", 
        "operating_revenue": 56726, 
        "short_term_average": 61951
    }, 
    {
        "accumulated_operating_revenue_yoy": 8.0561454726035, 
        "accumulated_operating_revenue": 574447, 
        "long_term_average": 59073, 
        "date": "2014-10-31", 
        "operating_revenue": 95341, 
        "short_term_average": 76470
    }, 
    {
        "accumulated_operating_revenue_yoy": 12.69671872912402, 
        "accumulated_operating_revenue": 683234, 
        "long_term_average": 61919, 
        "date": "2014-11-30", 
        "operating_revenue": 108787, 
        "short_term_average": 86951
    }, 
    {
        "accumulated_operating_revenue_yoy": 20.606768530432262, 
        "accumulated_operating_revenue": 803305, 
        "long_term_average": 66942, 
        "date": "2014-12-31", 
        "operating_revenue": 120071, 
        "short_term_average": 108066
    }, 
    {
        "accumulated_operating_revenue_yoy": 44.56058410590437, 
        "accumulated_operating_revenue": 102758, 
        "long_term_average": 69581, 
        "date": "2015-01-31", 
        "operating_revenue": 102758, 
        "short_term_average": 110538
    }, 
    {
        "accumulated_operating_revenue_yoy": 64.05256336839568, 
        "accumulated_operating_revenue": 163293, 
        "long_term_average": 72255, 
        "date": "2015-02-28", 
        "operating_revenue": 60535, 
        "short_term_average": 94454
    }, 
    {
        "accumulated_operating_revenue_yoy": 109.09650833687729, 
        "accumulated_operating_revenue": 285170, 
        "long_term_average": 79341, 
        "date": "2015-03-31", 
        "operating_revenue": 121877, 
        "short_term_average": 95056
    }, 
    {
        "accumulated_operating_revenue_yoy": 93.76068646697486, 
        "accumulated_operating_revenue": 367161, 
        "long_term_average": 81747, 
        "date": "2015-04-30", 
        "operating_revenue": 81991, 
        "short_term_average": 88134
    }, 
    {
        "accumulated_operating_revenue_yoy": 77.07340594508736, 
        "accumulated_operating_revenue": 437003, 
        "long_term_average": 82793, 
        "date": "2015-05-31", 
        "operating_revenue": 69842, 
        "short_term_average": 91236
    }, 
    {
        "accumulated_operating_revenue_yoy": 69.6156561058199, 
        "accumulated_operating_revenue": 497403, 
        "long_term_average": 83954, 
        "date": "2015-06-30", 
        "operating_revenue": 60400, 
        "short_term_average": 70744
    }, 
    {
        "accumulated_operating_revenue_yoy": 63.92260517743076, 
        "accumulated_operating_revenue": 565592, 
        "long_term_average": 85321, 
        "date": "2015-07-31", 
        "operating_revenue": 68189, 
        "short_term_average": 66143
    }, 
    {
        "accumulated_operating_revenue_yoy": 56.092144514418294, 
        "accumulated_operating_revenue": 659302, 
        "long_term_average": 86685, 
        "date": "2015-08-31", 
        "operating_revenue": 93710, 
        "short_term_average": 74099
    }
]