[
    {
        "date": "2011-09-30", 
        "operating_revenue": 194376, 
        "accumulated_operating_revenue": 194376, 
        "long_term_average": 194376, 
        "short_term_average": 194376
    }, 
    {
        "date": "2011-10-31", 
        "operating_revenue": 194658, 
        "accumulated_operating_revenue": 389034, 
        "long_term_average": 194517, 
        "short_term_average": 194517
    }, 
    {
        "date": "2011-11-30", 
        "operating_revenue": 216111, 
        "accumulated_operating_revenue": 605145, 
        "long_term_average": 201715, 
        "short_term_average": 201715
    }, 
    {
        "date": "2011-12-31", 
        "operating_revenue": 221554, 
        "accumulated_operating_revenue": 826699, 
        "long_term_average": 206674, 
        "short_term_average": 210774
    }, 
    {
        "date": "2012-01-31", 
        "operating_revenue": 226174, 
        "accumulated_operating_revenue": 226174, 
        "long_term_average": 210574, 
        "short_term_average": 221279
    }, 
    {
        "date": "2012-02-29", 
        "operating_revenue": 256307, 
        "accumulated_operating_revenue": 482481, 
        "long_term_average": 218196, 
        "short_term_average": 234678
    }, 
    {
        "date": "2012-03-31", 
        "operating_revenue": 301771, 
        "accumulated_operating_revenue": 784252, 
        "long_term_average": 230135, 
        "short_term_average": 261417
    }, 
    {
        "date": "2012-04-30", 
        "operating_revenue": 300851, 
        "accumulated_operating_revenue": 1085103, 
        "long_term_average": 238975, 
        "short_term_average": 286309
    }, 
    {
        "date": "2012-05-31", 
        "operating_revenue": 300851, 
        "accumulated_operating_revenue": 1385954, 
        "long_term_average": 245850, 
        "short_term_average": 301157
    }, 
    {
        "date": "2012-06-30", 
        "operating_revenue": 270391, 
        "accumulated_operating_revenue": 1656345, 
        "long_term_average": 248304, 
        "short_term_average": 290697
    }, 
    {
        "date": "2012-07-31", 
        "operating_revenue": 273413, 
        "accumulated_operating_revenue": 1929758, 
        "long_term_average": 250587, 
        "short_term_average": 281551
    }, 
    {
        "date": "2012-08-31", 
        "operating_revenue": 296517, 
        "accumulated_operating_revenue": 2226275, 
        "long_term_average": 254414, 
        "short_term_average": 280107
    }, 
    {
        "accumulated_operating_revenue_yoy": 1201.2352348026504, 
        "accumulated_operating_revenue": 2529289, 
        "long_term_average": 263467, 
        "date": "2012-09-30", 
        "operating_revenue": 303014, 
        "short_term_average": 290981
    }, 
    {
        "accumulated_operating_revenue_yoy": 609.3225784892837, 
        "accumulated_operating_revenue": 2759506, 
        "long_term_average": 266430, 
        "date": "2012-10-31", 
        "operating_revenue": 230217, 
        "short_term_average": 276582
    }, 
    {
        "accumulated_operating_revenue_yoy": 392.9597038726256, 
        "accumulated_operating_revenue": 2983121, 
        "long_term_average": 267056, 
        "date": "2012-11-30", 
        "operating_revenue": 223615, 
        "short_term_average": 252282
    }, 
    {
        "accumulated_operating_revenue_yoy": 290.39650465284217, 
        "accumulated_operating_revenue": 3227404, 
        "long_term_average": 268950, 
        "date": "2012-12-31", 
        "operating_revenue": 244283, 
        "short_term_average": 232705
    }, 
    {
        "accumulated_operating_revenue_yoy": 21.04353285523535, 
        "accumulated_operating_revenue": 273769, 
        "long_term_average": 272916, 
        "date": "2013-01-31", 
        "operating_revenue": 273769, 
        "short_term_average": 247222
    }, 
    {
        "accumulated_operating_revenue_yoy": -1.2597387254627643, 
        "accumulated_operating_revenue": 476403, 
        "long_term_average": 268443, 
        "date": "2013-02-28", 
        "operating_revenue": 202634, 
        "short_term_average": 240228
    }, 
    {
        "accumulated_operating_revenue_yoy": -6.193289911916068, 
        "accumulated_operating_revenue": 735681, 
        "long_term_average": 264902, 
        "date": "2013-03-31", 
        "operating_revenue": 259278, 
        "short_term_average": 245227
    }, 
    {
        "accumulated_operating_revenue_yoy": -9.29128386890461, 
        "accumulated_operating_revenue": 984283, 
        "long_term_average": 260548, 
        "date": "2013-04-30", 
        "operating_revenue": 248602, 
        "short_term_average": 236838
    }, 
    {
        "accumulated_operating_revenue_yoy": -12.231646937777157, 
        "accumulated_operating_revenue": 1216429, 
        "long_term_average": 254823, 
        "date": "2013-05-31", 
        "operating_revenue": 232146, 
        "short_term_average": 246675
    }, 
    {
        "accumulated_operating_revenue_yoy": -13.228041259520209, 
        "accumulated_operating_revenue": 1437243, 
        "long_term_average": 250691, 
        "date": "2013-06-30", 
        "operating_revenue": 220814, 
        "short_term_average": 233854
    }, 
    {
        "accumulated_operating_revenue_yoy": -14.055544788517524, 
        "accumulated_operating_revenue": 1658520, 
        "long_term_average": 246347, 
        "date": "2013-07-31", 
        "operating_revenue": 221277, 
        "short_term_average": 224745
    }, 
    {
        "accumulated_operating_revenue_yoy": -13.746280221446138, 
        "accumulated_operating_revenue": 1920245, 
        "long_term_average": 243447, 
        "date": "2013-08-31", 
        "operating_revenue": 261725, 
        "short_term_average": 234605
    }, 
    {
        "accumulated_operating_revenue_yoy": -13.962659071383301, 
        "accumulated_operating_revenue": 2176133, 
        "long_term_average": 239520, 
        "date": "2013-09-30", 
        "operating_revenue": 255888, 
        "short_term_average": 246296
    }, 
    {
        "accumulated_operating_revenue_yoy": -12.264187865509262, 
        "accumulated_operating_revenue": 2421075, 
        "long_term_average": 240747, 
        "date": "2013-10-31", 
        "operating_revenue": 244942, 
        "short_term_average": 254185
    }, 
    {
        "accumulated_operating_revenue_yoy": -11.78205644357034, 
        "accumulated_operating_revenue": 2631648, 
        "long_term_average": 239660, 
        "date": "2013-11-30", 
        "operating_revenue": 210573, 
        "short_term_average": 237134
    }, 
    {
        "accumulated_operating_revenue_yoy": -10.96110062452671, 
        "accumulated_operating_revenue": 2873645, 
        "long_term_average": 239470, 
        "date": "2013-12-31", 
        "operating_revenue": 241997, 
        "short_term_average": 232504
    }, 
    {
        "accumulated_operating_revenue_yoy": 0.12674919366327086, 
        "accumulated_operating_revenue": 274116, 
        "long_term_average": 239499, 
        "date": "2014-01-31", 
        "operating_revenue": 274116, 
        "short_term_average": 242228
    }, 
    {
        "accumulated_operating_revenue_yoy": 2.185964404086456, 
        "accumulated_operating_revenue": 486817, 
        "long_term_average": 240338, 
        "date": "2014-02-28", 
        "operating_revenue": 212701, 
        "short_term_average": 242938
    }, 
    {
        "accumulated_operating_revenue_yoy": 2.4134101601101565, 
        "accumulated_operating_revenue": 753436, 
        "long_term_average": 240950, 
        "date": "2014-03-31", 
        "operating_revenue": 266619, 
        "short_term_average": 251145
    }, 
    {
        "accumulated_operating_revenue_yoy": 1.996681848614677, 
        "accumulated_operating_revenue": 1003936, 
        "long_term_average": 241108, 
        "date": "2014-04-30", 
        "operating_revenue": 250500, 
        "short_term_average": 243273
    }, 
    {
        "accumulated_operating_revenue_yoy": 4.835300703945729, 
        "accumulated_operating_revenue": 1275247, 
        "long_term_average": 244371, 
        "date": "2014-05-31", 
        "operating_revenue": 271311, 
        "short_term_average": 262810
    }, 
    {
        "accumulated_operating_revenue_yoy": 5.70063656598084, 
        "accumulated_operating_revenue": 1519175, 
        "long_term_average": 246298, 
        "date": "2014-06-30", 
        "operating_revenue": 243928, 
        "short_term_average": 255246
    }, 
    {
        "accumulated_operating_revenue_yoy": 6.828135928418108, 
        "accumulated_operating_revenue": 1771766, 
        "long_term_average": 248907, 
        "date": "2014-07-31", 
        "operating_revenue": 252591, 
        "short_term_average": 255943
    }, 
    {
        "accumulated_operating_revenue_yoy": 4.349392916008114, 
        "accumulated_operating_revenue": 2003764, 
        "long_term_average": 246430, 
        "date": "2014-08-31", 
        "operating_revenue": 231998, 
        "short_term_average": 242839
    }, 
    {
        "accumulated_operating_revenue_yoy": 2.90703739155649, 
        "accumulated_operating_revenue": 2239394, 
        "long_term_average": 244742, 
        "date": "2014-09-30", 
        "operating_revenue": 235630, 
        "short_term_average": 240073
    }, 
    {
        "accumulated_operating_revenue_yoy": 2.26568776266741, 
        "accumulated_operating_revenue": 2475929, 
        "long_term_average": 244041, 
        "date": "2014-10-31", 
        "operating_revenue": 236535, 
        "short_term_average": 234721
    }, 
    {
        "accumulated_operating_revenue_yoy": 2.402334962730578, 
        "accumulated_operating_revenue": 2694869, 
        "long_term_average": 244738, 
        "date": "2014-11-30", 
        "operating_revenue": 218940, 
        "short_term_average": 230368
    }, 
    {
        "accumulated_operating_revenue_yoy": 1.3514543376095516, 
        "accumulated_operating_revenue": 2912481, 
        "long_term_average": 242706, 
        "date": "2014-12-31", 
        "operating_revenue": 217612, 
        "short_term_average": 224362
    }, 
    {
        "accumulated_operating_revenue_yoy": -13.467656028834508, 
        "accumulated_operating_revenue": 237199, 
        "long_term_average": 239630, 
        "date": "2015-01-31", 
        "operating_revenue": 237199, 
        "short_term_average": 224583
    }, 
    {
        "accumulated_operating_revenue_yoy": -9.32773506266215, 
        "accumulated_operating_revenue": 441408, 
        "long_term_average": 238922, 
        "date": "2015-02-28", 
        "operating_revenue": 204209, 
        "short_term_average": 219673
    }, 
    {
        "accumulated_operating_revenue_yoy": -8.281128058653954, 
        "accumulated_operating_revenue": 691043, 
        "long_term_average": 237507, 
        "date": "2015-03-31", 
        "operating_revenue": 249635, 
        "short_term_average": 230347
    }, 
    {
        "accumulated_operating_revenue_yoy": -10.499274854173972, 
        "accumulated_operating_revenue": 898530, 
        "long_term_average": 233922, 
        "date": "2015-04-30", 
        "operating_revenue": 207487, 
        "short_term_average": 220443
    }, 
    {
        "accumulated_operating_revenue_yoy": -12.415947655630635, 
        "accumulated_operating_revenue": 1116913, 
        "long_term_average": 229512, 
        "date": "2015-05-31", 
        "operating_revenue": 218383, 
        "short_term_average": 225168
    }, 
    {
        "accumulated_operating_revenue_yoy": -15.288100449256998, 
        "accumulated_operating_revenue": 1286922, 
        "long_term_average": 223352, 
        "date": "2015-06-30", 
        "operating_revenue": 170009, 
        "short_term_average": 198626
    }, 
    {
        "accumulated_operating_revenue_yoy": -17.484024414059192, 
        "accumulated_operating_revenue": 1461990, 
        "long_term_average": 216892, 
        "date": "2015-07-31", 
        "operating_revenue": 175068, 
        "short_term_average": 187820
    }, 
    {
        "accumulated_operating_revenue_yoy": -17.618991058827287, 
        "accumulated_operating_revenue": 1650721, 
        "long_term_average": 213286, 
        "date": "2015-08-31", 
        "operating_revenue": 188731, 
        "short_term_average": 177936
    }, 
    {
        "accumulated_operating_revenue_yoy": -17.139324299341695, 
        "accumulated_operating_revenue": 1855577, 
        "long_term_average": 210722, 
        "date": "2015-09-30", 
        "operating_revenue": 204856, 
        "short_term_average": 189551
    }
]