[
    {
        "date": "2012-01-31", 
        "operating_revenue": 875288, 
        "accumulated_operating_revenue": 875288, 
        "long_term_average": 875288, 
        "short_term_average": 875288
    }, 
    {
        "date": "2012-02-29", 
        "operating_revenue": 822497, 
        "accumulated_operating_revenue": 1697785, 
        "long_term_average": 848892, 
        "short_term_average": 848892
    }, 
    {
        "date": "2012-03-31", 
        "operating_revenue": 698968, 
        "accumulated_operating_revenue": 2396753, 
        "long_term_average": 798917, 
        "short_term_average": 798917
    }, 
    {
        "date": "2012-04-30", 
        "operating_revenue": 851180, 
        "accumulated_operating_revenue": 3247933, 
        "long_term_average": 811983, 
        "short_term_average": 790881
    }, 
    {
        "date": "2012-05-31", 
        "operating_revenue": 1392479, 
        "accumulated_operating_revenue": 4640412, 
        "long_term_average": 928082, 
        "short_term_average": 980875
    }, 
    {
        "date": "2012-06-30", 
        "operating_revenue": 1175344, 
        "accumulated_operating_revenue": 5815756, 
        "long_term_average": 969292, 
        "short_term_average": 1139667
    }, 
    {
        "date": "2012-07-31", 
        "operating_revenue": 1001841, 
        "accumulated_operating_revenue": 6817597, 
        "long_term_average": 973942, 
        "short_term_average": 1189888
    }, 
    {
        "date": "2012-08-31", 
        "operating_revenue": 763689, 
        "accumulated_operating_revenue": 7581286, 
        "long_term_average": 947660, 
        "short_term_average": 980291
    }, 
    {
        "date": "2012-09-30", 
        "operating_revenue": 842643, 
        "accumulated_operating_revenue": 8423929, 
        "long_term_average": 935992, 
        "short_term_average": 869391
    }, 
    {
        "date": "2012-10-31", 
        "operating_revenue": 777274, 
        "accumulated_operating_revenue": 9201203, 
        "long_term_average": 920120, 
        "short_term_average": 794535
    }, 
    {
        "date": "2012-11-30", 
        "operating_revenue": 762419, 
        "accumulated_operating_revenue": 9963622, 
        "long_term_average": 905783, 
        "short_term_average": 794112
    }, 
    {
        "date": "2012-12-31", 
        "operating_revenue": 771743, 
        "accumulated_operating_revenue": 10735365, 
        "long_term_average": 894613, 
        "short_term_average": 770478
    }, 
    {
        "accumulated_operating_revenue_yoy": -5.368061712259279, 
        "accumulated_operating_revenue": 828302, 
        "long_term_average": 890698, 
        "date": "2013-01-31", 
        "operating_revenue": 828302, 
        "short_term_average": 787488
    }, 
    {
        "accumulated_operating_revenue_yoy": 7.085938443324685, 
        "accumulated_operating_revenue": 1818089, 
        "long_term_average": 904639, 
        "date": "2013-02-28", 
        "operating_revenue": 989787, 
        "short_term_average": 863277
    }, 
    {
        "accumulated_operating_revenue_yoy": 14.531618402063124, 
        "accumulated_operating_revenue": 2745040, 
        "long_term_average": 923637, 
        "date": "2013-03-31", 
        "operating_revenue": 926951, 
        "short_term_average": 915013
    }, 
    {
        "accumulated_operating_revenue_yoy": 9.375870746102214, 
        "accumulated_operating_revenue": 3552455, 
        "long_term_average": 919990, 
        "date": "2013-04-30", 
        "operating_revenue": 807415, 
        "short_term_average": 908051
    }, 
    {
        "accumulated_operating_revenue_yoy": -5.6804007919986415, 
        "accumulated_operating_revenue": 4376818, 
        "long_term_average": 872647, 
        "date": "2013-05-31", 
        "operating_revenue": 824363, 
        "short_term_average": 852909
    }, 
    {
        "accumulated_operating_revenue_yoy": -9.648186753364481, 
        "accumulated_operating_revenue": 5254641, 
        "long_term_average": 847854, 
        "date": "2013-06-30", 
        "operating_revenue": 877823, 
        "short_term_average": 836533
    }, 
    {
        "accumulated_operating_revenue_yoy": -10.487434208856875, 
        "accumulated_operating_revenue": 6102606, 
        "long_term_average": 835031, 
        "date": "2013-07-31", 
        "operating_revenue": 847965, 
        "short_term_average": 850050
    }, 
    {
        "accumulated_operating_revenue_yoy": -7.589530325066223, 
        "accumulated_operating_revenue": 7005902, 
        "long_term_average": 846665, 
        "date": "2013-08-31", 
        "operating_revenue": 903296, 
        "short_term_average": 876361
    }, 
    {
        "accumulated_operating_revenue_yoy": -6.41980719448134, 
        "accumulated_operating_revenue": 7883129, 
        "long_term_average": 849547, 
        "date": "2013-09-30", 
        "operating_revenue": 877227, 
        "short_term_average": 876162
    }, 
    {
        "accumulated_operating_revenue_yoy": -4.622036922780641, 
        "accumulated_operating_revenue": 8775920, 
        "long_term_average": 859173, 
        "date": "2013-10-31", 
        "operating_revenue": 892791, 
        "short_term_average": 891104
    }, 
    {
        "accumulated_operating_revenue_yoy": -1.8282307377778886, 
        "accumulated_operating_revenue": 9781464, 
        "long_term_average": 879433, 
        "date": "2013-11-30", 
        "operating_revenue": 1005544, 
        "short_term_average": 925187
    }, 
    {
        "accumulated_operating_revenue_yoy": 2.8111014390288545, 
        "accumulated_operating_revenue": 11037147, 
        "long_term_average": 919762, 
        "date": "2013-12-31", 
        "operating_revenue": 1255683, 
        "short_term_average": 1051339
    }, 
    {
        "accumulated_operating_revenue_yoy": 75.34522432639304, 
        "accumulated_operating_revenue": 1452388, 
        "long_term_average": 971769, 
        "date": "2014-01-31", 
        "operating_revenue": 1452388, 
        "short_term_average": 1237871
    }, 
    {
        "accumulated_operating_revenue_yoy": 56.8911642939372, 
        "accumulated_operating_revenue": 2852421, 
        "long_term_average": 1005956, 
        "date": "2014-02-28", 
        "operating_revenue": 1400033, 
        "short_term_average": 1369368
    }, 
    {
        "accumulated_operating_revenue_yoy": 63.835681811558295, 
        "accumulated_operating_revenue": 4497355, 
        "long_term_average": 1065788, 
        "date": "2014-03-31", 
        "operating_revenue": 1644934, 
        "short_term_average": 1499118
    }, 
    {
        "accumulated_operating_revenue_yoy": 62.40749003154157, 
        "accumulated_operating_revenue": 5769453, 
        "long_term_average": 1104512, 
        "date": "2014-04-30", 
        "operating_revenue": 1272098, 
        "short_term_average": 1439021
    }, 
    {
        "accumulated_operating_revenue_yoy": 59.786379054372375, 
        "accumulated_operating_revenue": 6993559, 
        "long_term_average": 1137824, 
        "date": "2014-05-31", 
        "operating_revenue": 1224106, 
        "short_term_average": 1380379
    }, 
    {
        "accumulated_operating_revenue_yoy": 54.72594607319511, 
        "accumulated_operating_revenue": 8130293, 
        "long_term_average": 1159399, 
        "date": "2014-06-30", 
        "operating_revenue": 1136734, 
        "short_term_average": 1210979
    }, 
    {
        "accumulated_operating_revenue_yoy": 51.12837040438134, 
        "accumulated_operating_revenue": 9222769, 
        "long_term_average": 1179775, 
        "date": "2014-07-31", 
        "operating_revenue": 1092476, 
        "short_term_average": 1151105
    }, 
    {
        "accumulated_operating_revenue_yoy": 47.651123295758346, 
        "accumulated_operating_revenue": 10344293, 
        "long_term_average": 1197961, 
        "date": "2014-08-31", 
        "operating_revenue": 1121524, 
        "short_term_average": 1116911
    }, 
    {
        "accumulated_operating_revenue_yoy": 44.6667179999211, 
        "accumulated_operating_revenue": 11404264, 
        "long_term_average": 1213190, 
        "date": "2014-09-30", 
        "operating_revenue": 1059971, 
        "short_term_average": 1091323
    }, 
    {
        "accumulated_operating_revenue_yoy": 42.56582785622476, 
        "accumulated_operating_revenue": 12511463, 
        "long_term_average": 1231057, 
        "date": "2014-10-31", 
        "operating_revenue": 1107199, 
        "short_term_average": 1096231
    }, 
    {
        "accumulated_operating_revenue_yoy": 39.710855143974364, 
        "accumulated_operating_revenue": 13665767, 
        "long_term_average": 1243454, 
        "date": "2014-11-30", 
        "operating_revenue": 1154304, 
        "short_term_average": 1107158
    }, 
    {
        "accumulated_operating_revenue_yoy": 35.72920610733915, 
        "accumulated_operating_revenue": 14980632, 
        "long_term_average": 1248386, 
        "date": "2014-12-31", 
        "operating_revenue": 1314865, 
        "short_term_average": 1192122
    }, 
    {
        "accumulated_operating_revenue_yoy": -14.766646378240525, 
        "accumulated_operating_revenue": 1237919, 
        "long_term_average": 1230513, 
        "date": "2015-01-31", 
        "operating_revenue": 1237919, 
        "short_term_average": 1235696
    }, 
    {
        "accumulated_operating_revenue_yoy": -4.641916463242978, 
        "accumulated_operating_revenue": 2720014, 
        "long_term_average": 1237352, 
        "date": "2015-02-28", 
        "operating_revenue": 1482095, 
        "short_term_average": 1344959
    }, 
    {
        "accumulated_operating_revenue_yoy": -9.947380182351626, 
        "accumulated_operating_revenue": 4049986, 
        "long_term_average": 1211105, 
        "date": "2015-03-31", 
        "operating_revenue": 1329972, 
        "short_term_average": 1349995
    }, 
    {
        "accumulated_operating_revenue_yoy": -9.467916629184778, 
        "accumulated_operating_revenue": 5223206, 
        "long_term_average": 1202865, 
        "date": "2015-04-30", 
        "operating_revenue": 1173220, 
        "short_term_average": 1328429
    }, 
    {
        "accumulated_operating_revenue_yoy": -7.5270974335098915, 
        "accumulated_operating_revenue": 6467147, 
        "long_term_average": 1204518, 
        "date": "2015-05-31", 
        "operating_revenue": 1243941, 
        "short_term_average": 1249044
    }, 
    {
        "accumulated_operating_revenue_yoy": -6.594596283307379, 
        "accumulated_operating_revenue": 7594133, 
        "long_term_average": 1203706, 
        "date": "2015-06-30", 
        "operating_revenue": 1126986, 
        "short_term_average": 1181382
    }, 
    {
        "accumulated_operating_revenue_yoy": -4.885029647820519, 
        "accumulated_operating_revenue": 8772234, 
        "long_term_average": 1210841, 
        "date": "2015-07-31", 
        "operating_revenue": 1178101, 
        "short_term_average": 1183009
    }, 
    {
        "accumulated_operating_revenue_yoy": -2.429571552159244, 
        "accumulated_operating_revenue": 10092971, 
        "long_term_average": 1227442, 
        "date": "2015-08-31", 
        "operating_revenue": 1320737, 
        "short_term_average": 1208608
    }
]