[
    {
        "date": "2012-01-31", 
        "operating_revenue": 508036, 
        "accumulated_operating_revenue": 508036, 
        "long_term_average": 508036, 
        "short_term_average": 508036
    }, 
    {
        "date": "2012-02-29", 
        "operating_revenue": 530976, 
        "accumulated_operating_revenue": 1039012, 
        "long_term_average": 519506, 
        "short_term_average": 519506
    }, 
    {
        "date": "2012-03-31", 
        "operating_revenue": 717945, 
        "accumulated_operating_revenue": 1756957, 
        "long_term_average": 585652, 
        "short_term_average": 585652
    }, 
    {
        "date": "2012-04-30", 
        "operating_revenue": 751744, 
        "accumulated_operating_revenue": 2508701, 
        "long_term_average": 627175, 
        "short_term_average": 666888
    }, 
    {
        "date": "2012-05-31", 
        "operating_revenue": 699393, 
        "accumulated_operating_revenue": 3208094, 
        "long_term_average": 641618, 
        "short_term_average": 723027
    }, 
    {
        "date": "2012-06-30", 
        "operating_revenue": 563142, 
        "accumulated_operating_revenue": 3771236, 
        "long_term_average": 628539, 
        "short_term_average": 671426
    }, 
    {
        "date": "2012-07-31", 
        "operating_revenue": 662713, 
        "accumulated_operating_revenue": 4433949, 
        "long_term_average": 633421, 
        "short_term_average": 641749
    }, 
    {
        "date": "2012-08-31", 
        "operating_revenue": 675024, 
        "accumulated_operating_revenue": 5108973, 
        "long_term_average": 638621, 
        "short_term_average": 633626
    }, 
    {
        "date": "2012-09-30", 
        "operating_revenue": 735604, 
        "accumulated_operating_revenue": 5844577, 
        "long_term_average": 649397, 
        "short_term_average": 691113
    }, 
    {
        "date": "2012-10-31", 
        "operating_revenue": 717477, 
        "accumulated_operating_revenue": 6562054, 
        "long_term_average": 656205, 
        "short_term_average": 709368
    }, 
    {
        "date": "2012-11-30", 
        "operating_revenue": 603567, 
        "accumulated_operating_revenue": 7165621, 
        "long_term_average": 651420, 
        "short_term_average": 685549
    }, 
    {
        "date": "2012-12-31", 
        "operating_revenue": 551781, 
        "accumulated_operating_revenue": 7717402, 
        "long_term_average": 643116, 
        "short_term_average": 624275
    }, 
    {
        "accumulated_operating_revenue_yoy": 35.348479241628546, 
        "accumulated_operating_revenue": 687619, 
        "long_term_average": 658082, 
        "date": "2013-01-31", 
        "operating_revenue": 687619, 
        "short_term_average": 614322
    }, 
    {
        "accumulated_operating_revenue_yoy": 12.830265675468619, 
        "accumulated_operating_revenue": 1172320, 
        "long_term_average": 654225, 
        "date": "2013-02-28", 
        "operating_revenue": 484701, 
        "short_term_average": 574700
    }, 
    {
        "accumulated_operating_revenue_yoy": 0.961435026582893, 
        "accumulated_operating_revenue": 1773849, 
        "long_term_average": 644524, 
        "date": "2013-03-31", 
        "operating_revenue": 601529, 
        "short_term_average": 591283
    }, 
    {
        "accumulated_operating_revenue_yoy": -6.2068775832592245, 
        "accumulated_operating_revenue": 2352989, 
        "long_term_average": 630140, 
        "date": "2013-04-30", 
        "operating_revenue": 579140, 
        "short_term_average": 555123
    }, 
    {
        "accumulated_operating_revenue_yoy": -8.477307709811495, 
        "accumulated_operating_revenue": 2936134, 
        "long_term_average": 620453, 
        "date": "2013-05-31", 
        "operating_revenue": 583145, 
        "short_term_average": 587938
    }, 
    {
        "accumulated_operating_revenue_yoy": -7.7099656452155205, 
        "accumulated_operating_revenue": 3480475, 
        "long_term_average": 618886, 
        "date": "2013-06-30", 
        "operating_revenue": 544341, 
        "short_term_average": 568875
    }, 
    {
        "accumulated_operating_revenue_yoy": -8.498992658688676, 
        "accumulated_operating_revenue": 4057108, 
        "long_term_average": 611713, 
        "date": "2013-07-31", 
        "operating_revenue": 576633, 
        "short_term_average": 568039
    }, 
    {
        "accumulated_operating_revenue_yoy": -9.431778167549524, 
        "accumulated_operating_revenue": 4627106, 
        "long_term_average": 602961, 
        "date": "2013-08-31", 
        "operating_revenue": 569998, 
        "short_term_average": 563657
    }, 
    {
        "accumulated_operating_revenue_yoy": -10.657486418606513, 
        "accumulated_operating_revenue": 5221692, 
        "long_term_average": 591209, 
        "date": "2013-09-30", 
        "operating_revenue": 594586, 
        "short_term_average": 580405
    }, 
    {
        "accumulated_operating_revenue_yoy": -12.252672714976134, 
        "accumulated_operating_revenue": 5758027, 
        "long_term_average": 576114, 
        "date": "2013-10-31", 
        "operating_revenue": 536335, 
        "short_term_average": 566973
    }, 
    {
        "accumulated_operating_revenue_yoy": -12.020270120342676, 
        "accumulated_operating_revenue": 6304294, 
        "long_term_average": 571339, 
        "date": "2013-11-30", 
        "operating_revenue": 546267, 
        "short_term_average": 559062
    }, 
    {
        "accumulated_operating_revenue_yoy": -11.380721128690716, 
        "accumulated_operating_revenue": 6839106, 
        "long_term_average": 569925, 
        "date": "2013-12-31", 
        "operating_revenue": 534812, 
        "short_term_average": 539138
    }, 
    {
        "accumulated_operating_revenue_yoy": -21.69486299825921, 
        "accumulated_operating_revenue": 538441, 
        "long_term_average": 557494, 
        "date": "2014-01-31", 
        "operating_revenue": 538441, 
        "short_term_average": 539840
    }, 
    {
        "accumulated_operating_revenue_yoy": -16.33120649651972, 
        "accumulated_operating_revenue": 980866, 
        "long_term_average": 553971, 
        "date": "2014-02-28", 
        "operating_revenue": 442425, 
        "short_term_average": 505226
    }, 
    {
        "accumulated_operating_revenue_yoy": -11.637912809940417, 
        "accumulated_operating_revenue": 1567410, 
        "long_term_average": 552722, 
        "date": "2014-03-31", 
        "operating_revenue": 586544, 
        "short_term_average": 522470
    }, 
    {
        "accumulated_operating_revenue_yoy": -8.807860980225577, 
        "accumulated_operating_revenue": 2145741, 
        "long_term_average": 552654, 
        "date": "2014-04-30", 
        "operating_revenue": 578331, 
        "short_term_average": 535766
    }, 
    {
        "accumulated_operating_revenue_yoy": -8.580534812103261, 
        "accumulated_operating_revenue": 2684198, 
        "long_term_average": 548930, 
        "date": "2014-05-31", 
        "operating_revenue": 538457, 
        "short_term_average": 567777
    }, 
    {
        "accumulated_operating_revenue_yoy": -8.348889160243932, 
        "accumulated_operating_revenue": 3189894, 
        "long_term_average": 545710, 
        "date": "2014-06-30", 
        "operating_revenue": 505696, 
        "short_term_average": 540828
    }, 
    {
        "accumulated_operating_revenue_yoy": -7.187114565350491, 
        "accumulated_operating_revenue": 3765519, 
        "long_term_average": 545626, 
        "date": "2014-07-31", 
        "operating_revenue": 575625, 
        "short_term_average": 539926
    }, 
    {
        "accumulated_operating_revenue_yoy": -6.118986684117459, 
        "accumulated_operating_revenue": 4343974, 
        "long_term_average": 546331, 
        "date": "2014-08-31", 
        "operating_revenue": 578455, 
        "short_term_average": 553258
    }, 
    {
        "accumulated_operating_revenue_yoy": -5.892515299638508, 
        "accumulated_operating_revenue": 4914003, 
        "long_term_average": 544284, 
        "date": "2014-09-30", 
        "operating_revenue": 570029, 
        "short_term_average": 574703
    }, 
    {
        "accumulated_operating_revenue_yoy": -4.876514125411361, 
        "accumulated_operating_revenue": 5477236, 
        "long_term_average": 546526, 
        "date": "2014-10-31", 
        "operating_revenue": 563233, 
        "short_term_average": 570572
    }, 
    {
        "accumulated_operating_revenue_yoy": -4.783612566292118, 
        "accumulated_operating_revenue": 6002721, 
        "long_term_average": 544794, 
        "date": "2014-11-30", 
        "operating_revenue": 525485, 
        "short_term_average": 552915
    }, 
    {
        "accumulated_operating_revenue_yoy": -4.72438941580961, 
        "accumulated_operating_revenue": 6516000, 
        "long_term_average": 543000, 
        "date": "2014-12-31", 
        "operating_revenue": 513279, 
        "short_term_average": 533999
    }, 
    {
        "accumulated_operating_revenue_yoy": 0.5710932116982177, 
        "accumulated_operating_revenue": 541516, 
        "long_term_average": 543256, 
        "date": "2015-01-31", 
        "operating_revenue": 541516, 
        "short_term_average": 526760
    }, 
    {
        "accumulated_operating_revenue_yoy": -2.1279155358632065, 
        "accumulated_operating_revenue": 959994, 
        "long_term_average": 541260, 
        "date": "2015-02-28", 
        "operating_revenue": 418478, 
        "short_term_average": 491091
    }, 
    {
        "accumulated_operating_revenue_yoy": -4.683586298415858, 
        "accumulated_operating_revenue": 1493999, 
        "long_term_average": 536882, 
        "date": "2015-03-31", 
        "operating_revenue": 534005, 
        "short_term_average": 497999
    }, 
    {
        "accumulated_operating_revenue_yoy": -5.228030782839122, 
        "accumulated_operating_revenue": 2033561, 
        "long_term_average": 533651, 
        "date": "2015-04-30", 
        "operating_revenue": 539562, 
        "short_term_average": 497348
    }, 
    {
        "accumulated_operating_revenue_yoy": -7.469866231924768, 
        "accumulated_operating_revenue": 2483692, 
        "long_term_average": 526291, 
        "date": "2015-05-31", 
        "operating_revenue": 450131, 
        "short_term_average": 507899
    }, 
    {
        "accumulated_operating_revenue_yoy": -8.762077987544414, 
        "accumulated_operating_revenue": 2910393, 
        "long_term_average": 519708, 
        "date": "2015-06-30", 
        "operating_revenue": 426701, 
        "short_term_average": 472131
    }, 
    {
        "accumulated_operating_revenue_yoy": -9.771003678377403, 
        "accumulated_operating_revenue": 3397590, 
        "long_term_average": 512339, 
        "date": "2015-07-31", 
        "operating_revenue": 487197, 
        "short_term_average": 454676
    }, 
    {
        "accumulated_operating_revenue_yoy": -9.593911013279545, 
        "accumulated_operating_revenue": 3927217, 
        "long_term_average": 508270, 
        "date": "2015-08-31", 
        "operating_revenue": 529627, 
        "short_term_average": 481175
    }
]