[
    {
        "date": "2011-09-30", 
        "operating_revenue": 49602, 
        "accumulated_operating_revenue": 49602, 
        "long_term_average": 49602, 
        "short_term_average": 49602
    }, 
    {
        "date": "2011-10-31", 
        "operating_revenue": 54742, 
        "accumulated_operating_revenue": 104344, 
        "long_term_average": 52172, 
        "short_term_average": 52172
    }, 
    {
        "date": "2011-11-30", 
        "operating_revenue": 46178, 
        "accumulated_operating_revenue": 150522, 
        "long_term_average": 50174, 
        "short_term_average": 50174
    }, 
    {
        "date": "2011-12-31", 
        "operating_revenue": 57278, 
        "accumulated_operating_revenue": 207800, 
        "long_term_average": 51950, 
        "short_term_average": 52732
    }, 
    {
        "date": "2012-01-31", 
        "operating_revenue": 27194, 
        "accumulated_operating_revenue": 27194, 
        "long_term_average": 46998, 
        "short_term_average": 43550
    }, 
    {
        "date": "2012-02-29", 
        "operating_revenue": 83971, 
        "accumulated_operating_revenue": 111165, 
        "long_term_average": 53160, 
        "short_term_average": 56147
    }, 
    {
        "date": "2012-03-31", 
        "operating_revenue": 100020, 
        "accumulated_operating_revenue": 211185, 
        "long_term_average": 59855, 
        "short_term_average": 70395
    }, 
    {
        "date": "2012-04-30", 
        "operating_revenue": 68698, 
        "accumulated_operating_revenue": 279883, 
        "long_term_average": 60960, 
        "short_term_average": 84229
    }, 
    {
        "date": "2012-05-31", 
        "operating_revenue": 88440, 
        "accumulated_operating_revenue": 368323, 
        "long_term_average": 64013, 
        "short_term_average": 85719
    }, 
    {
        "date": "2012-06-30", 
        "operating_revenue": 74120, 
        "accumulated_operating_revenue": 442443, 
        "long_term_average": 65024, 
        "short_term_average": 77086
    }, 
    {
        "date": "2012-07-31", 
        "operating_revenue": 89715, 
        "accumulated_operating_revenue": 532158, 
        "long_term_average": 67268, 
        "short_term_average": 84091
    }, 
    {
        "date": "2012-08-31", 
        "operating_revenue": 79014, 
        "accumulated_operating_revenue": 611172, 
        "long_term_average": 68247, 
        "short_term_average": 80949
    }, 
    {
        "accumulated_operating_revenue_yoy": 1278.1218499254062, 
        "accumulated_operating_revenue": 683576, 
        "long_term_average": 70147, 
        "date": "2012-09-30", 
        "operating_revenue": 72404, 
        "short_term_average": 80377
    }, 
    {
        "accumulated_operating_revenue_yoy": 594.5497584911446, 
        "accumulated_operating_revenue": 724721, 
        "long_term_average": 69014, 
        "date": "2012-10-31", 
        "operating_revenue": 41145, 
        "short_term_average": 64187
    }, 
    {
        "accumulated_operating_revenue_yoy": 403.86322265183827, 
        "accumulated_operating_revenue": 758425, 
        "long_term_average": 67975, 
        "date": "2012-11-30", 
        "operating_revenue": 33704, 
        "short_term_average": 49084
    }, 
    {
        "accumulated_operating_revenue_yoy": 278.14581328200194, 
        "accumulated_operating_revenue": 785787, 
        "long_term_average": 65482, 
        "date": "2012-12-31", 
        "operating_revenue": 27362, 
        "short_term_average": 34070
    }, 
    {
        "accumulated_operating_revenue_yoy": -0.5773332352724866, 
        "accumulated_operating_revenue": 27037, 
        "long_term_average": 65469, 
        "date": "2013-01-31", 
        "operating_revenue": 27037, 
        "short_term_average": 29367
    }, 
    {
        "accumulated_operating_revenue_yoy": -56.876714793325235, 
        "accumulated_operating_revenue": 47938, 
        "long_term_average": 60213, 
        "date": "2013-02-28", 
        "operating_revenue": 20901, 
        "short_term_average": 25100
    }, 
    {
        "accumulated_operating_revenue_yoy": -66.73201221677675, 
        "accumulated_operating_revenue": 70257, 
        "long_term_average": 53738, 
        "date": "2013-03-31", 
        "operating_revenue": 22319, 
        "short_term_average": 23419
    }, 
    {
        "accumulated_operating_revenue_yoy": -68.5222039209241, 
        "accumulated_operating_revenue": 88101, 
        "long_term_average": 49500, 
        "date": "2013-04-30", 
        "operating_revenue": 17844, 
        "short_term_average": 20354
    }, 
    {
        "accumulated_operating_revenue_yoy": -70.28206221170007, 
        "accumulated_operating_revenue": 109458, 
        "long_term_average": 43910, 
        "date": "2013-05-31", 
        "operating_revenue": 21357, 
        "short_term_average": 20506
    }, 
    {
        "accumulated_operating_revenue_yoy": -70.73317918918369, 
        "accumulated_operating_revenue": 129489, 
        "long_term_average": 39402, 
        "date": "2013-06-30", 
        "operating_revenue": 20031, 
        "short_term_average": 19744
    }, 
    {
        "accumulated_operating_revenue_yoy": -72.03556086726122, 
        "accumulated_operating_revenue": 148815, 
        "long_term_average": 33537, 
        "date": "2013-07-31", 
        "operating_revenue": 19326, 
        "short_term_average": 20238
    }, 
    {
        "accumulated_operating_revenue_yoy": -72.87212110502445, 
        "accumulated_operating_revenue": 165798, 
        "long_term_average": 28367, 
        "date": "2013-08-31", 
        "operating_revenue": 16983, 
        "short_term_average": 18780
    }, 
    {
        "accumulated_operating_revenue_yoy": -73.79179491380621, 
        "accumulated_operating_revenue": 179153, 
        "long_term_average": 23447, 
        "date": "2013-09-30", 
        "operating_revenue": 13355, 
        "short_term_average": 16554
    }, 
    {
        "accumulated_operating_revenue_yoy": -72.8679036484385, 
        "accumulated_operating_revenue": 196632, 
        "long_term_average": 21474, 
        "date": "2013-10-31", 
        "operating_revenue": 17479, 
        "short_term_average": 15939
    }, 
    {
        "accumulated_operating_revenue_yoy": -70.68160991528497, 
        "accumulated_operating_revenue": 222358, 
        "long_term_average": 20810, 
        "date": "2013-11-30", 
        "operating_revenue": 25726, 
        "short_term_average": 18853
    }, 
    {
        "accumulated_operating_revenue_yoy": -67.81303330291797, 
        "accumulated_operating_revenue": 252921, 
        "long_term_average": 21076, 
        "date": "2013-12-31", 
        "operating_revenue": 30563, 
        "short_term_average": 24589
    }, 
    {
        "accumulated_operating_revenue_yoy": -35.048267189407106, 
        "accumulated_operating_revenue": 17561, 
        "long_term_average": 20287, 
        "date": "2014-01-31", 
        "operating_revenue": 17561, 
        "short_term_average": 24616
    }, 
    {
        "accumulated_operating_revenue_yoy": -21.321289999582792, 
        "accumulated_operating_revenue": 37717, 
        "long_term_average": 20225, 
        "date": "2014-02-28", 
        "operating_revenue": 20156, 
        "short_term_average": 22760
    }, 
    {
        "accumulated_operating_revenue_yoy": -19.495566278093285, 
        "accumulated_operating_revenue": 56560, 
        "long_term_average": 19935, 
        "date": "2014-03-31", 
        "operating_revenue": 18843, 
        "short_term_average": 18853
    }, 
    {
        "accumulated_operating_revenue_yoy": -7.770626894132871, 
        "accumulated_operating_revenue": 81255, 
        "long_term_average": 20506, 
        "date": "2014-04-30", 
        "operating_revenue": 24695, 
        "short_term_average": 21231
    }, 
    {
        "accumulated_operating_revenue_yoy": -1.108187615341044, 
        "accumulated_operating_revenue": 108245, 
        "long_term_average": 20975, 
        "date": "2014-05-31", 
        "operating_revenue": 26990, 
        "short_term_average": 23509
    }, 
    {
        "accumulated_operating_revenue_yoy": -0.12665168469908641, 
        "accumulated_operating_revenue": 129325, 
        "long_term_average": 21063, 
        "date": "2014-06-30", 
        "operating_revenue": 21080, 
        "short_term_average": 24255
    }, 
    {
        "accumulated_operating_revenue_yoy": 1.5650304068810268, 
        "accumulated_operating_revenue": 151144, 
        "long_term_average": 21270, 
        "date": "2014-07-31", 
        "operating_revenue": 21819, 
        "short_term_average": 23296
    }, 
    {
        "accumulated_operating_revenue_yoy": 4.988600586255564, 
        "accumulated_operating_revenue": 174069, 
        "long_term_average": 21766, 
        "date": "2014-08-31", 
        "operating_revenue": 22925, 
        "short_term_average": 21941
    }, 
    {
        "accumulated_operating_revenue_yoy": 7.845807773244099, 
        "accumulated_operating_revenue": 193209, 
        "long_term_average": 22248, 
        "date": "2014-09-30", 
        "operating_revenue": 19140, 
        "short_term_average": 21294
    }, 
    {
        "accumulated_operating_revenue_yoy": 7.1600756743561575, 
        "accumulated_operating_revenue": 210711, 
        "long_term_average": 22250, 
        "date": "2014-10-31", 
        "operating_revenue": 17502, 
        "short_term_average": 19855
    }, 
    {
        "accumulated_operating_revenue_yoy": 0.4866026857590013, 
        "accumulated_operating_revenue": 223440, 
        "long_term_average": 21166, 
        "date": "2014-11-30", 
        "operating_revenue": 12729, 
        "short_term_average": 16457
    }, 
    {
        "accumulated_operating_revenue_yoy": -4.94937154289284, 
        "accumulated_operating_revenue": 240403, 
        "long_term_average": 20033, 
        "date": "2014-12-31", 
        "operating_revenue": 16963, 
        "short_term_average": 15731
    }, 
    {
        "accumulated_operating_revenue_yoy": -4.060133249814931, 
        "accumulated_operating_revenue": 16848, 
        "long_term_average": 19974, 
        "date": "2015-01-31", 
        "operating_revenue": 16848, 
        "short_term_average": 15513
    }, 
    {
        "accumulated_operating_revenue_yoy": -25.521648063207575, 
        "accumulated_operating_revenue": 28091, 
        "long_term_average": 19231, 
        "date": "2015-02-28", 
        "operating_revenue": 11243, 
        "short_term_average": 15018
    }, 
    {
        "accumulated_operating_revenue_yoy": -24.08062234794908, 
        "accumulated_operating_revenue": 42940, 
        "long_term_average": 18898, 
        "date": "2015-03-31", 
        "operating_revenue": 14849, 
        "short_term_average": 14313
    }, 
    {
        "accumulated_operating_revenue_yoy": -34.96031013476094, 
        "accumulated_operating_revenue": 52848, 
        "long_term_average": 17666, 
        "date": "2015-04-30", 
        "operating_revenue": 9908, 
        "short_term_average": 12000
    }, 
    {
        "accumulated_operating_revenue_yoy": -43.975241350639756, 
        "accumulated_operating_revenue": 60644, 
        "long_term_average": 16066, 
        "date": "2015-05-31", 
        "operating_revenue": 7796, 
        "short_term_average": 10851
    }, 
    {
        "accumulated_operating_revenue_yoy": -47.92422192151557, 
        "accumulated_operating_revenue": 67347, 
        "long_term_average": 14868, 
        "date": "2015-06-30", 
        "operating_revenue": 6703, 
        "short_term_average": 8135
    }, 
    {
        "accumulated_operating_revenue_yoy": -51.39866617265654, 
        "accumulated_operating_revenue": 73458, 
        "long_term_average": 13559, 
        "date": "2015-07-31", 
        "operating_revenue": 6111, 
        "short_term_average": 6870
    }, 
    {
        "accumulated_operating_revenue_yoy": -57.137686779380594, 
        "accumulated_operating_revenue": 74610, 
        "long_term_average": 11745, 
        "date": "2015-08-31", 
        "operating_revenue": 1152, 
        "short_term_average": 4655
    }, 
    {
        "accumulated_operating_revenue_yoy": -61.185555538303085, 
        "accumulated_operating_revenue": 74993, 
        "long_term_average": 10182, 
        "date": "2015-09-30", 
        "operating_revenue": 383, 
        "short_term_average": 2548
    }, 
    {
        "accumulated_operating_revenue_yoy": -64.34500334581489, 
        "accumulated_operating_revenue": 75129, 
        "long_term_average": 8735, 
        "date": "2015-10-31", 
        "operating_revenue": 136, 
        "short_term_average": 557
    }
]