[
    {
        "date": "2011-09-30", 
        "operating_revenue": 1218574, 
        "accumulated_operating_revenue": 1218574, 
        "long_term_average": 1218574, 
        "short_term_average": 1218574
    }, 
    {
        "date": "2011-10-31", 
        "operating_revenue": 880746, 
        "accumulated_operating_revenue": 2099320, 
        "long_term_average": 1049660, 
        "short_term_average": 1049660
    }, 
    {
        "date": "2011-11-30", 
        "operating_revenue": 689221, 
        "accumulated_operating_revenue": 2788541, 
        "long_term_average": 929513, 
        "short_term_average": 929513
    }, 
    {
        "date": "2011-12-31", 
        "operating_revenue": 730965, 
        "accumulated_operating_revenue": 3519506, 
        "long_term_average": 879876, 
        "short_term_average": 766977
    }, 
    {
        "date": "2012-01-31", 
        "operating_revenue": 593809, 
        "accumulated_operating_revenue": 593809, 
        "long_term_average": 822663, 
        "short_term_average": 671331
    }, 
    {
        "date": "2012-02-29", 
        "operating_revenue": 690806, 
        "accumulated_operating_revenue": 1284615, 
        "long_term_average": 800686, 
        "short_term_average": 671860
    }, 
    {
        "date": "2012-03-31", 
        "operating_revenue": 815585, 
        "accumulated_operating_revenue": 2100200, 
        "long_term_average": 802815, 
        "short_term_average": 700066
    }, 
    {
        "date": "2012-04-30", 
        "operating_revenue": 1735004, 
        "accumulated_operating_revenue": 3835204, 
        "long_term_average": 919338, 
        "short_term_average": 1080465
    }, 
    {
        "date": "2012-05-31", 
        "operating_revenue": 2110090, 
        "accumulated_operating_revenue": 5945294, 
        "long_term_average": 1051644, 
        "short_term_average": 1553559
    }, 
    {
        "date": "2012-06-30", 
        "operating_revenue": 2256720, 
        "accumulated_operating_revenue": 8202014, 
        "long_term_average": 1172152, 
        "short_term_average": 2033938
    }, 
    {
        "date": "2012-07-31", 
        "operating_revenue": 1837127, 
        "accumulated_operating_revenue": 10039141, 
        "long_term_average": 1232604, 
        "short_term_average": 2067979
    }, 
    {
        "date": "2012-08-31", 
        "operating_revenue": 1934192, 
        "accumulated_operating_revenue": 11973333, 
        "long_term_average": 1291069, 
        "short_term_average": 2009346
    }, 
    {
        "accumulated_operating_revenue_yoy": 1041.696688096086, 
        "accumulated_operating_revenue": 13912419, 
        "long_term_average": 1351112, 
        "date": "2012-09-30", 
        "operating_revenue": 1939086, 
        "short_term_average": 1903468
    }, 
    {
        "accumulated_operating_revenue_yoy": 639.9450298191796, 
        "accumulated_operating_revenue": 15533814, 
        "long_term_average": 1412833, 
        "date": "2012-10-31", 
        "operating_revenue": 1621395, 
        "short_term_average": 1831557
    }, 
    {
        "accumulated_operating_revenue_yoy": 519.400611287408, 
        "accumulated_operating_revenue": 17272240, 
        "long_term_average": 1500267, 
        "date": "2012-11-30", 
        "operating_revenue": 1738426, 
        "short_term_average": 1766302
    }, 
    {
        "accumulated_operating_revenue_yoy": 441.897271946688, 
        "accumulated_operating_revenue": 19072107, 
        "long_term_average": 1589342, 
        "date": "2012-12-31", 
        "operating_revenue": 1799867, 
        "short_term_average": 1719896
    }, 
    {
        "accumulated_operating_revenue_yoy": 173.45510088260704, 
        "accumulated_operating_revenue": 1623801, 
        "long_term_average": 1675174, 
        "date": "2013-01-31", 
        "operating_revenue": 1623801, 
        "short_term_average": 1720698
    }, 
    {
        "accumulated_operating_revenue_yoy": 146.8623673240621, 
        "accumulated_operating_revenue": 3171231, 
        "long_term_average": 1746560, 
        "date": "2013-02-28", 
        "operating_revenue": 1547430, 
        "short_term_average": 1657032
    }, 
    {
        "accumulated_operating_revenue_yoy": 133.86315588991525, 
        "accumulated_operating_revenue": 4911594, 
        "long_term_average": 1823625, 
        "date": "2013-03-31", 
        "operating_revenue": 1740363, 
        "short_term_average": 1637198
    }, 
    {
        "accumulated_operating_revenue_yoy": 72.56842139296893, 
        "accumulated_operating_revenue": 6618351, 
        "long_term_average": 1821271, 
        "date": "2013-04-30", 
        "operating_revenue": 1706757, 
        "short_term_average": 1664850
    }, 
    {
        "accumulated_operating_revenue_yoy": 40.94364382989302, 
        "accumulated_operating_revenue": 8379514, 
        "long_term_average": 1792193, 
        "date": "2013-05-31", 
        "operating_revenue": 1761163, 
        "short_term_average": 1736094
    }, 
    {
        "accumulated_operating_revenue_yoy": 25.038886790488284, 
        "accumulated_operating_revenue": 10255707, 
        "long_term_average": 1760483, 
        "date": "2013-06-30", 
        "operating_revenue": 1876193, 
        "short_term_average": 1781371
    }, 
    {
        "accumulated_operating_revenue_yoy": 20.914159886787125, 
        "accumulated_operating_revenue": 12138743, 
        "long_term_average": 1764309, 
        "date": "2013-07-31", 
        "operating_revenue": 1883036, 
        "short_term_average": 1840130
    }, 
    {
        "accumulated_operating_revenue_yoy": 20.6645217334221, 
        "accumulated_operating_revenue": 14447565, 
        "long_term_average": 1795528, 
        "date": "2013-08-31", 
        "operating_revenue": 2308822, 
        "short_term_average": 2022683
    }, 
    {
        "accumulated_operating_revenue_yoy": 17.494707426508647, 
        "accumulated_operating_revenue": 16346356, 
        "long_term_average": 1792170, 
        "date": "2013-09-30", 
        "operating_revenue": 1898791, 
        "short_term_average": 2030216
    }, 
    {
        "accumulated_operating_revenue_yoy": 17.400131094655826, 
        "accumulated_operating_revenue": 18236718, 
        "long_term_average": 1814584, 
        "date": "2013-10-31", 
        "operating_revenue": 1890362, 
        "short_term_average": 2032658
    }, 
    {
        "accumulated_operating_revenue_yoy": 16.7605765088952, 
        "accumulated_operating_revenue": 20167167, 
        "long_term_average": 1830586, 
        "date": "2013-11-30", 
        "operating_revenue": 1930449, 
        "short_term_average": 1906534
    }, 
    {
        "accumulated_operating_revenue_yoy": 16.467635170041778, 
        "accumulated_operating_revenue": 22212832, 
        "long_term_average": 1851069, 
        "date": "2013-12-31", 
        "operating_revenue": 2045665, 
        "short_term_average": 1955492
    }, 
    {
        "accumulated_operating_revenue_yoy": 12.985458193460897, 
        "accumulated_operating_revenue": 1834659, 
        "long_term_average": 1868640, 
        "date": "2014-01-31", 
        "operating_revenue": 1834659, 
        "short_term_average": 1936924
    }, 
    {
        "accumulated_operating_revenue_yoy": 26.612567800958047, 
        "accumulated_operating_revenue": 4015177, 
        "long_term_average": 1921398, 
        "date": "2014-02-28", 
        "operating_revenue": 2180518, 
        "short_term_average": 2020280
    }, 
    {
        "accumulated_operating_revenue_yoy": 29.22861702331259, 
        "accumulated_operating_revenue": 6347185, 
        "long_term_average": 1970701, 
        "date": "2014-03-31", 
        "operating_revenue": 2332008, 
        "short_term_average": 2115728
    }, 
    {
        "accumulated_operating_revenue_yoy": 31.79172576371365, 
        "accumulated_operating_revenue": 8722439, 
        "long_term_average": 2026410, 
        "date": "2014-04-30", 
        "operating_revenue": 2375254, 
        "short_term_average": 2295926
    }, 
    {
        "accumulated_operating_revenue_yoy": 32.50815023401118, 
        "accumulated_operating_revenue": 11103539, 
        "long_term_average": 2078071, 
        "date": "2014-05-31", 
        "operating_revenue": 2381100, 
        "short_term_average": 2362787
    }, 
    {
        "accumulated_operating_revenue_yoy": 32.44183945582689, 
        "accumulated_operating_revenue": 13582847, 
        "long_term_average": 2128331, 
        "date": "2014-06-30", 
        "operating_revenue": 2479308, 
        "short_term_average": 2411887
    }, 
    {
        "accumulated_operating_revenue_yoy": 30.46323659706775, 
        "accumulated_operating_revenue": 15836597, 
        "long_term_average": 2159223, 
        "date": "2014-07-31", 
        "operating_revenue": 2253750, 
        "short_term_average": 2371386
    }, 
    {
        "accumulated_operating_revenue_yoy": 24.986826499828865, 
        "accumulated_operating_revenue": 18057553, 
        "long_term_average": 2151901, 
        "date": "2014-08-31", 
        "operating_revenue": 2220956, 
        "short_term_average": 2318004
    }, 
    {
        "accumulated_operating_revenue_yoy": 25.791209979765522, 
        "accumulated_operating_revenue": 20562279, 
        "long_term_average": 2202396, 
        "date": "2014-09-30", 
        "operating_revenue": 2504726, 
        "short_term_average": 2326477
    }, 
    {
        "accumulated_operating_revenue_yoy": 26.193112159764713, 
        "accumulated_operating_revenue": 23013482, 
        "long_term_average": 2249133, 
        "date": "2014-10-31", 
        "operating_revenue": 2451203, 
        "short_term_average": 2392295
    }, 
    {
        "accumulated_operating_revenue_yoy": 25.934604498490042, 
        "accumulated_operating_revenue": 25397442, 
        "long_term_average": 2286925, 
        "date": "2014-11-30", 
        "operating_revenue": 2383960, 
        "short_term_average": 2446629
    }, 
    {
        "accumulated_operating_revenue_yoy": 25.537139973867358, 
        "accumulated_operating_revenue": 27885354, 
        "long_term_average": 2323779, 
        "date": "2014-12-31", 
        "operating_revenue": 2487912, 
        "short_term_average": 2441025
    }, 
    {
        "accumulated_operating_revenue_yoy": 30.393386454921593, 
        "accumulated_operating_revenue": 2392274, 
        "long_term_average": 2370247, 
        "date": "2015-01-31", 
        "operating_revenue": 2392274, 
        "short_term_average": 2421382
    }, 
    {
        "accumulated_operating_revenue_yoy": 12.656627590763744, 
        "accumulated_operating_revenue": 4523363, 
        "long_term_average": 2366128, 
        "date": "2015-02-28", 
        "operating_revenue": 2131089, 
        "short_term_average": 2337091
    }, 
    {
        "accumulated_operating_revenue_yoy": 7.092656035707168, 
        "accumulated_operating_revenue": 6797369, 
        "long_term_average": 2361294, 
        "date": "2015-03-31", 
        "operating_revenue": 2274006, 
        "short_term_average": 2265789
    }, 
    {
        "accumulated_operating_revenue_yoy": 3.8277711085167807, 
        "accumulated_operating_revenue": 9056314, 
        "long_term_average": 2351602, 
        "date": "2015-04-30", 
        "operating_revenue": 2258945, 
        "short_term_average": 2221346
    }, 
    {
        "accumulated_operating_revenue_yoy": 1.9618159579571883, 
        "accumulated_operating_revenue": 11321370, 
        "long_term_average": 2341932, 
        "date": "2015-05-31", 
        "operating_revenue": 2265056, 
        "short_term_average": 2266002
    }, 
    {
        "accumulated_operating_revenue_yoy": 2.4711461448398855, 
        "accumulated_operating_revenue": 13918499, 
        "long_term_average": 2351750, 
        "date": "2015-06-30", 
        "operating_revenue": 2597129, 
        "short_term_average": 2373710
    }, 
    {
        "accumulated_operating_revenue_yoy": 3.271643522910888, 
        "accumulated_operating_revenue": 16354714, 
        "long_term_average": 2366955, 
        "date": "2015-07-31", 
        "operating_revenue": 2436215, 
        "short_term_average": 2432800
    }, 
    {
        "accumulated_operating_revenue_yoy": 4.091800256657145, 
        "accumulated_operating_revenue": 18796432, 
        "long_term_average": 2385352, 
        "date": "2015-08-31", 
        "operating_revenue": 2441718, 
        "short_term_average": 2491687
    }
]