[
    {
        "date": "2011-09-30", 
        "operating_revenue": 185990, 
        "accumulated_operating_revenue": 185990, 
        "long_term_average": 185990, 
        "short_term_average": 185990
    }, 
    {
        "date": "2011-10-31", 
        "operating_revenue": 182432, 
        "accumulated_operating_revenue": 368422, 
        "long_term_average": 184211, 
        "short_term_average": 184211
    }, 
    {
        "date": "2011-11-30", 
        "operating_revenue": 218770, 
        "accumulated_operating_revenue": 587192, 
        "long_term_average": 195730, 
        "short_term_average": 195730
    }, 
    {
        "date": "2011-12-31", 
        "operating_revenue": 179575, 
        "accumulated_operating_revenue": 766767, 
        "long_term_average": 191691, 
        "short_term_average": 193592
    }, 
    {
        "date": "2012-01-31", 
        "operating_revenue": 172258, 
        "accumulated_operating_revenue": 172258, 
        "long_term_average": 187805, 
        "short_term_average": 190201
    }, 
    {
        "date": "2012-02-29", 
        "operating_revenue": 182164, 
        "accumulated_operating_revenue": 354422, 
        "long_term_average": 186864, 
        "short_term_average": 177999
    }, 
    {
        "date": "2012-03-31", 
        "operating_revenue": 177490, 
        "accumulated_operating_revenue": 531912, 
        "long_term_average": 185525, 
        "short_term_average": 177304
    }, 
    {
        "date": "2012-04-30", 
        "operating_revenue": 163296, 
        "accumulated_operating_revenue": 695208, 
        "long_term_average": 182746, 
        "short_term_average": 174316
    }, 
    {
        "date": "2012-05-31", 
        "operating_revenue": 211265, 
        "accumulated_operating_revenue": 906473, 
        "long_term_average": 185915, 
        "short_term_average": 184017
    }, 
    {
        "date": "2012-06-30", 
        "operating_revenue": 190996, 
        "accumulated_operating_revenue": 1097469, 
        "long_term_average": 186423, 
        "short_term_average": 188519
    }, 
    {
        "date": "2012-07-31", 
        "operating_revenue": 239776, 
        "accumulated_operating_revenue": 1337245, 
        "long_term_average": 191273, 
        "short_term_average": 214012
    }, 
    {
        "date": "2012-08-31", 
        "operating_revenue": 242561, 
        "accumulated_operating_revenue": 1579806, 
        "long_term_average": 195547, 
        "short_term_average": 224444
    }, 
    {
        "accumulated_operating_revenue_yoy": 855.7433195333083, 
        "accumulated_operating_revenue": 1777587, 
        "long_term_average": 196530, 
        "date": "2012-09-30", 
        "operating_revenue": 197781, 
        "short_term_average": 226706
    }, 
    {
        "accumulated_operating_revenue_yoy": 430.6167926996759, 
        "accumulated_operating_revenue": 1954909, 
        "long_term_average": 196104, 
        "date": "2012-10-31", 
        "operating_revenue": 177322, 
        "short_term_average": 205888
    }, 
    {
        "accumulated_operating_revenue_yoy": 263.24064360549875, 
        "accumulated_operating_revenue": 2132920, 
        "long_term_average": 192707, 
        "date": "2012-11-30", 
        "operating_revenue": 178011, 
        "short_term_average": 184371
    }, 
    {
        "accumulated_operating_revenue_yoy": 200.78667965627108, 
        "accumulated_operating_revenue": 2306333, 
        "long_term_average": 192194, 
        "date": "2012-12-31", 
        "operating_revenue": 173413, 
        "short_term_average": 176248
    }, 
    {
        "accumulated_operating_revenue_yoy": -0.7674534709563562, 
        "accumulated_operating_revenue": 170936, 
        "long_term_average": 192084, 
        "date": "2013-01-31", 
        "operating_revenue": 170936, 
        "short_term_average": 174120
    }, 
    {
        "accumulated_operating_revenue_yoy": -10.7490505668384, 
        "accumulated_operating_revenue": 316325, 
        "long_term_average": 189019, 
        "date": "2013-02-28", 
        "operating_revenue": 145389, 
        "short_term_average": 163246
    }, 
    {
        "accumulated_operating_revenue_yoy": -3.3588262720149196, 
        "accumulated_operating_revenue": 514046, 
        "long_term_average": 190705, 
        "date": "2013-03-31", 
        "operating_revenue": 197721, 
        "short_term_average": 171348
    }, 
    {
        "accumulated_operating_revenue_yoy": -0.678645815353103, 
        "accumulated_operating_revenue": 690490, 
        "long_term_average": 191801, 
        "date": "2013-04-30", 
        "operating_revenue": 176444, 
        "short_term_average": 173184
    }, 
    {
        "accumulated_operating_revenue_yoy": -0.5453003012775891, 
        "accumulated_operating_revenue": 901530, 
        "long_term_average": 191782, 
        "date": "2013-05-31", 
        "operating_revenue": 211040, 
        "short_term_average": 195068
    }, 
    {
        "accumulated_operating_revenue_yoy": 0.3753181183249823, 
        "accumulated_operating_revenue": 1101588, 
        "long_term_average": 192537, 
        "date": "2013-06-30", 
        "operating_revenue": 200058, 
        "short_term_average": 195847
    }, 
    {
        "accumulated_operating_revenue_yoy": -4.217626538143721, 
        "accumulated_operating_revenue": 1280845, 
        "long_term_average": 187494, 
        "date": "2013-07-31", 
        "operating_revenue": 179257, 
        "short_term_average": 196785
    }, 
    {
        "accumulated_operating_revenue_yoy": -5.969783631661103, 
        "accumulated_operating_revenue": 1485495, 
        "long_term_average": 184335, 
        "date": "2013-08-31", 
        "operating_revenue": 204650, 
        "short_term_average": 194655
    }, 
    {
        "accumulated_operating_revenue_yoy": -5.618515436937827, 
        "accumulated_operating_revenue": 1677713, 
        "long_term_average": 183871, 
        "date": "2013-09-30", 
        "operating_revenue": 192218, 
        "short_term_average": 192041
    }, 
    {
        "accumulated_operating_revenue_yoy": -4.716690137494891, 
        "accumulated_operating_revenue": 1862702, 
        "long_term_average": 184510, 
        "date": "2013-10-31", 
        "operating_revenue": 184989, 
        "short_term_average": 193952
    }, 
    {
        "accumulated_operating_revenue_yoy": -4.914342778913414, 
        "accumulated_operating_revenue": 2028101, 
        "long_term_average": 183459, 
        "date": "2013-11-30", 
        "operating_revenue": 165399, 
        "short_term_average": 180868
    }, 
    {
        "accumulated_operating_revenue_yoy": -5.936913706737059, 
        "accumulated_operating_revenue": 2169408, 
        "long_term_average": 180784, 
        "date": "2013-12-31", 
        "operating_revenue": 141307, 
        "short_term_average": 163898
    }, 
    {
        "accumulated_operating_revenue_yoy": -29.03191837880844, 
        "accumulated_operating_revenue": 121310, 
        "long_term_average": 176648, 
        "date": "2014-01-31", 
        "operating_revenue": 121310, 
        "short_term_average": 142672
    }, 
    {
        "accumulated_operating_revenue_yoy": -21.265470639374062, 
        "accumulated_operating_revenue": 249057, 
        "long_term_average": 175178, 
        "date": "2014-02-28", 
        "operating_revenue": 127747, 
        "short_term_average": 130121
    }, 
    {
        "accumulated_operating_revenue_yoy": -21.05278515930481, 
        "accumulated_operating_revenue": 405825, 
        "long_term_average": 171765, 
        "date": "2014-03-31", 
        "operating_revenue": 156768, 
        "short_term_average": 135275
    }, 
    {
        "accumulated_operating_revenue_yoy": -24.167185621804805, 
        "accumulated_operating_revenue": 523618, 
        "long_term_average": 166878, 
        "date": "2014-04-30", 
        "operating_revenue": 117793, 
        "short_term_average": 134102
    }, 
    {
        "accumulated_operating_revenue_yoy": -26.74054108016372, 
        "accumulated_operating_revenue": 660456, 
        "long_term_average": 160694, 
        "date": "2014-05-31", 
        "operating_revenue": 136838, 
        "short_term_average": 137133
    }, 
    {
        "accumulated_operating_revenue_yoy": -26.672857729023917, 
        "accumulated_operating_revenue": 807763, 
        "long_term_average": 156298, 
        "date": "2014-06-30", 
        "operating_revenue": 147307, 
        "short_term_average": 133979
    }, 
    {
        "accumulated_operating_revenue_yoy": -26.635229087048, 
        "accumulated_operating_revenue": 939689, 
        "long_term_average": 152354, 
        "date": "2014-07-31", 
        "operating_revenue": 131926, 
        "short_term_average": 138690
    }, 
    {
        "accumulated_operating_revenue_yoy": -25.40621139754762, 
        "accumulated_operating_revenue": 1108087, 
        "long_term_average": 149333, 
        "date": "2014-08-31", 
        "operating_revenue": 168398, 
        "short_term_average": 149210
    }, 
    {
        "accumulated_operating_revenue_yoy": -24.776764559850225, 
        "accumulated_operating_revenue": 1262030, 
        "long_term_average": 146143, 
        "date": "2014-09-30", 
        "operating_revenue": 153943, 
        "short_term_average": 151422
    }, 
    {
        "accumulated_operating_revenue_yoy": -25.125704487352245, 
        "accumulated_operating_revenue": 1394685, 
        "long_term_average": 141782, 
        "date": "2014-10-31", 
        "operating_revenue": 132655, 
        "short_term_average": 151665
    }, 
    {
        "accumulated_operating_revenue_yoy": -26.491086982354428, 
        "accumulated_operating_revenue": 1490835, 
        "long_term_average": 136011, 
        "date": "2014-11-30", 
        "operating_revenue": 96150, 
        "short_term_average": 127582
    }, 
    {
        "accumulated_operating_revenue_yoy": -24.679221243767884, 
        "accumulated_operating_revenue": 1634015, 
        "long_term_average": 136167, 
        "date": "2014-12-31", 
        "operating_revenue": 143180, 
        "short_term_average": 123995
    }, 
    {
        "accumulated_operating_revenue_yoy": -38.719808754430794, 
        "accumulated_operating_revenue": 74339, 
        "long_term_average": 132253, 
        "date": "2015-01-31", 
        "operating_revenue": 74339, 
        "short_term_average": 104556
    }, 
    {
        "accumulated_operating_revenue_yoy": -40.82117748146007, 
        "accumulated_operating_revenue": 147389, 
        "long_term_average": 127695, 
        "date": "2015-02-28", 
        "operating_revenue": 73050, 
        "short_term_average": 96856
    }, 
    {
        "accumulated_operating_revenue_yoy": -36.403622250970244, 
        "accumulated_operating_revenue": 258090, 
        "long_term_average": 123856, 
        "date": "2015-03-31", 
        "operating_revenue": 110701, 
        "short_term_average": 86030
    }, 
    {
        "accumulated_operating_revenue_yoy": -30.344449579655397, 
        "accumulated_operating_revenue": 364729, 
        "long_term_average": 122927, 
        "date": "2015-04-30", 
        "operating_revenue": 106639, 
        "short_term_average": 96796
    }, 
    {
        "accumulated_operating_revenue_yoy": -31.13394382063302, 
        "accumulated_operating_revenue": 454830, 
        "long_term_average": 119032, 
        "date": "2015-05-31", 
        "operating_revenue": 90101, 
        "short_term_average": 102480
    }, 
    {
        "accumulated_operating_revenue_yoy": -32.79786273944214, 
        "accumulated_operating_revenue": 542834, 
        "long_term_average": 114090, 
        "date": "2015-06-30", 
        "operating_revenue": 88004, 
        "short_term_average": 94914
    }, 
    {
        "accumulated_operating_revenue_yoy": -31.348350358469663, 
        "accumulated_operating_revenue": 645112, 
        "long_term_average": 111619, 
        "date": "2015-07-31", 
        "operating_revenue": 102278, 
        "short_term_average": 93461
    }, 
    {
        "accumulated_operating_revenue_yoy": -29.638647506919586, 
        "accumulated_operating_revenue": 779665, 
        "long_term_average": 108799, 
        "date": "2015-08-31", 
        "operating_revenue": 134553, 
        "short_term_average": 108278
    }
]