[
    {
        "date": "2012-01-31", 
        "operating_revenue": 19447, 
        "accumulated_operating_revenue": 19447, 
        "long_term_average": 19447, 
        "short_term_average": 19447
    }, 
    {
        "date": "2012-02-29", 
        "operating_revenue": 26485, 
        "accumulated_operating_revenue": 45932, 
        "long_term_average": 22966, 
        "short_term_average": 22966
    }, 
    {
        "date": "2012-03-31", 
        "operating_revenue": 46332, 
        "accumulated_operating_revenue": 92264, 
        "long_term_average": 30754, 
        "short_term_average": 30754
    }, 
    {
        "date": "2012-04-30", 
        "operating_revenue": 42746, 
        "accumulated_operating_revenue": 135010, 
        "long_term_average": 33752, 
        "short_term_average": 38521
    }, 
    {
        "date": "2012-05-31", 
        "operating_revenue": 38656, 
        "accumulated_operating_revenue": 173666, 
        "long_term_average": 34733, 
        "short_term_average": 42578
    }, 
    {
        "date": "2012-06-30", 
        "operating_revenue": 37553, 
        "accumulated_operating_revenue": 211219, 
        "long_term_average": 35203, 
        "short_term_average": 39651
    }, 
    {
        "date": "2012-07-31", 
        "operating_revenue": 36804, 
        "accumulated_operating_revenue": 248023, 
        "long_term_average": 35431, 
        "short_term_average": 37671
    }, 
    {
        "date": "2012-08-31", 
        "operating_revenue": 34070, 
        "accumulated_operating_revenue": 282093, 
        "long_term_average": 35261, 
        "short_term_average": 36142
    }, 
    {
        "date": "2012-09-30", 
        "operating_revenue": 34172, 
        "accumulated_operating_revenue": 316265, 
        "long_term_average": 35140, 
        "short_term_average": 35015
    }, 
    {
        "date": "2012-10-31", 
        "operating_revenue": 33853, 
        "accumulated_operating_revenue": 350118, 
        "long_term_average": 35011, 
        "short_term_average": 34031
    }, 
    {
        "date": "2012-11-30", 
        "operating_revenue": 31663, 
        "accumulated_operating_revenue": 381781, 
        "long_term_average": 34707, 
        "short_term_average": 33229
    }, 
    {
        "date": "2012-12-31", 
        "operating_revenue": 27147, 
        "accumulated_operating_revenue": 408928, 
        "long_term_average": 34077, 
        "short_term_average": 30887
    }, 
    {
        "accumulated_operating_revenue_yoy": 0.10284362626626214, 
        "accumulated_operating_revenue": 19467, 
        "long_term_average": 34079, 
        "date": "2013-01-31", 
        "operating_revenue": 19467, 
        "short_term_average": 26092
    }, 
    {
        "accumulated_operating_revenue_yoy": -11.74562396586258, 
        "accumulated_operating_revenue": 40537, 
        "long_term_average": 33627, 
        "date": "2013-02-28", 
        "operating_revenue": 21070, 
        "short_term_average": 22561
    }, 
    {
        "accumulated_operating_revenue_yoy": -23.52163357322466, 
        "accumulated_operating_revenue": 70562, 
        "long_term_average": 32268, 
        "date": "2013-03-31", 
        "operating_revenue": 30025, 
        "short_term_average": 23520
    }, 
    {
        "accumulated_operating_revenue_yoy": -22.842011702836825, 
        "accumulated_operating_revenue": 104171, 
        "long_term_average": 31507, 
        "date": "2013-04-30", 
        "operating_revenue": 33609, 
        "short_term_average": 28234
    }, 
    {
        "accumulated_operating_revenue_yoy": -19.66072806421522, 
        "accumulated_operating_revenue": 139522, 
        "long_term_average": 31232, 
        "date": "2013-05-31", 
        "operating_revenue": 35351, 
        "short_term_average": 32995
    }, 
    {
        "accumulated_operating_revenue_yoy": -17.966660196289162, 
        "accumulated_operating_revenue": 173270, 
        "long_term_average": 30914, 
        "date": "2013-06-30", 
        "operating_revenue": 33748, 
        "short_term_average": 34236
    }, 
    {
        "accumulated_operating_revenue_yoy": -15.197784076476777, 
        "accumulated_operating_revenue": 210329, 
        "long_term_average": 30936, 
        "date": "2013-07-31", 
        "operating_revenue": 37059, 
        "short_term_average": 35386
    }, 
    {
        "accumulated_operating_revenue_yoy": -15.761468735487941, 
        "accumulated_operating_revenue": 237631, 
        "long_term_average": 30372, 
        "date": "2013-08-31", 
        "operating_revenue": 27302, 
        "short_term_average": 32703
    }, 
    {
        "accumulated_operating_revenue_yoy": -14.937157130887071, 
        "accumulated_operating_revenue": 269024, 
        "long_term_average": 30140, 
        "date": "2013-09-30", 
        "operating_revenue": 31393, 
        "short_term_average": 31918
    }, 
    {
        "accumulated_operating_revenue_yoy": -15.413374919312917, 
        "accumulated_operating_revenue": 296153, 
        "long_term_average": 29580, 
        "date": "2013-10-31", 
        "operating_revenue": 27129, 
        "short_term_average": 28608
    }, 
    {
        "accumulated_operating_revenue_yoy": -14.941812190758577, 
        "accumulated_operating_revenue": 324736, 
        "long_term_average": 29323, 
        "date": "2013-11-30", 
        "operating_revenue": 28583, 
        "short_term_average": 29035
    }, 
    {
        "accumulated_operating_revenue_yoy": -13.324350496908991, 
        "accumulated_operating_revenue": 354441, 
        "long_term_average": 29536, 
        "date": "2013-12-31", 
        "operating_revenue": 29705, 
        "short_term_average": 28472
    }, 
    {
        "accumulated_operating_revenue_yoy": 7.294395643910207, 
        "accumulated_operating_revenue": 20887, 
        "long_term_average": 29655, 
        "date": "2014-01-31", 
        "operating_revenue": 20887, 
        "short_term_average": 26391
    }, 
    {
        "accumulated_operating_revenue_yoy": 5.126181019809064, 
        "accumulated_operating_revenue": 42615, 
        "long_term_average": 29709, 
        "date": "2014-02-28", 
        "operating_revenue": 21728, 
        "short_term_average": 24106
    }, 
    {
        "accumulated_operating_revenue_yoy": 6.768515631643093, 
        "accumulated_operating_revenue": 75338, 
        "long_term_average": 29934, 
        "date": "2014-03-31", 
        "operating_revenue": 32723, 
        "short_term_average": 25112
    }, 
    {
        "accumulated_operating_revenue_yoy": -2.027435658676599, 
        "accumulated_operating_revenue": 102059, 
        "long_term_average": 29360, 
        "date": "2014-04-30", 
        "operating_revenue": 26721, 
        "short_term_average": 27057
    }, 
    {
        "accumulated_operating_revenue_yoy": -3.0511317211622537, 
        "accumulated_operating_revenue": 135265, 
        "long_term_average": 29182, 
        "date": "2014-05-31", 
        "operating_revenue": 33206, 
        "short_term_average": 30883
    }, 
    {
        "accumulated_operating_revenue_yoy": -9.45287701275466, 
        "accumulated_operating_revenue": 156891, 
        "long_term_average": 28171, 
        "date": "2014-06-30", 
        "operating_revenue": 21626, 
        "short_term_average": 27184
    }, 
    {
        "accumulated_operating_revenue_yoy": -13.59108824745993, 
        "accumulated_operating_revenue": 181743, 
        "long_term_average": 27154, 
        "date": "2014-07-31", 
        "operating_revenue": 24852, 
        "short_term_average": 26561
    }, 
    {
        "accumulated_operating_revenue_yoy": -13.372834352420348, 
        "accumulated_operating_revenue": 205853, 
        "long_term_average": 26888, 
        "date": "2014-08-31", 
        "operating_revenue": 24110, 
        "short_term_average": 23529
    }, 
    {
        "accumulated_operating_revenue_yoy": -13.66234982752468, 
        "accumulated_operating_revenue": 232269, 
        "long_term_average": 26473, 
        "date": "2014-09-30", 
        "operating_revenue": 26416, 
        "short_term_average": 25126
    }, 
    {
        "accumulated_operating_revenue_yoy": -11.610890316829476, 
        "accumulated_operating_revenue": 261767, 
        "long_term_average": 26671, 
        "date": "2014-10-31", 
        "operating_revenue": 29498, 
        "short_term_average": 26674
    }, 
    {
        "accumulated_operating_revenue_yoy": -11.988199645250296, 
        "accumulated_operating_revenue": 285806, 
        "long_term_average": 26292, 
        "date": "2014-11-30", 
        "operating_revenue": 24039, 
        "short_term_average": 26651
    }, 
    {
        "accumulated_operating_revenue_yoy": -10.114236219850413, 
        "accumulated_operating_revenue": 318592, 
        "long_term_average": 26549, 
        "date": "2014-12-31", 
        "operating_revenue": 32786, 
        "short_term_average": 28774
    }, 
    {
        "accumulated_operating_revenue_yoy": 15.440225977880978, 
        "accumulated_operating_revenue": 24112, 
        "long_term_average": 26818, 
        "date": "2015-01-31", 
        "operating_revenue": 24112, 
        "short_term_average": 26979
    }, 
    {
        "accumulated_operating_revenue_yoy": -12.401736477766045, 
        "accumulated_operating_revenue": 37330, 
        "long_term_average": 26108, 
        "date": "2015-02-28", 
        "operating_revenue": 13218, 
        "short_term_average": 23372
    }, 
    {
        "accumulated_operating_revenue_yoy": -8.817595370198305, 
        "accumulated_operating_revenue": 68695, 
        "long_term_average": 25995, 
        "date": "2015-03-31", 
        "operating_revenue": 31365, 
        "short_term_average": 22898
    }, 
    {
        "accumulated_operating_revenue_yoy": -4.218148325968312, 
        "accumulated_operating_revenue": 97754, 
        "long_term_average": 26190, 
        "date": "2015-04-30", 
        "operating_revenue": 29059, 
        "short_term_average": 24547
    }, 
    {
        "accumulated_operating_revenue_yoy": -4.976897201789081, 
        "accumulated_operating_revenue": 128533, 
        "long_term_average": 25988, 
        "date": "2015-05-31", 
        "operating_revenue": 30779, 
        "short_term_average": 30401
    }, 
    {
        "accumulated_operating_revenue_yoy": -3.1282865173910555, 
        "accumulated_operating_revenue": 151983, 
        "long_term_average": 26140, 
        "date": "2015-06-30", 
        "operating_revenue": 23450, 
        "short_term_average": 27762
    }, 
    {
        "accumulated_operating_revenue_yoy": -1.947805417540153, 
        "accumulated_operating_revenue": 178203, 
        "long_term_average": 26254, 
        "date": "2015-07-31", 
        "operating_revenue": 26220, 
        "short_term_average": 26816
    }, 
    {
        "accumulated_operating_revenue_yoy": -1.0954418930013163, 
        "accumulated_operating_revenue": 203598, 
        "long_term_average": 26361, 
        "date": "2015-08-31", 
        "operating_revenue": 25395, 
        "short_term_average": 25021
    }
]