[
    {
        "date": "2011-09-30", 
        "operating_revenue": 201244, 
        "accumulated_operating_revenue": 201244, 
        "long_term_average": 201244, 
        "short_term_average": 201244
    }, 
    {
        "date": "2011-10-31", 
        "operating_revenue": 151852, 
        "accumulated_operating_revenue": 353096, 
        "long_term_average": 176548, 
        "short_term_average": 176548
    }, 
    {
        "date": "2011-11-30", 
        "operating_revenue": 190252, 
        "accumulated_operating_revenue": 543348, 
        "long_term_average": 181116, 
        "short_term_average": 181116
    }, 
    {
        "date": "2011-12-31", 
        "operating_revenue": 150298, 
        "accumulated_operating_revenue": 693646, 
        "long_term_average": 173411, 
        "short_term_average": 164134
    }, 
    {
        "date": "2012-01-31", 
        "operating_revenue": 126468, 
        "accumulated_operating_revenue": 126468, 
        "long_term_average": 164022, 
        "short_term_average": 155672
    }, 
    {
        "date": "2012-02-29", 
        "operating_revenue": 176608, 
        "accumulated_operating_revenue": 303076, 
        "long_term_average": 166120, 
        "short_term_average": 151124
    }, 
    {
        "date": "2012-03-31", 
        "operating_revenue": 206372, 
        "accumulated_operating_revenue": 509448, 
        "long_term_average": 171870, 
        "short_term_average": 169816
    }, 
    {
        "date": "2012-04-30", 
        "operating_revenue": 203842, 
        "accumulated_operating_revenue": 713290, 
        "long_term_average": 175867, 
        "short_term_average": 195607
    }, 
    {
        "date": "2012-05-31", 
        "operating_revenue": 211142, 
        "accumulated_operating_revenue": 924432, 
        "long_term_average": 179786, 
        "short_term_average": 207118
    }, 
    {
        "date": "2012-06-30", 
        "operating_revenue": 157601, 
        "accumulated_operating_revenue": 1082033, 
        "long_term_average": 177567, 
        "short_term_average": 190861
    }, 
    {
        "date": "2012-07-31", 
        "operating_revenue": 130494, 
        "accumulated_operating_revenue": 1212527, 
        "long_term_average": 173288, 
        "short_term_average": 166412
    }, 
    {
        "date": "2012-08-31", 
        "operating_revenue": 149942, 
        "accumulated_operating_revenue": 1362469, 
        "long_term_average": 171342, 
        "short_term_average": 146012
    }, 
    {
        "accumulated_operating_revenue_yoy": 639.488879171553, 
        "accumulated_operating_revenue": 1488177, 
        "long_term_average": 165048, 
        "date": "2012-09-30", 
        "operating_revenue": 125708, 
        "short_term_average": 135381
    }, 
    {
        "accumulated_operating_revenue_yoy": 358.68347418265853, 
        "accumulated_operating_revenue": 1619593, 
        "long_term_average": 163345, 
        "date": "2012-10-31", 
        "operating_revenue": 131416, 
        "short_term_average": 135688
    }, 
    {
        "accumulated_operating_revenue_yoy": 221.77002583979325, 
        "accumulated_operating_revenue": 1748331, 
        "long_term_average": 158219, 
        "date": "2012-11-30", 
        "operating_revenue": 128738, 
        "short_term_average": 128620
    }, 
    {
        "accumulated_operating_revenue_yoy": 170.00674695738172, 
        "accumulated_operating_revenue": 1872891, 
        "long_term_average": 156074, 
        "date": "2012-12-31", 
        "operating_revenue": 124560, 
        "short_term_average": 128238
    }, 
    {
        "accumulated_operating_revenue_yoy": 13.200967833760318, 
        "accumulated_operating_revenue": 143163, 
        "long_term_average": 157465, 
        "date": "2013-01-31", 
        "operating_revenue": 143163, 
        "short_term_average": 132153
    }, 
    {
        "accumulated_operating_revenue_yoy": -23.84814369993005, 
        "accumulated_operating_revenue": 230798, 
        "long_term_average": 150051, 
        "date": "2013-02-28", 
        "operating_revenue": 87635, 
        "short_term_average": 118452
    }, 
    {
        "accumulated_operating_revenue_yoy": -22.97329658767921, 
        "accumulated_operating_revenue": 392411, 
        "long_term_average": 146321, 
        "date": "2013-03-31", 
        "operating_revenue": 161613, 
        "short_term_average": 130803
    }, 
    {
        "accumulated_operating_revenue_yoy": -23.16925794557613, 
        "accumulated_operating_revenue": 548026, 
        "long_term_average": 142302, 
        "date": "2013-04-30", 
        "operating_revenue": 155615, 
        "short_term_average": 134954
    }, 
    {
        "accumulated_operating_revenue_yoy": -20.403880436852035, 
        "accumulated_operating_revenue": 735812, 
        "long_term_average": 140355, 
        "date": "2013-05-31", 
        "operating_revenue": 187786, 
        "short_term_average": 168338
    }, 
    {
        "accumulated_operating_revenue_yoy": -13.712798038507144, 
        "accumulated_operating_revenue": 933656, 
        "long_term_average": 143709, 
        "date": "2013-06-30", 
        "operating_revenue": 197844, 
        "short_term_average": 180415
    }, 
    {
        "accumulated_operating_revenue_yoy": -8.436925528256278, 
        "accumulated_operating_revenue": 1110227, 
        "long_term_average": 147549, 
        "date": "2013-07-31", 
        "operating_revenue": 176571, 
        "short_term_average": 187400
    }, 
    {
        "accumulated_operating_revenue_yoy": -5.275202591765391, 
        "accumulated_operating_revenue": 1290596, 
        "long_term_average": 150084, 
        "date": "2013-08-31", 
        "operating_revenue": 180369, 
        "short_term_average": 184928
    }, 
    {
        "accumulated_operating_revenue_yoy": -1.7684052367426724, 
        "accumulated_operating_revenue": 1461860, 
        "long_term_average": 153881, 
        "date": "2013-09-30", 
        "operating_revenue": 171264, 
        "short_term_average": 176068
    }, 
    {
        "accumulated_operating_revenue_yoy": 1.9405492614502533, 
        "accumulated_operating_revenue": 1651022, 
        "long_term_average": 158693, 
        "date": "2013-10-31", 
        "operating_revenue": 189162, 
        "short_term_average": 180265
    }, 
    {
        "accumulated_operating_revenue_yoy": 4.9556405509025465, 
        "accumulated_operating_revenue": 1834972, 
        "long_term_average": 163294, 
        "date": "2013-11-30", 
        "operating_revenue": 183950, 
        "short_term_average": 181458
    }, 
    {
        "accumulated_operating_revenue_yoy": 7.8297135284434605, 
        "accumulated_operating_revenue": 2019533, 
        "long_term_average": 168294, 
        "date": "2013-12-31", 
        "operating_revenue": 184561, 
        "short_term_average": 185891
    }, 
    {
        "accumulated_operating_revenue_yoy": -5.515391546698519, 
        "accumulated_operating_revenue": 135267, 
        "long_term_average": 167636, 
        "date": "2014-01-31", 
        "operating_revenue": 135267, 
        "short_term_average": 167926
    }, 
    {
        "accumulated_operating_revenue_yoy": 13.393530273225936, 
        "accumulated_operating_revenue": 261710, 
        "long_term_average": 170870, 
        "date": "2014-02-28", 
        "operating_revenue": 126443, 
        "short_term_average": 148757
    }, 
    {
        "accumulated_operating_revenue_yoy": 12.292978535260225, 
        "accumulated_operating_revenue": 440650, 
        "long_term_average": 172314, 
        "date": "2014-03-31", 
        "operating_revenue": 178940, 
        "short_term_average": 146883
    }, 
    {
        "accumulated_operating_revenue_yoy": 14.630692704360742, 
        "accumulated_operating_revenue": 628206, 
        "long_term_average": 174976, 
        "date": "2014-04-30", 
        "operating_revenue": 187556, 
        "short_term_average": 164313
    }, 
    {
        "accumulated_operating_revenue_yoy": 10.375204535941245, 
        "accumulated_operating_revenue": 812154, 
        "long_term_average": 174656, 
        "date": "2014-05-31", 
        "operating_revenue": 183948, 
        "short_term_average": 183481
    }, 
    {
        "accumulated_operating_revenue_yoy": 7.538215359832743, 
        "accumulated_operating_revenue": 1004037, 
        "long_term_average": 174159, 
        "date": "2014-06-30", 
        "operating_revenue": 191883, 
        "short_term_average": 187795
    }, 
    {
        "accumulated_operating_revenue_yoy": 6.924079490050233, 
        "accumulated_operating_revenue": 1187100, 
        "long_term_average": 174700, 
        "date": "2014-07-31", 
        "operating_revenue": 183063, 
        "short_term_average": 186298
    }, 
    {
        "accumulated_operating_revenue_yoy": 5.054099036414184, 
        "accumulated_operating_revenue": 1355824, 
        "long_term_average": 173730, 
        "date": "2014-08-31", 
        "operating_revenue": 168724, 
        "short_term_average": 181223
    }, 
    {
        "accumulated_operating_revenue_yoy": 6.247520282379981, 
        "accumulated_operating_revenue": 1553190, 
        "long_term_average": 175905, 
        "date": "2014-09-30", 
        "operating_revenue": 197366, 
        "short_term_average": 183051
    }, 
    {
        "accumulated_operating_revenue_yoy": 4.5104789639387, 
        "accumulated_operating_revenue": 1725491, 
        "long_term_average": 174500, 
        "date": "2014-10-31", 
        "operating_revenue": 172301, 
        "short_term_average": 179463
    }, 
    {
        "accumulated_operating_revenue_yoy": 3.8826750489925734, 
        "accumulated_operating_revenue": 1906218, 
        "long_term_average": 174231, 
        "date": "2014-11-30", 
        "operating_revenue": 180727, 
        "short_term_average": 183464
    }, 
    {
        "accumulated_operating_revenue_yoy": 4.602994850789762, 
        "accumulated_operating_revenue": 2112492, 
        "long_term_average": 176041, 
        "date": "2014-12-31", 
        "operating_revenue": 206274, 
        "short_term_average": 186434
    }, 
    {
        "accumulated_operating_revenue_yoy": 37.85254348806434, 
        "accumulated_operating_revenue": 186469, 
        "long_term_average": 180307, 
        "date": "2015-01-31", 
        "operating_revenue": 186469, 
        "short_term_average": 191156
    }, 
    {
        "accumulated_operating_revenue_yoy": 2.1947957663062168, 
        "accumulated_operating_revenue": 267454, 
        "long_term_average": 176519, 
        "date": "2015-02-28", 
        "operating_revenue": 80985, 
        "short_term_average": 157909
    }, 
    {
        "accumulated_operating_revenue_yoy": 6.999886531260638, 
        "accumulated_operating_revenue": 471495, 
        "long_term_average": 178611, 
        "date": "2015-03-31", 
        "operating_revenue": 204041, 
        "short_term_average": 157165
    }, 
    {
        "accumulated_operating_revenue_yoy": 4.8862952598351495, 
        "accumulated_operating_revenue": 658902, 
        "long_term_average": 178599, 
        "date": "2015-04-30", 
        "operating_revenue": 187407, 
        "short_term_average": 157477
    }, 
    {
        "accumulated_operating_revenue_yoy": 2.6487587329496622, 
        "accumulated_operating_revenue": 833666, 
        "long_term_average": 177833, 
        "date": "2015-05-31", 
        "operating_revenue": 174764, 
        "short_term_average": 188737
    }, 
    {
        "accumulated_operating_revenue_yoy": -0.1312700627566514, 
        "accumulated_operating_revenue": 1002719, 
        "long_term_average": 175931, 
        "date": "2015-06-30", 
        "operating_revenue": 169053, 
        "short_term_average": 177074
    }, 
    {
        "accumulated_operating_revenue_yoy": -1.443939011035296, 
        "accumulated_operating_revenue": 1169959, 
        "long_term_average": 174612, 
        "date": "2015-07-31", 
        "operating_revenue": 167240, 
        "short_term_average": 170352
    }, 
    {
        "accumulated_operating_revenue_yoy": -1.347372520327122, 
        "accumulated_operating_revenue": 1337556, 
        "long_term_average": 174518, 
        "date": "2015-08-31", 
        "operating_revenue": 167597, 
        "short_term_average": 167963
    }, 
    {
        "accumulated_operating_revenue_yoy": -4.192146485619918, 
        "accumulated_operating_revenue": 1488078, 
        "long_term_average": 170615, 
        "date": "2015-09-30", 
        "operating_revenue": 150522, 
        "short_term_average": 161786
    }, 
    {
        "accumulated_operating_revenue_yoy": -5.486148580317138, 
        "accumulated_operating_revenue": 1630828, 
        "long_term_average": 168152, 
        "date": "2015-10-31", 
        "operating_revenue": 142750, 
        "short_term_average": 153623
    }
]