[
    {
        "date": "2012-01-31", 
        "operating_revenue": 149158, 
        "accumulated_operating_revenue": 149158, 
        "long_term_average": 149158, 
        "short_term_average": 149158
    }, 
    {
        "date": "2012-02-29", 
        "operating_revenue": 143616, 
        "accumulated_operating_revenue": 292774, 
        "long_term_average": 146387, 
        "short_term_average": 146387
    }, 
    {
        "date": "2012-03-31", 
        "operating_revenue": 195499, 
        "accumulated_operating_revenue": 488273, 
        "long_term_average": 162757, 
        "short_term_average": 162757
    }, 
    {
        "date": "2012-04-30", 
        "operating_revenue": 143190, 
        "accumulated_operating_revenue": 631463, 
        "long_term_average": 157865, 
        "short_term_average": 160768
    }, 
    {
        "date": "2012-05-31", 
        "operating_revenue": 137696, 
        "accumulated_operating_revenue": 769159, 
        "long_term_average": 153831, 
        "short_term_average": 158795
    }, 
    {
        "date": "2012-06-30", 
        "operating_revenue": 157318, 
        "accumulated_operating_revenue": 926477, 
        "long_term_average": 154412, 
        "short_term_average": 146068
    }, 
    {
        "date": "2012-07-31", 
        "operating_revenue": 170097, 
        "accumulated_operating_revenue": 1096574, 
        "long_term_average": 156653, 
        "short_term_average": 155037
    }, 
    {
        "date": "2012-08-31", 
        "operating_revenue": 205674, 
        "accumulated_operating_revenue": 1302248, 
        "long_term_average": 162781, 
        "short_term_average": 177696
    }, 
    {
        "date": "2012-09-30", 
        "operating_revenue": 220111, 
        "accumulated_operating_revenue": 1522359, 
        "long_term_average": 169151, 
        "short_term_average": 198627
    }, 
    {
        "date": "2012-10-31", 
        "operating_revenue": 211045, 
        "accumulated_operating_revenue": 1733404, 
        "long_term_average": 173340, 
        "short_term_average": 212276
    }, 
    {
        "date": "2012-11-30", 
        "operating_revenue": 197753, 
        "accumulated_operating_revenue": 1931157, 
        "long_term_average": 175559, 
        "short_term_average": 209636
    }, 
    {
        "date": "2012-12-31", 
        "operating_revenue": 168263, 
        "accumulated_operating_revenue": 2099420, 
        "long_term_average": 174951, 
        "short_term_average": 192353
    }, 
    {
        "accumulated_operating_revenue_yoy": -3.4802022016921654, 
        "accumulated_operating_revenue": 143967, 
        "long_term_average": 174519, 
        "date": "2013-01-31", 
        "operating_revenue": 143967, 
        "short_term_average": 169994
    }, 
    {
        "accumulated_operating_revenue_yoy": -7.149883527908899, 
        "accumulated_operating_revenue": 271841, 
        "long_term_average": 173207, 
        "date": "2013-02-28", 
        "operating_revenue": 127874, 
        "short_term_average": 146701
    }, 
    {
        "accumulated_operating_revenue_yoy": -5.0907996141502805, 
        "accumulated_operating_revenue": 463416, 
        "long_term_average": 172880, 
        "date": "2013-03-31", 
        "operating_revenue": 191575, 
        "short_term_average": 154472
    }, 
    {
        "accumulated_operating_revenue_yoy": -1.850939801698595, 
        "accumulated_operating_revenue": 619775, 
        "long_term_average": 173977, 
        "date": "2013-04-30", 
        "operating_revenue": 156359, 
        "short_term_average": 158602
    }, 
    {
        "accumulated_operating_revenue_yoy": 11.87452789345246, 
        "accumulated_operating_revenue": 860493, 
        "long_term_average": 182562, 
        "date": "2013-05-31", 
        "operating_revenue": 240718, 
        "short_term_average": 196217
    }, 
    {
        "accumulated_operating_revenue_yoy": 12.39059361430451, 
        "accumulated_operating_revenue": 1041273, 
        "long_term_average": 184518, 
        "date": "2013-06-30", 
        "operating_revenue": 180780, 
        "short_term_average": 192619
    }, 
    {
        "accumulated_operating_revenue_yoy": 13.594796156027774, 
        "accumulated_operating_revenue": 1245651, 
        "long_term_average": 187374, 
        "date": "2013-07-31", 
        "operating_revenue": 204378, 
        "short_term_average": 208625
    }, 
    {
        "accumulated_operating_revenue_yoy": 11.054729974628488, 
        "accumulated_operating_revenue": 1446208, 
        "long_term_average": 186948, 
        "date": "2013-08-31", 
        "operating_revenue": 200557, 
        "short_term_average": 195238
    }, 
    {
        "accumulated_operating_revenue_yoy": 8.303954586270388, 
        "accumulated_operating_revenue": 1648775, 
        "long_term_average": 185486, 
        "date": "2013-09-30", 
        "operating_revenue": 202567, 
        "short_term_average": 202500
    }, 
    {
        "accumulated_operating_revenue_yoy": 8.149802354211714, 
        "accumulated_operating_revenue": 1874673, 
        "long_term_average": 186724, 
        "date": "2013-10-31", 
        "operating_revenue": 225898, 
        "short_term_average": 209674
    }, 
    {
        "accumulated_operating_revenue_yoy": 8.317449073275762, 
        "accumulated_operating_revenue": 2091780, 
        "long_term_average": 188336, 
        "date": "2013-11-30", 
        "operating_revenue": 217107, 
        "short_term_average": 215190
    }, 
    {
        "accumulated_operating_revenue_yoy": 8.86797305922588, 
        "accumulated_operating_revenue": 2285596, 
        "long_term_average": 190466, 
        "date": "2013-12-31", 
        "operating_revenue": 193816, 
        "short_term_average": 212273
    }, 
    {
        "accumulated_operating_revenue_yoy": 1.7253954031132133, 
        "accumulated_operating_revenue": 146451, 
        "long_term_average": 190673, 
        "date": "2014-01-31", 
        "operating_revenue": 146451, 
        "short_term_average": 185791
    }, 
    {
        "accumulated_operating_revenue_yoy": 15.039306064942373, 
        "accumulated_operating_revenue": 312724, 
        "long_term_average": 193873, 
        "date": "2014-02-28", 
        "operating_revenue": 166273, 
        "short_term_average": 168846
    }, 
    {
        "accumulated_operating_revenue_yoy": 12.352616223867972, 
        "accumulated_operating_revenue": 520660, 
        "long_term_average": 195236, 
        "date": "2014-03-31", 
        "operating_revenue": 207936, 
        "short_term_average": 173553
    }, 
    {
        "accumulated_operating_revenue_yoy": 21.789197692711067, 
        "accumulated_operating_revenue": 754819, 
        "long_term_average": 201720, 
        "date": "2014-04-30", 
        "operating_revenue": 234159, 
        "short_term_average": 202789
    }, 
    {
        "accumulated_operating_revenue_yoy": 11.68585915283448, 
        "accumulated_operating_revenue": 961049, 
        "long_term_average": 198846, 
        "date": "2014-05-31", 
        "operating_revenue": 206230, 
        "short_term_average": 216108
    }, 
    {
        "accumulated_operating_revenue_yoy": 13.957818938933404, 
        "accumulated_operating_revenue": 1186612, 
        "long_term_average": 202577, 
        "date": "2014-06-30", 
        "operating_revenue": 225563, 
        "short_term_average": 221984
    }, 
    {
        "accumulated_operating_revenue_yoy": 14.590924745374107, 
        "accumulated_operating_revenue": 1427403, 
        "long_term_average": 205612, 
        "date": "2014-07-31", 
        "operating_revenue": 240791, 
        "short_term_average": 224194
    }, 
    {
        "accumulated_operating_revenue_yoy": 16.94438144443953, 
        "accumulated_operating_revenue": 1691259, 
        "long_term_average": 210887, 
        "date": "2014-08-31", 
        "operating_revenue": 263856, 
        "short_term_average": 243403
    }, 
    {
        "accumulated_operating_revenue_yoy": 18.39038073721399, 
        "accumulated_operating_revenue": 1951991, 
        "long_term_average": 215734, 
        "date": "2014-09-30", 
        "operating_revenue": 260732, 
        "short_term_average": 255126
    }, 
    {
        "accumulated_operating_revenue_yoy": 18.180183957415508, 
        "accumulated_operating_revenue": 2215492, 
        "long_term_average": 218867, 
        "date": "2014-10-31", 
        "operating_revenue": 263501, 
        "short_term_average": 262696
    }, 
    {
        "accumulated_operating_revenue_yoy": 18.13842755930356, 
        "accumulated_operating_revenue": 2471196, 
        "long_term_average": 222084, 
        "date": "2014-11-30", 
        "operating_revenue": 255704, 
        "short_term_average": 259979
    }, 
    {
        "accumulated_operating_revenue_yoy": 18.249463159718516, 
        "accumulated_operating_revenue": 2702705, 
        "long_term_average": 225225, 
        "date": "2014-12-31", 
        "operating_revenue": 231509, 
        "short_term_average": 250238
    }, 
    {
        "accumulated_operating_revenue_yoy": 12.393223672081447, 
        "accumulated_operating_revenue": 164601, 
        "long_term_average": 226737, 
        "date": "2015-01-31", 
        "operating_revenue": 164601, 
        "short_term_average": 217271
    }, 
    {
        "accumulated_operating_revenue_yoy": 7.7765058006421, 
        "accumulated_operating_revenue": 337043, 
        "long_term_average": 227252, 
        "date": "2015-02-28", 
        "operating_revenue": 172442, 
        "short_term_average": 189517
    }, 
    {
        "accumulated_operating_revenue_yoy": -0.05051281066338878, 
        "accumulated_operating_revenue": 520397, 
        "long_term_average": 225203, 
        "date": "2015-03-31", 
        "operating_revenue": 183354, 
        "short_term_average": 173465
    }, 
    {
        "accumulated_operating_revenue_yoy": -7.123429590405117, 
        "accumulated_operating_revenue": 701050, 
        "long_term_average": 220744, 
        "date": "2015-04-30", 
        "operating_revenue": 180653, 
        "short_term_average": 178816
    }, 
    {
        "accumulated_operating_revenue_yoy": -6.745441699642786, 
        "accumulated_operating_revenue": 896222, 
        "long_term_average": 219823, 
        "date": "2015-05-31", 
        "operating_revenue": 195172, 
        "short_term_average": 186393
    }, 
    {
        "accumulated_operating_revenue_yoy": -8.841643266712287, 
        "accumulated_operating_revenue": 1081696, 
        "long_term_average": 216482, 
        "date": "2015-06-30", 
        "operating_revenue": 185474, 
        "short_term_average": 187099
    }, 
    {
        "accumulated_operating_revenue_yoy": -11.393558791735762, 
        "accumulated_operating_revenue": 1264771, 
        "long_term_average": 211672, 
        "date": "2015-07-31", 
        "operating_revenue": 183075, 
        "short_term_average": 187907
    }, 
    {
        "accumulated_operating_revenue_yoy": -12.438780813583254, 
        "accumulated_operating_revenue": 1480887, 
        "long_term_average": 207694, 
        "date": "2015-08-31", 
        "operating_revenue": 216116, 
        "short_term_average": 194888
    }, 
    {
        "accumulated_operating_revenue_yoy": -13.239712683101509, 
        "accumulated_operating_revenue": 1693553, 
        "long_term_average": 203688, 
        "date": "2015-09-30", 
        "operating_revenue": 212666, 
        "short_term_average": 203952
    }, 
    {
        "accumulated_operating_revenue_yoy": -14.07727944853784, 
        "accumulated_operating_revenue": 1903611, 
        "long_term_average": 199235, 
        "date": "2015-10-31", 
        "operating_revenue": 210058, 
        "short_term_average": 212946
    }
]