[
    {
        "date": "2012-01-31", 
        "operating_revenue": 158248, 
        "accumulated_operating_revenue": 158248, 
        "long_term_average": 158248, 
        "short_term_average": 158248
    }, 
    {
        "date": "2012-02-29", 
        "operating_revenue": 128764, 
        "accumulated_operating_revenue": 287012, 
        "long_term_average": 143506, 
        "short_term_average": 143506
    }, 
    {
        "date": "2012-03-31", 
        "operating_revenue": 177229, 
        "accumulated_operating_revenue": 464241, 
        "long_term_average": 154747, 
        "short_term_average": 154747
    }, 
    {
        "date": "2012-04-30", 
        "operating_revenue": 131511, 
        "accumulated_operating_revenue": 595752, 
        "long_term_average": 148938, 
        "short_term_average": 145834
    }, 
    {
        "date": "2012-05-31", 
        "operating_revenue": 131824, 
        "accumulated_operating_revenue": 727576, 
        "long_term_average": 145515, 
        "short_term_average": 146854
    }, 
    {
        "date": "2012-06-30", 
        "operating_revenue": 170081, 
        "accumulated_operating_revenue": 897657, 
        "long_term_average": 149609, 
        "short_term_average": 144472
    }, 
    {
        "date": "2012-07-31", 
        "operating_revenue": 199587, 
        "accumulated_operating_revenue": 1097244, 
        "long_term_average": 156749, 
        "short_term_average": 167164
    }, 
    {
        "date": "2012-08-31", 
        "operating_revenue": 171255, 
        "accumulated_operating_revenue": 1268499, 
        "long_term_average": 158562, 
        "short_term_average": 180307
    }, 
    {
        "date": "2012-09-30", 
        "operating_revenue": 155407, 
        "accumulated_operating_revenue": 1423906, 
        "long_term_average": 158211, 
        "short_term_average": 175416
    }, 
    {
        "date": "2012-10-31", 
        "operating_revenue": 130027, 
        "accumulated_operating_revenue": 1553933, 
        "long_term_average": 155393, 
        "short_term_average": 152229
    }, 
    {
        "date": "2012-11-30", 
        "operating_revenue": 114811, 
        "accumulated_operating_revenue": 1668744, 
        "long_term_average": 151704, 
        "short_term_average": 133415
    }, 
    {
        "date": "2012-12-31", 
        "operating_revenue": 86060, 
        "accumulated_operating_revenue": 1754804, 
        "long_term_average": 146233, 
        "short_term_average": 110299
    }, 
    {
        "accumulated_operating_revenue_yoy": 26.169683029169406, 
        "accumulated_operating_revenue": 199661, 
        "long_term_average": 149684, 
        "date": "2013-01-31", 
        "operating_revenue": 199661, 
        "short_term_average": 133510
    }, 
    {
        "accumulated_operating_revenue_yoy": 5.208144607194124, 
        "accumulated_operating_revenue": 301960, 
        "long_term_average": 147479, 
        "date": "2013-02-28", 
        "operating_revenue": 102299, 
        "short_term_average": 129340
    }, 
    {
        "accumulated_operating_revenue_yoy": -0.7332398474068426, 
        "accumulated_operating_revenue": 460837, 
        "long_term_average": 145950, 
        "date": "2013-03-31", 
        "operating_revenue": 158877, 
        "short_term_average": 153612
    }, 
    {
        "accumulated_operating_revenue_yoy": 11.627153580684581, 
        "accumulated_operating_revenue": 665021, 
        "long_term_average": 152006, 
        "date": "2013-04-30", 
        "operating_revenue": 204184, 
        "short_term_average": 155120
    }, 
    {
        "accumulated_operating_revenue_yoy": 17.263488625243273, 
        "accumulated_operating_revenue": 853181, 
        "long_term_average": 156700, 
        "date": "2013-05-31", 
        "operating_revenue": 188160, 
        "short_term_average": 183740
    }, 
    {
        "accumulated_operating_revenue_yoy": 21.01727051646676, 
        "accumulated_operating_revenue": 1086320, 
        "long_term_average": 161955, 
        "date": "2013-06-30", 
        "operating_revenue": 233139, 
        "short_term_average": 208494
    }, 
    {
        "accumulated_operating_revenue_yoy": 24.675003918909557, 
        "accumulated_operating_revenue": 1367989, 
        "long_term_average": 168795, 
        "date": "2013-07-31", 
        "operating_revenue": 281669, 
        "short_term_average": 234322
    }, 
    {
        "accumulated_operating_revenue_yoy": 25.884372001869927, 
        "accumulated_operating_revenue": 1596842, 
        "long_term_average": 173595, 
        "date": "2013-08-31", 
        "operating_revenue": 228853, 
        "short_term_average": 247887
    }, 
    {
        "accumulated_operating_revenue_yoy": 27.8844249550181, 
        "accumulated_operating_revenue": 1820954, 
        "long_term_average": 179321, 
        "date": "2013-09-30", 
        "operating_revenue": 224112, 
        "short_term_average": 244878
    }, 
    {
        "accumulated_operating_revenue_yoy": 27.60588776993603, 
        "accumulated_operating_revenue": 1982910, 
        "long_term_average": 181981, 
        "date": "2013-10-31", 
        "operating_revenue": 161956, 
        "short_term_average": 204973
    }, 
    {
        "accumulated_operating_revenue_yoy": 24.490455096767388, 
        "accumulated_operating_revenue": 2077427, 
        "long_term_average": 180290, 
        "date": "2013-11-30", 
        "operating_revenue": 94517, 
        "short_term_average": 160195
    }, 
    {
        "accumulated_operating_revenue_yoy": 31.178809713221533, 
        "accumulated_operating_revenue": 2301931, 
        "long_term_average": 191827, 
        "date": "2013-12-31", 
        "operating_revenue": 224504, 
        "short_term_average": 160325
    }, 
    {
        "accumulated_operating_revenue_yoy": -49.506413370663275, 
        "accumulated_operating_revenue": 100816, 
        "long_term_average": 183590, 
        "date": "2014-01-31", 
        "operating_revenue": 100816, 
        "short_term_average": 139945
    }, 
    {
        "accumulated_operating_revenue_yoy": -34.8956815472248, 
        "accumulated_operating_revenue": 196589, 
        "long_term_average": 183046, 
        "date": "2014-02-28", 
        "operating_revenue": 95773, 
        "short_term_average": 140364
    }, 
    {
        "accumulated_operating_revenue_yoy": -28.58277438660524, 
        "accumulated_operating_revenue": 329117, 
        "long_term_average": 180850, 
        "date": "2014-03-31", 
        "operating_revenue": 132528, 
        "short_term_average": 109705
    }, 
    {
        "accumulated_operating_revenue_yoy": -32.400029472753495, 
        "accumulated_operating_revenue": 449554, 
        "long_term_average": 173872, 
        "date": "2014-04-30", 
        "operating_revenue": 120437, 
        "short_term_average": 116246
    }, 
    {
        "accumulated_operating_revenue_yoy": -37.05872493644373, 
        "accumulated_operating_revenue": 537003, 
        "long_term_average": 165479, 
        "date": "2014-05-31", 
        "operating_revenue": 87449, 
        "short_term_average": 113471
    }, 
    {
        "accumulated_operating_revenue_yoy": -32.54519846822299, 
        "accumulated_operating_revenue": 732775, 
        "long_term_average": 162365, 
        "date": "2014-06-30", 
        "operating_revenue": 195772, 
        "short_term_average": 134552
    }, 
    {
        "accumulated_operating_revenue_yoy": -40.7737927717255, 
        "accumulated_operating_revenue": 810208, 
        "long_term_average": 145345, 
        "date": "2014-07-31", 
        "operating_revenue": 77433, 
        "short_term_average": 120218
    }, 
    {
        "accumulated_operating_revenue_yoy": -39.95204284456446, 
        "accumulated_operating_revenue": 958871, 
        "long_term_average": 138663, 
        "date": "2014-08-31", 
        "operating_revenue": 148663, 
        "short_term_average": 140622
    }, 
    {
        "accumulated_operating_revenue_yoy": -35.679923820151416, 
        "accumulated_operating_revenue": 1171239, 
        "long_term_average": 137684, 
        "date": "2014-09-30", 
        "operating_revenue": 212368, 
        "short_term_average": 146154
    }, 
    {
        "accumulated_operating_revenue_yoy": -27.253027116712307, 
        "accumulated_operating_revenue": 1442507, 
        "long_term_average": 146794, 
        "date": "2014-10-31", 
        "operating_revenue": 271268, 
        "short_term_average": 210766
    }, 
    {
        "accumulated_operating_revenue_yoy": -22.19264503638395, 
        "accumulated_operating_revenue": 1616391, 
        "long_term_average": 153407, 
        "date": "2014-11-30", 
        "operating_revenue": 173884, 
        "short_term_average": 219173
    }, 
    {
        "accumulated_operating_revenue_yoy": -16.397494103863234, 
        "accumulated_operating_revenue": 1924472, 
        "long_term_average": 160372, 
        "date": "2014-12-31", 
        "operating_revenue": 308081, 
        "short_term_average": 251077
    }, 
    {
        "accumulated_operating_revenue_yoy": 269.70024599269954, 
        "accumulated_operating_revenue": 372717, 
        "long_term_average": 183031, 
        "date": "2015-01-31", 
        "operating_revenue": 372717, 
        "short_term_average": 284894
    }, 
    {
        "accumulated_operating_revenue_yoy": 140.21842524251102, 
        "accumulated_operating_revenue": 472243, 
        "long_term_average": 183343, 
        "date": "2015-02-28", 
        "operating_revenue": 99526, 
        "short_term_average": 260108
    }, 
    {
        "accumulated_operating_revenue_yoy": 110.30818827347113, 
        "accumulated_operating_revenue": 692160, 
        "long_term_average": 190626, 
        "date": "2015-03-31", 
        "operating_revenue": 219917, 
        "short_term_average": 230720
    }, 
    {
        "accumulated_operating_revenue_yoy": 106.09226032912619, 
        "accumulated_operating_revenue": 926496, 
        "long_term_average": 200117, 
        "date": "2015-04-30", 
        "operating_revenue": 234336, 
        "short_term_average": 184593
    }, 
    {
        "accumulated_operating_revenue_yoy": 150.88574924162435, 
        "accumulated_operating_revenue": 1347264, 
        "long_term_average": 227894, 
        "date": "2015-05-31", 
        "operating_revenue": 420768, 
        "short_term_average": 291673
    }, 
    {
        "accumulated_operating_revenue_yoy": 139.28108901095152, 
        "accumulated_operating_revenue": 1753392, 
        "long_term_average": 245424, 
        "date": "2015-06-30", 
        "operating_revenue": 406128, 
        "short_term_average": 353744
    }, 
    {
        "accumulated_operating_revenue_yoy": 132.60730577826928, 
        "accumulated_operating_revenue": 1884603, 
        "long_term_average": 249905, 
        "date": "2015-07-31", 
        "operating_revenue": 131211, 
        "short_term_average": 319369
    }, 
    {
        "accumulated_operating_revenue_yoy": 120.48575877255647, 
        "accumulated_operating_revenue": 2114174, 
        "long_term_average": 256647, 
        "date": "2015-08-31", 
        "operating_revenue": 229571, 
        "short_term_average": 255636
    }
]