[
    {
        "date": "2011-09-30", 
        "operating_revenue": 930901, 
        "accumulated_operating_revenue": 930901, 
        "long_term_average": 930901, 
        "short_term_average": 930901
    }, 
    {
        "date": "2011-10-31", 
        "operating_revenue": 782916, 
        "accumulated_operating_revenue": 1713817, 
        "long_term_average": 856908, 
        "short_term_average": 856908
    }, 
    {
        "date": "2011-11-30", 
        "operating_revenue": 870987, 
        "accumulated_operating_revenue": 2584804, 
        "long_term_average": 861601, 
        "short_term_average": 861601
    }, 
    {
        "date": "2011-12-31", 
        "operating_revenue": 743611, 
        "accumulated_operating_revenue": 3328415, 
        "long_term_average": 832103, 
        "short_term_average": 799171
    }, 
    {
        "date": "2012-01-31", 
        "operating_revenue": 482872, 
        "accumulated_operating_revenue": 482872, 
        "long_term_average": 762257, 
        "short_term_average": 699156
    }, 
    {
        "date": "2012-02-29", 
        "operating_revenue": 587984, 
        "accumulated_operating_revenue": 1070856, 
        "long_term_average": 733211, 
        "short_term_average": 604822
    }, 
    {
        "date": "2012-03-31", 
        "operating_revenue": 673202, 
        "accumulated_operating_revenue": 1744058, 
        "long_term_average": 724639, 
        "short_term_average": 581352
    }, 
    {
        "date": "2012-04-30", 
        "operating_revenue": 724594, 
        "accumulated_operating_revenue": 2468652, 
        "long_term_average": 724633, 
        "short_term_average": 661926
    }, 
    {
        "date": "2012-05-31", 
        "operating_revenue": 796415, 
        "accumulated_operating_revenue": 3265067, 
        "long_term_average": 732609, 
        "short_term_average": 731403
    }, 
    {
        "date": "2012-06-30", 
        "operating_revenue": 811299, 
        "accumulated_operating_revenue": 4076366, 
        "long_term_average": 740478, 
        "short_term_average": 777436
    }, 
    {
        "date": "2012-07-31", 
        "operating_revenue": 831222, 
        "accumulated_operating_revenue": 4907588, 
        "long_term_average": 748727, 
        "short_term_average": 812978
    }, 
    {
        "date": "2012-08-31", 
        "operating_revenue": 864342, 
        "accumulated_operating_revenue": 5771930, 
        "long_term_average": 758362, 
        "short_term_average": 835621
    }, 
    {
        "accumulated_operating_revenue_yoy": 611.0929089129779, 
        "accumulated_operating_revenue": 6619571, 
        "long_term_average": 751423, 
        "date": "2012-09-30", 
        "operating_revenue": 847641, 
        "short_term_average": 847735
    }, 
    {
        "accumulated_operating_revenue_yoy": 331.9352066177427, 
        "accumulated_operating_revenue": 7402579, 
        "long_term_average": 751431, 
        "date": "2012-10-31", 
        "operating_revenue": 783008, 
        "short_term_average": 831663
    }, 
    {
        "accumulated_operating_revenue_yoy": 216.4361785264956, 
        "accumulated_operating_revenue": 8179255, 
        "long_term_average": 743572, 
        "date": "2012-11-30", 
        "operating_revenue": 776676, 
        "short_term_average": 802441
    }, 
    {
        "accumulated_operating_revenue_yoy": 165.93273374864611, 
        "accumulated_operating_revenue": 8851345, 
        "long_term_average": 737612, 
        "date": "2012-12-31", 
        "operating_revenue": 672090, 
        "short_term_average": 743924
    }, 
    {
        "accumulated_operating_revenue_yoy": 54.738729932570116, 
        "accumulated_operating_revenue": 747190, 
        "long_term_average": 759638, 
        "date": "2013-01-31", 
        "operating_revenue": 747190, 
        "short_term_average": 731985
    }, 
    {
        "accumulated_operating_revenue_yoy": 13.071505412492435, 
        "accumulated_operating_revenue": 1210833, 
        "long_term_average": 749276, 
        "date": "2013-02-28", 
        "operating_revenue": 463643, 
        "short_term_average": 627641
    }, 
    {
        "accumulated_operating_revenue_yoy": 9.205599813767662, 
        "accumulated_operating_revenue": 1904609, 
        "long_term_average": 750991, 
        "date": "2013-03-31", 
        "operating_revenue": 693776, 
        "short_term_average": 634869
    }, 
    {
        "accumulated_operating_revenue_yoy": 5.253109794333102, 
        "accumulated_operating_revenue": 2598333, 
        "long_term_average": 748418, 
        "date": "2013-04-30", 
        "operating_revenue": 693724, 
        "short_term_average": 617047
    }, 
    {
        "accumulated_operating_revenue_yoy": 2.631125180585881, 
        "accumulated_operating_revenue": 3350975, 
        "long_term_average": 744771, 
        "date": "2013-05-31", 
        "operating_revenue": 752642, 
        "short_term_average": 713380
    }, 
    {
        "accumulated_operating_revenue_yoy": 0.6493774111549355, 
        "accumulated_operating_revenue": 4102837, 
        "long_term_average": 739818, 
        "date": "2013-06-30", 
        "operating_revenue": 751862, 
        "short_term_average": 732742
    }, 
    {
        "accumulated_operating_revenue_yoy": 2.8550888949928153, 
        "accumulated_operating_revenue": 5047704, 
        "long_term_average": 749288, 
        "date": "2013-07-31", 
        "operating_revenue": 944867, 
        "short_term_average": 816457
    }, 
    {
        "accumulated_operating_revenue_yoy": 2.7790011313373517, 
        "accumulated_operating_revenue": 5932332, 
        "long_term_average": 750978, 
        "date": "2013-08-31", 
        "operating_revenue": 884628, 
        "short_term_average": 860452
    }, 
    {
        "accumulated_operating_revenue_yoy": 1.8817080442222012, 
        "accumulated_operating_revenue": 6744132, 
        "long_term_average": 747992, 
        "date": "2013-09-30", 
        "operating_revenue": 811800, 
        "short_term_average": 880431
    }, 
    {
        "accumulated_operating_revenue_yoy": 0.888068874374728, 
        "accumulated_operating_revenue": 7468319, 
        "long_term_average": 743090, 
        "date": "2013-10-31", 
        "operating_revenue": 724187, 
        "short_term_average": 806871
    }, 
    {
        "accumulated_operating_revenue_yoy": 0.6284068659064915, 
        "accumulated_operating_revenue": 8230654, 
        "long_term_average": 741895, 
        "date": "2013-11-30", 
        "operating_revenue": 762335, 
        "short_term_average": 766107
    }, 
    {
        "accumulated_operating_revenue_yoy": 1.715920009896801, 
        "accumulated_operating_revenue": 9003227, 
        "long_term_average": 750268, 
        "date": "2013-12-31", 
        "operating_revenue": 772573, 
        "short_term_average": 753031
    }, 
    {
        "accumulated_operating_revenue_yoy": -4.9753074853785515, 
        "accumulated_operating_revenue": 710015, 
        "long_term_average": 747171, 
        "date": "2014-01-31", 
        "operating_revenue": 710015, 
        "short_term_average": 748307
    }, 
    {
        "accumulated_operating_revenue_yoy": 9.456878033552108, 
        "accumulated_operating_revenue": 1325340, 
        "long_term_average": 759811, 
        "date": "2014-02-28", 
        "operating_revenue": 615325, 
        "short_term_average": 699304
    }, 
    {
        "accumulated_operating_revenue_yoy": 9.874625185536768, 
        "accumulated_operating_revenue": 2092682, 
        "long_term_average": 765941, 
        "date": "2014-03-31", 
        "operating_revenue": 767342, 
        "short_term_average": 697560
    }, 
    {
        "accumulated_operating_revenue_yoy": 12.582913737384699, 
        "accumulated_operating_revenue": 2925279, 
        "long_term_average": 777514, 
        "date": "2014-04-30", 
        "operating_revenue": 832597, 
        "short_term_average": 738421
    }, 
    {
        "accumulated_operating_revenue_yoy": 10.439349741493148, 
        "accumulated_operating_revenue": 3700795, 
        "long_term_average": 779420, 
        "date": "2014-05-31", 
        "operating_revenue": 775516, 
        "short_term_average": 791818
    }, 
    {
        "accumulated_operating_revenue_yoy": 8.838250215643468, 
        "accumulated_operating_revenue": 4465456, 
        "long_term_average": 780487, 
        "date": "2014-06-30", 
        "operating_revenue": 764661, 
        "short_term_average": 790924
    }, 
    {
        "accumulated_operating_revenue_yoy": 5.1675375576697835, 
        "accumulated_operating_revenue": 5308546, 
        "long_term_average": 772005, 
        "date": "2014-07-31", 
        "operating_revenue": 843090, 
        "short_term_average": 794422
    }, 
    {
        "accumulated_operating_revenue_yoy": 2.7740692867492918, 
        "accumulated_operating_revenue": 6096899, 
        "long_term_average": 763982, 
        "date": "2014-08-31", 
        "operating_revenue": 788353, 
        "short_term_average": 798701
    }, 
    {
        "accumulated_operating_revenue_yoy": 2.9388659652569076, 
        "accumulated_operating_revenue": 6942333, 
        "long_term_average": 766785, 
        "date": "2014-09-30", 
        "operating_revenue": 845434, 
        "short_term_average": 825625
    }, 
    {
        "accumulated_operating_revenue_yoy": 3.3916601580623427, 
        "accumulated_operating_revenue": 7721619, 
        "long_term_average": 771377, 
        "date": "2014-10-31", 
        "operating_revenue": 779286, 
        "short_term_average": 804357
    }, 
    {
        "accumulated_operating_revenue_yoy": 3.620101148705802, 
        "accumulated_operating_revenue": 8528612, 
        "long_term_average": 775098, 
        "date": "2014-11-30", 
        "operating_revenue": 806993, 
        "short_term_average": 810571
    }, 
    {
        "accumulated_operating_revenue_yoy": 3.171318461702676, 
        "accumulated_operating_revenue": 9288748, 
        "long_term_average": 774062, 
        "date": "2014-12-31", 
        "operating_revenue": 760136, 
        "short_term_average": 782138
    }, 
    {
        "accumulated_operating_revenue_yoy": 7.9718034126039585, 
        "accumulated_operating_revenue": 766616, 
        "long_term_average": 778779, 
        "date": "2015-01-31", 
        "operating_revenue": 766616, 
        "short_term_average": 777915
    }, 
    {
        "accumulated_operating_revenue_yoy": -4.899874749120981, 
        "accumulated_operating_revenue": 1260400, 
        "long_term_average": 768650, 
        "date": "2015-02-28", 
        "operating_revenue": 493784, 
        "short_term_average": 673512
    }, 
    {
        "accumulated_operating_revenue_yoy": -8.69515769715609, 
        "accumulated_operating_revenue": 1910720, 
        "long_term_average": 758898, 
        "date": "2015-03-31", 
        "operating_revenue": 650320, 
        "short_term_average": 636906
    }, 
    {
        "accumulated_operating_revenue_yoy": -9.706219475133825, 
        "accumulated_operating_revenue": 2641345, 
        "long_term_average": 750401, 
        "date": "2015-04-30", 
        "operating_revenue": 730625, 
        "short_term_average": 624909
    }, 
    {
        "accumulated_operating_revenue_yoy": -11.298464248897872, 
        "accumulated_operating_revenue": 3282662, 
        "long_term_average": 739217, 
        "date": "2015-05-31", 
        "operating_revenue": 641317, 
        "short_term_average": 674087
    }, 
    {
        "accumulated_operating_revenue_yoy": -11.696185115249149, 
        "accumulated_operating_revenue": 3943168, 
        "long_term_average": 730538, 
        "date": "2015-06-30", 
        "operating_revenue": 660506, 
        "short_term_average": 677482
    }, 
    {
        "accumulated_operating_revenue_yoy": -13.388261117074244, 
        "accumulated_operating_revenue": 4597824, 
        "long_term_average": 714835, 
        "date": "2015-07-31", 
        "operating_revenue": 654656, 
        "short_term_average": 652159
    }, 
    {
        "accumulated_operating_revenue_yoy": -13.26146291746017, 
        "accumulated_operating_revenue": 5288361, 
        "long_term_average": 706684, 
        "date": "2015-08-31", 
        "operating_revenue": 690537, 
        "short_term_average": 668566
    }
]