[
    {
        "date": "2012-01-31", 
        "operating_revenue": 134565, 
        "accumulated_operating_revenue": 134565, 
        "long_term_average": 134565, 
        "short_term_average": 134565
    }, 
    {
        "date": "2012-02-29", 
        "operating_revenue": 120926, 
        "accumulated_operating_revenue": 255491, 
        "long_term_average": 127745, 
        "short_term_average": 127745
    }, 
    {
        "date": "2012-03-31", 
        "operating_revenue": 91867, 
        "accumulated_operating_revenue": 347358, 
        "long_term_average": 115786, 
        "short_term_average": 115786
    }, 
    {
        "date": "2012-04-30", 
        "operating_revenue": 112759, 
        "accumulated_operating_revenue": 460117, 
        "long_term_average": 115029, 
        "short_term_average": 108517
    }, 
    {
        "date": "2012-05-31", 
        "operating_revenue": 114512, 
        "accumulated_operating_revenue": 574629, 
        "long_term_average": 114925, 
        "short_term_average": 106379
    }, 
    {
        "date": "2012-06-30", 
        "operating_revenue": 125244, 
        "accumulated_operating_revenue": 699873, 
        "long_term_average": 116645, 
        "short_term_average": 117505
    }, 
    {
        "date": "2012-07-31", 
        "operating_revenue": 131237, 
        "accumulated_operating_revenue": 831110, 
        "long_term_average": 118730, 
        "short_term_average": 123664
    }, 
    {
        "date": "2012-08-31", 
        "operating_revenue": 117713, 
        "accumulated_operating_revenue": 948823, 
        "long_term_average": 118602, 
        "short_term_average": 124731
    }, 
    {
        "date": "2012-09-30", 
        "operating_revenue": 120215, 
        "accumulated_operating_revenue": 1069038, 
        "long_term_average": 118782, 
        "short_term_average": 123055
    }, 
    {
        "date": "2012-10-31", 
        "operating_revenue": 115761, 
        "accumulated_operating_revenue": 1184799, 
        "long_term_average": 118479, 
        "short_term_average": 117896
    }, 
    {
        "date": "2012-11-30", 
        "operating_revenue": 129422, 
        "accumulated_operating_revenue": 1314221, 
        "long_term_average": 119474, 
        "short_term_average": 121799
    }, 
    {
        "date": "2012-12-31", 
        "operating_revenue": 163636, 
        "accumulated_operating_revenue": 1477857, 
        "long_term_average": 123154, 
        "short_term_average": 136273
    }, 
    {
        "accumulated_operating_revenue_yoy": -1.0262698324229926, 
        "accumulated_operating_revenue": 133184, 
        "long_term_average": 123039, 
        "date": "2013-01-31", 
        "operating_revenue": 133184, 
        "short_term_average": 142080
    }, 
    {
        "accumulated_operating_revenue_yoy": -7.150545420386628, 
        "accumulated_operating_revenue": 237222, 
        "long_term_average": 121632, 
        "date": "2013-02-28", 
        "operating_revenue": 104038, 
        "short_term_average": 133619
    }, 
    {
        "accumulated_operating_revenue_yoy": 4.509468617391855, 
        "accumulated_operating_revenue": 363022, 
        "long_term_average": 124460, 
        "date": "2013-03-31", 
        "operating_revenue": 125800, 
        "short_term_average": 121007
    }, 
    {
        "accumulated_operating_revenue_yoy": 8.977499201290106, 
        "accumulated_operating_revenue": 501424, 
        "long_term_average": 126597, 
        "date": "2013-04-30", 
        "operating_revenue": 138402, 
        "short_term_average": 122746
    }, 
    {
        "accumulated_operating_revenue_yoy": 11.336183868200179, 
        "accumulated_operating_revenue": 639770, 
        "long_term_average": 128583, 
        "date": "2013-05-31", 
        "operating_revenue": 138346, 
        "short_term_average": 134182
    }, 
    {
        "accumulated_operating_revenue_yoy": 34.29379330249917, 
        "accumulated_operating_revenue": 939886, 
        "long_term_average": 143155, 
        "date": "2013-06-30", 
        "operating_revenue": 300116, 
        "short_term_average": 192288
    }, 
    {
        "accumulated_operating_revenue_yoy": 49.16882241821179, 
        "accumulated_operating_revenue": 1239757, 
        "long_term_average": 157208, 
        "date": "2013-07-31", 
        "operating_revenue": 299871, 
        "short_term_average": 246111
    }, 
    {
        "accumulated_operating_revenue_yoy": 44.97624952177593, 
        "accumulated_operating_revenue": 1375568, 
        "long_term_average": 158716, 
        "date": "2013-08-31", 
        "operating_revenue": 135811, 
        "short_term_average": 245266
    }, 
    {
        "accumulated_operating_revenue_yoy": 40.71342646379268, 
        "accumulated_operating_revenue": 1504280, 
        "long_term_average": 159424, 
        "date": "2013-09-30", 
        "operating_revenue": 128712, 
        "short_term_average": 188131
    }, 
    {
        "accumulated_operating_revenue_yoy": 38.443398416102646, 
        "accumulated_operating_revenue": 1640276, 
        "long_term_average": 161111, 
        "date": "2013-10-31", 
        "operating_revenue": 135996, 
        "short_term_average": 133506
    }, 
    {
        "accumulated_operating_revenue_yoy": 34.24226214616872, 
        "accumulated_operating_revenue": 1764240, 
        "long_term_average": 160656, 
        "date": "2013-11-30", 
        "operating_revenue": 123964, 
        "short_term_average": 129557
    }, 
    {
        "accumulated_operating_revenue_yoy": 28.745541686374253, 
        "accumulated_operating_revenue": 1902675, 
        "long_term_average": 158556, 
        "date": "2013-12-31", 
        "operating_revenue": 138435, 
        "short_term_average": 132798
    }, 
    {
        "accumulated_operating_revenue_yoy": -3.2443837097549255, 
        "accumulated_operating_revenue": 128863, 
        "long_term_average": 158196, 
        "date": "2014-01-31", 
        "operating_revenue": 128863, 
        "short_term_average": 130420
    }, 
    {
        "accumulated_operating_revenue_yoy": 10.330407803660705, 
        "accumulated_operating_revenue": 261728, 
        "long_term_average": 160598, 
        "date": "2014-02-28", 
        "operating_revenue": 132865, 
        "short_term_average": 133387
    }, 
    {
        "accumulated_operating_revenue_yoy": 12.29677540204175, 
        "accumulated_operating_revenue": 407662, 
        "long_term_average": 162276, 
        "date": "2014-03-31", 
        "operating_revenue": 145934, 
        "short_term_average": 135887
    }, 
    {
        "accumulated_operating_revenue_yoy": 14.038618015890744, 
        "accumulated_operating_revenue": 571817, 
        "long_term_average": 164422, 
        "date": "2014-04-30", 
        "operating_revenue": 164155, 
        "short_term_average": 147651
    }, 
    {
        "accumulated_operating_revenue_yoy": 14.759054035043844, 
        "accumulated_operating_revenue": 734194, 
        "long_term_average": 166424, 
        "date": "2014-05-31", 
        "operating_revenue": 162377, 
        "short_term_average": 157488
    }, 
    {
        "accumulated_operating_revenue_yoy": -4.680461247427879, 
        "accumulated_operating_revenue": 895895, 
        "long_term_average": 154890, 
        "date": "2014-06-30", 
        "operating_revenue": 161701, 
        "short_term_average": 162744
    }, 
    {
        "accumulated_operating_revenue_yoy": -15.834715996763881, 
        "accumulated_operating_revenue": 1043445, 
        "long_term_average": 142196, 
        "date": "2014-07-31", 
        "operating_revenue": 147550, 
        "short_term_average": 157209
    }, 
    {
        "accumulated_operating_revenue_yoy": -12.880206576483314, 
        "accumulated_operating_revenue": 1198392, 
        "long_term_average": 143791, 
        "date": "2014-08-31", 
        "operating_revenue": 154947, 
        "short_term_average": 154732
    }, 
    {
        "accumulated_operating_revenue_yoy": -10.370476241125322, 
        "accumulated_operating_revenue": 1348279, 
        "long_term_average": 145556, 
        "date": "2014-09-30", 
        "operating_revenue": 149887, 
        "short_term_average": 150794
    }, 
    {
        "accumulated_operating_revenue_yoy": -8.839670884655996, 
        "accumulated_operating_revenue": 1495281, 
        "long_term_average": 146473, 
        "date": "2014-10-31", 
        "operating_revenue": 147002, 
        "short_term_average": 150612
    }, 
    {
        "accumulated_operating_revenue_yoy": -6.993776356958237, 
        "accumulated_operating_revenue": 1640853, 
        "long_term_average": 148274, 
        "date": "2014-11-30", 
        "operating_revenue": 145572, 
        "short_term_average": 147487
    }, 
    {
        "accumulated_operating_revenue_yoy": -4.0209179181941215, 
        "accumulated_operating_revenue": 1826170, 
        "long_term_average": 152180, 
        "date": "2014-12-31", 
        "operating_revenue": 185317, 
        "short_term_average": 159297
    }, 
    {
        "accumulated_operating_revenue_yoy": 2.9162754242878095, 
        "accumulated_operating_revenue": 132621, 
        "long_term_average": 152494, 
        "date": "2015-01-31", 
        "operating_revenue": 132621, 
        "short_term_average": 154503
    }, 
    {
        "accumulated_operating_revenue_yoy": 0.051580266536251376, 
        "accumulated_operating_revenue": 261863, 
        "long_term_average": 152192, 
        "date": "2015-02-28", 
        "operating_revenue": 129242, 
        "short_term_average": 149060
    }, 
    {
        "accumulated_operating_revenue_yoy": 2.438049168183446, 
        "accumulated_operating_revenue": 417601, 
        "long_term_average": 153009, 
        "date": "2015-03-31", 
        "operating_revenue": 155738, 
        "short_term_average": 139200
    }, 
    {
        "accumulated_operating_revenue_yoy": 0.6617501753183274, 
        "accumulated_operating_revenue": 575601, 
        "long_term_average": 152496, 
        "date": "2015-04-30", 
        "operating_revenue": 158000, 
        "short_term_average": 147660
    }, 
    {
        "accumulated_operating_revenue_yoy": 19.5419739196997, 
        "accumulated_operating_revenue": 877670, 
        "long_term_average": 164137, 
        "date": "2015-05-31", 
        "operating_revenue": 302069, 
        "short_term_average": 205269
    }, 
    {
        "accumulated_operating_revenue_yoy": 31.64422170008762, 
        "accumulated_operating_revenue": 1179394, 
        "long_term_average": 175805, 
        "date": "2015-06-30", 
        "operating_revenue": 301724, 
        "short_term_average": 253931
    }, 
    {
        "accumulated_operating_revenue_yoy": 40.402225320932104, 
        "accumulated_operating_revenue": 1465020, 
        "long_term_average": 187312, 
        "date": "2015-07-31", 
        "operating_revenue": 285626, 
        "short_term_average": 296473
    }, 
    {
        "accumulated_operating_revenue_yoy": 35.049800065420996, 
        "accumulated_operating_revenue": 1618426, 
        "long_term_average": 187183, 
        "date": "2015-08-31", 
        "operating_revenue": 153406, 
        "short_term_average": 246918
    }, 
    {
        "accumulated_operating_revenue_yoy": 31.27772515925858, 
        "accumulated_operating_revenue": 1769990, 
        "long_term_average": 187323, 
        "date": "2015-09-30", 
        "operating_revenue": 151564, 
        "short_term_average": 196865
    }, 
    {
        "accumulated_operating_revenue_yoy": 28.27481924802094, 
        "accumulated_operating_revenue": 1918069, 
        "long_term_average": 187413, 
        "date": "2015-10-31", 
        "operating_revenue": 148079, 
        "short_term_average": 151016
    }
]