[
    {
        "date": "2011-09-30", 
        "operating_revenue": 81204, 
        "accumulated_operating_revenue": 81204, 
        "long_term_average": 81204, 
        "short_term_average": 81204
    }, 
    {
        "date": "2011-10-31", 
        "operating_revenue": 69642, 
        "accumulated_operating_revenue": 150846, 
        "long_term_average": 75423, 
        "short_term_average": 75423
    }, 
    {
        "date": "2011-11-30", 
        "operating_revenue": 68922, 
        "accumulated_operating_revenue": 219768, 
        "long_term_average": 73256, 
        "short_term_average": 73256
    }, 
    {
        "date": "2011-12-31", 
        "operating_revenue": 59250, 
        "accumulated_operating_revenue": 279018, 
        "long_term_average": 69754, 
        "short_term_average": 65938
    }, 
    {
        "date": "2012-01-31", 
        "operating_revenue": 58056, 
        "accumulated_operating_revenue": 58056, 
        "long_term_average": 67414, 
        "short_term_average": 62076
    }, 
    {
        "date": "2012-02-29", 
        "operating_revenue": 68767, 
        "accumulated_operating_revenue": 126823, 
        "long_term_average": 67640, 
        "short_term_average": 62024
    }, 
    {
        "date": "2012-03-31", 
        "operating_revenue": 94354, 
        "accumulated_operating_revenue": 221177, 
        "long_term_average": 71456, 
        "short_term_average": 73725
    }, 
    {
        "date": "2012-04-30", 
        "operating_revenue": 118508, 
        "accumulated_operating_revenue": 339685, 
        "long_term_average": 77337, 
        "short_term_average": 93876
    }, 
    {
        "date": "2012-05-31", 
        "operating_revenue": 129879, 
        "accumulated_operating_revenue": 469564, 
        "long_term_average": 83175, 
        "short_term_average": 114247
    }, 
    {
        "date": "2012-06-30", 
        "operating_revenue": 119409, 
        "accumulated_operating_revenue": 588973, 
        "long_term_average": 86799, 
        "short_term_average": 122598
    }, 
    {
        "date": "2012-07-31", 
        "operating_revenue": 118279, 
        "accumulated_operating_revenue": 707252, 
        "long_term_average": 89660, 
        "short_term_average": 122522
    }, 
    {
        "date": "2012-08-31", 
        "operating_revenue": 129381, 
        "accumulated_operating_revenue": 836633, 
        "long_term_average": 92970, 
        "short_term_average": 122356
    }, 
    {
        "accumulated_operating_revenue_yoy": 1089.0830500960544, 
        "accumulated_operating_revenue": 965583, 
        "long_term_average": 96949, 
        "date": "2012-09-30", 
        "operating_revenue": 128950, 
        "short_term_average": 125536
    }, 
    {
        "accumulated_operating_revenue_yoy": 613.1995545125492, 
        "accumulated_operating_revenue": 1075833, 
        "long_term_average": 100333, 
        "date": "2012-10-31", 
        "operating_revenue": 110250, 
        "short_term_average": 122860
    }, 
    {
        "accumulated_operating_revenue_yoy": 444.12880856175605, 
        "accumulated_operating_revenue": 1195821, 
        "long_term_average": 104589, 
        "date": "2012-11-30", 
        "operating_revenue": 119988, 
        "short_term_average": 119729
    }, 
    {
        "accumulated_operating_revenue_yoy": 369.4879900221491, 
        "accumulated_operating_revenue": 1309956, 
        "long_term_average": 109163, 
        "date": "2012-12-31", 
        "operating_revenue": 114135, 
        "short_term_average": 114791
    }, 
    {
        "accumulated_operating_revenue_yoy": 100.21703183133526, 
        "accumulated_operating_revenue": 116238, 
        "long_term_average": 114011, 
        "date": "2013-01-31", 
        "operating_revenue": 116238, 
        "short_term_average": 116787
    }, 
    {
        "accumulated_operating_revenue_yoy": 85.43481860545799, 
        "accumulated_operating_revenue": 235174, 
        "long_term_average": 118192, 
        "date": "2013-02-28", 
        "operating_revenue": 118936, 
        "short_term_average": 116436
    }, 
    {
        "accumulated_operating_revenue_yoy": 67.20771147090339, 
        "accumulated_operating_revenue": 369825, 
        "long_term_average": 121550, 
        "date": "2013-03-31", 
        "operating_revenue": 134651, 
        "short_term_average": 123275
    }, 
    {
        "accumulated_operating_revenue_yoy": 48.80757172085903, 
        "accumulated_operating_revenue": 505477, 
        "long_term_average": 122979, 
        "date": "2013-04-30", 
        "operating_revenue": 135652, 
        "short_term_average": 129746
    }, 
    {
        "accumulated_operating_revenue_yoy": 34.43662631717934, 
        "accumulated_operating_revenue": 631266, 
        "long_term_average": 122638, 
        "date": "2013-05-31", 
        "operating_revenue": 125789, 
        "short_term_average": 132030
    }, 
    {
        "accumulated_operating_revenue_yoy": 32.945313282612275, 
        "accumulated_operating_revenue": 783012, 
        "long_term_average": 125332, 
        "date": "2013-06-30", 
        "operating_revenue": 151746, 
        "short_term_average": 137729
    }, 
    {
        "accumulated_operating_revenue_yoy": 21.258193684853488, 
        "accumulated_operating_revenue": 857601, 
        "long_term_average": 121692, 
        "date": "2013-07-31", 
        "operating_revenue": 74589, 
        "short_term_average": 117374
    }, 
    {
        "accumulated_operating_revenue_yoy": 13.507356272104973, 
        "accumulated_operating_revenue": 949640, 
        "long_term_average": 118580, 
        "date": "2013-08-31", 
        "operating_revenue": 92039, 
        "short_term_average": 106124
    }, 
    {
        "accumulated_operating_revenue_yoy": 9.523572805237873, 
        "accumulated_operating_revenue": 1057541, 
        "long_term_average": 116826, 
        "date": "2013-09-30", 
        "operating_revenue": 107901, 
        "short_term_average": 91509
    }, 
    {
        "accumulated_operating_revenue_yoy": 7.6558350599024205, 
        "accumulated_operating_revenue": 1158197, 
        "long_term_average": 116026, 
        "date": "2013-10-31", 
        "operating_revenue": 100656, 
        "short_term_average": 100198
    }, 
    {
        "accumulated_operating_revenue_yoy": 6.771331160767373, 
        "accumulated_operating_revenue": 1276794, 
        "long_term_average": 115910, 
        "date": "2013-11-30", 
        "operating_revenue": 118597, 
        "short_term_average": 109051
    }, 
    {
        "accumulated_operating_revenue_yoy": 6.639612322856646, 
        "accumulated_operating_revenue": 1396932, 
        "long_term_average": 116411, 
        "date": "2013-12-31", 
        "operating_revenue": 120138, 
        "short_term_average": 113130
    }, 
    {
        "accumulated_operating_revenue_yoy": 0.9661212340198557, 
        "accumulated_operating_revenue": 117361, 
        "long_term_average": 116504, 
        "date": "2014-01-31", 
        "operating_revenue": 117361, 
        "short_term_average": 118698
    }, 
    {
        "accumulated_operating_revenue_yoy": -11.478309677090156, 
        "accumulated_operating_revenue": 208180, 
        "long_term_average": 114161, 
        "date": "2014-02-28", 
        "operating_revenue": 90819, 
        "short_term_average": 109439
    }, 
    {
        "accumulated_operating_revenue_yoy": -12.825795984587304, 
        "accumulated_operating_revenue": 322392, 
        "long_term_average": 112458, 
        "date": "2014-03-31", 
        "operating_revenue": 114212, 
        "short_term_average": 107464
    }, 
    {
        "accumulated_operating_revenue_yoy": -14.502934851635189, 
        "accumulated_operating_revenue": 432168, 
        "long_term_average": 110301, 
        "date": "2014-04-30", 
        "operating_revenue": 109776, 
        "short_term_average": 104935
    }, 
    {
        "accumulated_operating_revenue_yoy": -12.820902757316249, 
        "accumulated_operating_revenue": 550332, 
        "long_term_average": 109666, 
        "date": "2014-05-31", 
        "operating_revenue": 118164, 
        "short_term_average": 114050
    }, 
    {
        "accumulated_operating_revenue_yoy": -14.4571219853591, 
        "accumulated_operating_revenue": 669811, 
        "long_term_average": 106977, 
        "date": "2014-06-30", 
        "operating_revenue": 119479, 
        "short_term_average": 115806
    }, 
    {
        "accumulated_operating_revenue_yoy": -8.420116114603411, 
        "accumulated_operating_revenue": 785390, 
        "long_term_average": 110393, 
        "date": "2014-07-31", 
        "operating_revenue": 115579, 
        "short_term_average": 117740
    }, 
    {
        "accumulated_operating_revenue_yoy": -6.865970262415232, 
        "accumulated_operating_revenue": 884438, 
        "long_term_average": 110977, 
        "date": "2014-08-31", 
        "operating_revenue": 99048, 
        "short_term_average": 111368
    }, 
    {
        "accumulated_operating_revenue_yoy": -4.5417624470351505, 
        "accumulated_operating_revenue": 1009510, 
        "long_term_average": 112408, 
        "date": "2014-09-30", 
        "operating_revenue": 125072, 
        "short_term_average": 113233
    }, 
    {
        "accumulated_operating_revenue_yoy": -4.281914043983882, 
        "accumulated_operating_revenue": 1108604, 
        "long_term_average": 112278, 
        "date": "2014-10-31", 
        "operating_revenue": 99094, 
        "short_term_average": 107738
    }, 
    {
        "accumulated_operating_revenue_yoy": -5.362650513708554, 
        "accumulated_operating_revenue": 1208324, 
        "long_term_average": 110705, 
        "date": "2014-11-30", 
        "operating_revenue": 99720, 
        "short_term_average": 107962
    }, 
    {
        "accumulated_operating_revenue_yoy": -6.250626372650923, 
        "accumulated_operating_revenue": 1309615, 
        "long_term_average": 109134, 
        "date": "2014-12-31", 
        "operating_revenue": 101291, 
        "short_term_average": 100035
    }, 
    {
        "accumulated_operating_revenue_yoy": -18.79159175535314, 
        "accumulated_operating_revenue": 95307, 
        "long_term_average": 107296, 
        "date": "2015-01-31", 
        "operating_revenue": 95307, 
        "short_term_average": 98772
    }, 
    {
        "accumulated_operating_revenue_yoy": -17.77308098760688, 
        "accumulated_operating_revenue": 171180, 
        "long_term_average": 106051, 
        "date": "2015-02-28", 
        "operating_revenue": 75873, 
        "short_term_average": 90823
    }, 
    {
        "accumulated_operating_revenue_yoy": -23.84271321869029, 
        "accumulated_operating_revenue": 245525, 
        "long_term_average": 102729, 
        "date": "2015-03-31", 
        "operating_revenue": 74345, 
        "short_term_average": 81841
    }, 
    {
        "accumulated_operating_revenue_yoy": -26.64033431443328, 
        "accumulated_operating_revenue": 317037, 
        "long_term_average": 99540, 
        "date": "2015-04-30", 
        "operating_revenue": 71512, 
        "short_term_average": 73910
    }, 
    {
        "accumulated_operating_revenue_yoy": -30.131266217483265, 
        "accumulated_operating_revenue": 384510, 
        "long_term_average": 95316, 
        "date": "2015-05-31", 
        "operating_revenue": 67473, 
        "short_term_average": 71110
    }, 
    {
        "accumulated_operating_revenue_yoy": -32.425116935971495, 
        "accumulated_operating_revenue": 452624, 
        "long_term_average": 91035, 
        "date": "2015-06-30", 
        "operating_revenue": 68114, 
        "short_term_average": 69033
    }, 
    {
        "accumulated_operating_revenue_yoy": -33.616292542558476, 
        "accumulated_operating_revenue": 521371, 
        "long_term_average": 87133, 
        "date": "2015-07-31", 
        "operating_revenue": 68747, 
        "short_term_average": 68111
    }, 
    {
        "accumulated_operating_revenue_yoy": -32.25811193096633, 
        "accumulated_operating_revenue": 599135, 
        "long_term_average": 85359, 
        "date": "2015-08-31", 
        "operating_revenue": 77764, 
        "short_term_average": 71541
    }
]