[
    {
        "date": "2012-01-31", 
        "operating_revenue": 124248, 
        "accumulated_operating_revenue": 124248, 
        "long_term_average": 124248, 
        "short_term_average": 124248
    }, 
    {
        "date": "2012-02-29", 
        "operating_revenue": 196293, 
        "accumulated_operating_revenue": 320541, 
        "long_term_average": 160270, 
        "short_term_average": 160270
    }, 
    {
        "date": "2012-03-31", 
        "operating_revenue": 739990, 
        "accumulated_operating_revenue": 1060531, 
        "long_term_average": 353510, 
        "short_term_average": 353510
    }, 
    {
        "date": "2012-04-30", 
        "operating_revenue": 288684, 
        "accumulated_operating_revenue": 1349215, 
        "long_term_average": 337303, 
        "short_term_average": 408322
    }, 
    {
        "date": "2012-05-31", 
        "operating_revenue": 318566, 
        "accumulated_operating_revenue": 1667781, 
        "long_term_average": 333556, 
        "short_term_average": 449080
    }, 
    {
        "date": "2012-06-30", 
        "operating_revenue": 343319, 
        "accumulated_operating_revenue": 2011100, 
        "long_term_average": 335183, 
        "short_term_average": 316856
    }, 
    {
        "date": "2012-07-31", 
        "operating_revenue": 259715, 
        "accumulated_operating_revenue": 2270815, 
        "long_term_average": 324402, 
        "short_term_average": 307200
    }, 
    {
        "date": "2012-08-31", 
        "operating_revenue": 322832, 
        "accumulated_operating_revenue": 2593647, 
        "long_term_average": 324205, 
        "short_term_average": 308622
    }, 
    {
        "date": "2012-09-30", 
        "operating_revenue": 303096, 
        "accumulated_operating_revenue": 2896743, 
        "long_term_average": 321860, 
        "short_term_average": 295214
    }, 
    {
        "date": "2012-10-31", 
        "operating_revenue": 296188, 
        "accumulated_operating_revenue": 3192931, 
        "long_term_average": 319293, 
        "short_term_average": 307372
    }, 
    {
        "date": "2012-11-30", 
        "operating_revenue": 293850, 
        "accumulated_operating_revenue": 3486781, 
        "long_term_average": 316980, 
        "short_term_average": 297711
    }, 
    {
        "date": "2012-12-31", 
        "operating_revenue": 494815, 
        "accumulated_operating_revenue": 3981596, 
        "long_term_average": 331799, 
        "short_term_average": 361617
    }, 
    {
        "accumulated_operating_revenue_yoy": 58.83314017127036, 
        "accumulated_operating_revenue": 197347, 
        "long_term_average": 337891, 
        "date": "2013-01-31", 
        "operating_revenue": 197347, 
        "short_term_average": 328670
    }, 
    {
        "accumulated_operating_revenue_yoy": 7.516667134625524, 
        "accumulated_operating_revenue": 344635, 
        "long_term_average": 333807, 
        "date": "2013-02-28", 
        "operating_revenue": 147288, 
        "short_term_average": 279816
    }, 
    {
        "accumulated_operating_revenue_yoy": -29.325686849323596, 
        "accumulated_operating_revenue": 749523, 
        "long_term_average": 305882, 
        "date": "2013-03-31", 
        "operating_revenue": 404888, 
        "short_term_average": 249841
    }, 
    {
        "accumulated_operating_revenue_yoy": -25.62326982726993, 
        "accumulated_operating_revenue": 1003502, 
        "long_term_average": 302990, 
        "date": "2013-04-30", 
        "operating_revenue": 253979, 
        "short_term_average": 268718
    }, 
    {
        "accumulated_operating_revenue_yoy": -20.464917156389237, 
        "accumulated_operating_revenue": 1326471, 
        "long_term_average": 303357, 
        "date": "2013-05-31", 
        "operating_revenue": 322969, 
        "short_term_average": 327278
    }, 
    {
        "accumulated_operating_revenue_yoy": -13.081796032022277, 
        "accumulated_operating_revenue": 1748012, 
        "long_term_average": 309875, 
        "date": "2013-06-30", 
        "operating_revenue": 421541, 
        "short_term_average": 332829
    }, 
    {
        "accumulated_operating_revenue_yoy": -12.695574056010727, 
        "accumulated_operating_revenue": 1982522, 
        "long_term_average": 307775, 
        "date": "2013-07-31", 
        "operating_revenue": 234510, 
        "short_term_average": 326340
    }, 
    {
        "accumulated_operating_revenue_yoy": -13.845561867131496, 
        "accumulated_operating_revenue": 2234542, 
        "long_term_average": 301874, 
        "date": "2013-08-31", 
        "operating_revenue": 252020, 
        "short_term_average": 302690
    }, 
    {
        "accumulated_operating_revenue_yoy": -10.739268205705512, 
        "accumulated_operating_revenue": 2585654, 
        "long_term_average": 305875, 
        "date": "2013-09-30", 
        "operating_revenue": 351112, 
        "short_term_average": 279214
    }, 
    {
        "accumulated_operating_revenue_yoy": -11.58900709097691, 
        "accumulated_operating_revenue": 2822902, 
        "long_term_average": 300963, 
        "date": "2013-10-31", 
        "operating_revenue": 237248, 
        "short_term_average": 280126
    }, 
    {
        "accumulated_operating_revenue_yoy": -10.682460412627005, 
        "accumulated_operating_revenue": 3114307, 
        "long_term_average": 300760, 
        "date": "2013-11-30", 
        "operating_revenue": 291405, 
        "short_term_average": 293255
    }, 
    {
        "accumulated_operating_revenue_yoy": -12.45000748443589, 
        "accumulated_operating_revenue": 3485887, 
        "long_term_average": 290490, 
        "date": "2013-12-31", 
        "operating_revenue": 371580, 
        "short_term_average": 300077
    }, 
    {
        "accumulated_operating_revenue_yoy": 59.787075557267144, 
        "accumulated_operating_revenue": 315335, 
        "long_term_average": 300322, 
        "date": "2014-01-31", 
        "operating_revenue": 315335, 
        "short_term_average": 326106
    }, 
    {
        "accumulated_operating_revenue_yoy": 64.45775965876942, 
        "accumulated_operating_revenue": 566779, 
        "long_term_average": 309002, 
        "date": "2014-02-28", 
        "operating_revenue": 251444, 
        "short_term_average": 312786
    }, 
    {
        "accumulated_operating_revenue_yoy": 17.49752842808026, 
        "accumulated_operating_revenue": 880671, 
        "long_term_average": 301419, 
        "date": "2014-03-31", 
        "operating_revenue": 313892, 
        "short_term_average": 293557
    }, 
    {
        "accumulated_operating_revenue_yoy": 12.144569716851587, 
        "accumulated_operating_revenue": 1125373, 
        "long_term_average": 300646, 
        "date": "2014-04-30", 
        "operating_revenue": 244702, 
        "short_term_average": 270012
    }, 
    {
        "accumulated_operating_revenue_yoy": 9.693163288153302, 
        "accumulated_operating_revenue": 1455048, 
        "long_term_average": 301205, 
        "date": "2014-05-31", 
        "operating_revenue": 329675, 
        "short_term_average": 296089
    }, 
    {
        "accumulated_operating_revenue_yoy": -1.4782507213909286, 
        "accumulated_operating_revenue": 1722172, 
        "long_term_average": 288337, 
        "date": "2014-06-30", 
        "operating_revenue": 267124, 
        "short_term_average": 280500
    }, 
    {
        "accumulated_operating_revenue_yoy": 9.882109757167889, 
        "accumulated_operating_revenue": 2178437, 
        "long_term_average": 306816, 
        "date": "2014-07-31", 
        "operating_revenue": 456265, 
        "short_term_average": 351021
    }, 
    {
        "accumulated_operating_revenue_yoy": 11.89979870595406, 
        "accumulated_operating_revenue": 2500448, 
        "long_term_average": 312649, 
        "date": "2014-08-31", 
        "operating_revenue": 322011, 
        "short_term_average": 348466
    }, 
    {
        "accumulated_operating_revenue_yoy": 9.294089619106037, 
        "accumulated_operating_revenue": 2825967, 
        "long_term_average": 310516, 
        "date": "2014-09-30", 
        "operating_revenue": 325519, 
        "short_term_average": 367931
    }, 
    {
        "accumulated_operating_revenue_yoy": 9.496008008779617, 
        "accumulated_operating_revenue": 3090965, 
        "long_term_average": 312829, 
        "date": "2014-10-31", 
        "operating_revenue": 264998, 
        "short_term_average": 304176
    }, 
    {
        "accumulated_operating_revenue_yoy": 8.740692552147236, 
        "accumulated_operating_revenue": 3386519, 
        "long_term_average": 313174, 
        "date": "2014-11-30", 
        "operating_revenue": 295554, 
        "short_term_average": 295357
    }, 
    {
        "accumulated_operating_revenue_yoy": 6.919243222743594, 
        "accumulated_operating_revenue": 3727084, 
        "long_term_average": 310590, 
        "date": "2014-12-31", 
        "operating_revenue": 340565, 
        "short_term_average": 300372
    }, 
    {
        "accumulated_operating_revenue_yoy": 1.8510472989043398, 
        "accumulated_operating_revenue": 321172, 
        "long_term_average": 311076, 
        "date": "2015-01-31", 
        "operating_revenue": 321172, 
        "short_term_average": 319097
    }, 
    {
        "accumulated_operating_revenue_yoy": 0.2320128303977388, 
        "accumulated_operating_revenue": 568094, 
        "long_term_average": 310699, 
        "date": "2015-02-28", 
        "operating_revenue": 246922, 
        "short_term_average": 302886
    }, 
    {
        "accumulated_operating_revenue_yoy": 0.34598618553353067, 
        "accumulated_operating_revenue": 883718, 
        "long_term_average": 310844, 
        "date": "2015-03-31", 
        "operating_revenue": 315624, 
        "short_term_average": 294572
    }, 
    {
        "accumulated_operating_revenue_yoy": 20.298247780957958, 
        "accumulated_operating_revenue": 1353804, 
        "long_term_average": 329626, 
        "date": "2015-04-30", 
        "operating_revenue": 470086, 
        "short_term_average": 344210
    }, 
    {
        "accumulated_operating_revenue_yoy": 21.184249591766044, 
        "accumulated_operating_revenue": 1763289, 
        "long_term_average": 336277, 
        "date": "2015-05-31", 
        "operating_revenue": 409485, 
        "short_term_average": 398398
    }, 
    {
        "accumulated_operating_revenue_yoy": 27.26591768998683, 
        "accumulated_operating_revenue": 2191738, 
        "long_term_average": 349720, 
        "date": "2015-06-30", 
        "operating_revenue": 428449, 
        "short_term_average": 436006
    }, 
    {
        "accumulated_operating_revenue_yoy": 18.40172564090676, 
        "accumulated_operating_revenue": 2579307, 
        "long_term_average": 343996, 
        "date": "2015-07-31", 
        "operating_revenue": 387569, 
        "short_term_average": 408501
    }, 
    {
        "accumulated_operating_revenue_yoy": 13.50881921959585, 
        "accumulated_operating_revenue": 2838229, 
        "long_term_average": 338738, 
        "date": "2015-08-31", 
        "operating_revenue": 258922, 
        "short_term_average": 358313
    }
]