[
    {
        "date": "2012-01-31", 
        "operating_revenue": 778, 
        "accumulated_operating_revenue": 778, 
        "long_term_average": 778, 
        "short_term_average": 778
    }, 
    {
        "date": "2012-02-29", 
        "operating_revenue": 450, 
        "accumulated_operating_revenue": 1228, 
        "long_term_average": 614, 
        "short_term_average": 614
    }, 
    {
        "date": "2012-03-31", 
        "operating_revenue": 10976, 
        "accumulated_operating_revenue": 12204, 
        "long_term_average": 4068, 
        "short_term_average": 4068
    }, 
    {
        "date": "2012-04-30", 
        "operating_revenue": 71603, 
        "accumulated_operating_revenue": 83807, 
        "long_term_average": 20951, 
        "short_term_average": 27676
    }, 
    {
        "date": "2012-05-31", 
        "operating_revenue": 87097, 
        "accumulated_operating_revenue": 170904, 
        "long_term_average": 34180, 
        "short_term_average": 56558
    }, 
    {
        "date": "2012-06-30", 
        "operating_revenue": 2674520, 
        "accumulated_operating_revenue": 2845424, 
        "long_term_average": 474237, 
        "short_term_average": 944406
    }, 
    {
        "date": "2012-07-31", 
        "operating_revenue": 132030, 
        "accumulated_operating_revenue": 2977454, 
        "long_term_average": 425350, 
        "short_term_average": 964549
    }, 
    {
        "date": "2012-08-31", 
        "operating_revenue": 127970, 
        "accumulated_operating_revenue": 3105424, 
        "long_term_average": 388178, 
        "short_term_average": 978173
    }, 
    {
        "date": "2012-09-30", 
        "operating_revenue": 259607, 
        "accumulated_operating_revenue": 3365031, 
        "long_term_average": 373892, 
        "short_term_average": 173202
    }, 
    {
        "date": "2012-10-31", 
        "operating_revenue": 145688, 
        "accumulated_operating_revenue": 3510719, 
        "long_term_average": 351071, 
        "short_term_average": 177755
    }, 
    {
        "date": "2012-11-30", 
        "operating_revenue": 175546, 
        "accumulated_operating_revenue": 3686265, 
        "long_term_average": 335115, 
        "short_term_average": 193613
    }, 
    {
        "date": "2012-12-31", 
        "operating_revenue": 461635, 
        "accumulated_operating_revenue": 4147900, 
        "long_term_average": 345658, 
        "short_term_average": 260956
    }, 
    {
        "accumulated_operating_revenue_yoy": 26480.976863753214, 
        "accumulated_operating_revenue": 206800, 
        "long_term_average": 362826, 
        "date": "2013-01-31", 
        "operating_revenue": 206800, 
        "short_term_average": 281327
    }, 
    {
        "accumulated_operating_revenue_yoy": 24428.01302931596, 
        "accumulated_operating_revenue": 301204, 
        "long_term_average": 370656, 
        "date": "2013-02-28", 
        "operating_revenue": 94404, 
        "short_term_average": 254279
    }, 
    {
        "accumulated_operating_revenue_yoy": 5795.796460176991, 
        "accumulated_operating_revenue": 719523, 
        "long_term_average": 404601, 
        "date": "2013-03-31", 
        "operating_revenue": 418319, 
        "short_term_average": 239841
    }, 
    {
        "accumulated_operating_revenue_yoy": 948.1797463219064, 
        "accumulated_operating_revenue": 878448, 
        "long_term_average": 411878, 
        "date": "2013-04-30", 
        "operating_revenue": 158925, 
        "short_term_average": 223882
    }, 
    {
        "accumulated_operating_revenue_yoy": 713.6380658147264, 
        "accumulated_operating_revenue": 1390540, 
        "long_term_average": 447294, 
        "date": "2013-05-31", 
        "operating_revenue": 512092, 
        "short_term_average": 363112
    }, 
    {
        "accumulated_operating_revenue_yoy": -24.654005870478354, 
        "accumulated_operating_revenue": 2143913, 
        "long_term_average": 287199, 
        "date": "2013-06-30", 
        "operating_revenue": 753373, 
        "short_term_average": 474796
    }, 
    {
        "accumulated_operating_revenue_yoy": -14.930037542141708, 
        "accumulated_operating_revenue": 2532919, 
        "long_term_average": 308613, 
        "date": "2013-07-31", 
        "operating_revenue": 389006, 
        "short_term_average": 551490
    }, 
    {
        "accumulated_operating_revenue_yoy": -6.216993235062265, 
        "accumulated_operating_revenue": 2912360, 
        "long_term_average": 329569, 
        "date": "2013-08-31", 
        "operating_revenue": 379441, 
        "short_term_average": 507273
    }, 
    {
        "accumulated_operating_revenue_yoy": -0.4733388786017127, 
        "accumulated_operating_revenue": 3349103, 
        "long_term_average": 344331, 
        "date": "2013-09-30", 
        "operating_revenue": 436743, 
        "short_term_average": 401730
    }, 
    {
        "accumulated_operating_revenue_yoy": 1.6258208076465248, 
        "accumulated_operating_revenue": 3567797, 
        "long_term_average": 350414, 
        "date": "2013-10-31", 
        "operating_revenue": 218694, 
        "short_term_average": 344959
    }, 
    {
        "accumulated_operating_revenue_yoy": -0.04413681599125402, 
        "accumulated_operating_revenue": 3684638, 
        "long_term_average": 345522, 
        "date": "2013-11-30", 
        "operating_revenue": 116841, 
        "short_term_average": 257426
    }, 
    {
        "accumulated_operating_revenue_yoy": 10.958557342269582, 
        "accumulated_operating_revenue": 4602450, 
        "long_term_average": 383537, 
        "date": "2013-12-31", 
        "operating_revenue": 917812, 
        "short_term_average": 417782
    }, 
    {
        "accumulated_operating_revenue_yoy": 37.42940038684719, 
        "accumulated_operating_revenue": 284204, 
        "long_term_average": 389987, 
        "date": "2014-01-31", 
        "operating_revenue": 284204, 
        "short_term_average": 439619
    }, 
    {
        "accumulated_operating_revenue_yoy": 126.43158789391906, 
        "accumulated_operating_revenue": 682021, 
        "long_term_average": 415272, 
        "date": "2014-02-28", 
        "operating_revenue": 397817, 
        "short_term_average": 533277
    }, 
    {
        "accumulated_operating_revenue_yoy": 23.021501744906, 
        "accumulated_operating_revenue": 885168, 
        "long_term_average": 397341, 
        "date": "2014-03-31", 
        "operating_revenue": 203147, 
        "short_term_average": 295056
    }, 
    {
        "accumulated_operating_revenue_yoy": 27.268546345372748, 
        "accumulated_operating_revenue": 1117988, 
        "long_term_average": 403499, 
        "date": "2014-04-30", 
        "operating_revenue": 232820, 
        "short_term_average": 277928
    }, 
    {
        "accumulated_operating_revenue_yoy": 23.74307822860184, 
        "accumulated_operating_revenue": 1720697, 
        "long_term_average": 411050, 
        "date": "2014-05-31", 
        "operating_revenue": 602709, 
        "short_term_average": 346225
    }, 
    {
        "accumulated_operating_revenue_yoy": 4.057580694739013, 
        "accumulated_operating_revenue": 2230904, 
        "long_term_average": 390786, 
        "date": "2014-06-30", 
        "operating_revenue": 510207, 
        "short_term_average": 448578
    }, 
    {
        "accumulated_operating_revenue_yoy": 7.695350700121086, 
        "accumulated_operating_revenue": 2727836, 
        "long_term_average": 399780, 
        "date": "2014-07-31", 
        "operating_revenue": 496932, 
        "short_term_average": 536616
    }, 
    {
        "accumulated_operating_revenue_yoy": 0.2929926245381752, 
        "accumulated_operating_revenue": 2920893, 
        "long_term_average": 384248, 
        "date": "2014-08-31", 
        "operating_revenue": 193057, 
        "short_term_average": 400065
    }, 
    {
        "accumulated_operating_revenue_yoy": 3.413331868264428, 
        "accumulated_operating_revenue": 3463419, 
        "long_term_average": 393063, 
        "date": "2014-09-30", 
        "operating_revenue": 542526, 
        "short_term_average": 410838
    }, 
    {
        "accumulated_operating_revenue_yoy": 0.5878137124954138, 
        "accumulated_operating_revenue": 3588769, 
        "long_term_average": 385285, 
        "date": "2014-10-31", 
        "operating_revenue": 125350, 
        "short_term_average": 286977
    }, 
    {
        "accumulated_operating_revenue_yoy": 1.611745848574541, 
        "accumulated_operating_revenue": 3744025, 
        "long_term_average": 388486, 
        "date": "2014-11-30", 
        "operating_revenue": 155256, 
        "short_term_average": 274377
    }, 
    {
        "accumulated_operating_revenue_yoy": -12.934915099566535, 
        "accumulated_operating_revenue": 4007127, 
        "long_term_average": 333927, 
        "date": "2014-12-31", 
        "operating_revenue": 263102, 
        "short_term_average": 181236
    }, 
    {
        "accumulated_operating_revenue_yoy": -43.70065164459332, 
        "accumulated_operating_revenue": 160005, 
        "long_term_average": 323577, 
        "date": "2015-01-31", 
        "operating_revenue": 160005, 
        "short_term_average": 192787
    }, 
    {
        "accumulated_operating_revenue_yoy": -47.79119704525227, 
        "accumulated_operating_revenue": 356075, 
        "long_term_average": 306765, 
        "date": "2015-02-28", 
        "operating_revenue": 196070, 
        "short_term_average": 206392
    }, 
    {
        "accumulated_operating_revenue_yoy": -48.403805831209446, 
        "accumulated_operating_revenue": 456713, 
        "long_term_average": 298222, 
        "date": "2015-03-31", 
        "operating_revenue": 100638, 
        "short_term_average": 152237
    }, 
    {
        "accumulated_operating_revenue_yoy": -51.78561845028749, 
        "accumulated_operating_revenue": 539031, 
        "long_term_average": 285680, 
        "date": "2015-04-30", 
        "operating_revenue": 82318, 
        "short_term_average": 126342
    }, 
    {
        "accumulated_operating_revenue_yoy": -60.73155238836355, 
        "accumulated_operating_revenue": 675691, 
        "long_term_average": 246843, 
        "date": "2015-05-31", 
        "operating_revenue": 136660, 
        "short_term_average": 106538
    }, 
    {
        "accumulated_operating_revenue_yoy": -55.1307900295127, 
        "accumulated_operating_revenue": 1000989, 
        "long_term_average": 231434, 
        "date": "2015-06-30", 
        "operating_revenue": 325298, 
        "short_term_average": 181425
    }, 
    {
        "accumulated_operating_revenue_yoy": -56.036836525362965, 
        "accumulated_operating_revenue": 1199243, 
        "long_term_average": 206544, 
        "date": "2015-07-31", 
        "operating_revenue": 198254, 
        "short_term_average": 220070
    }, 
    {
        "accumulated_operating_revenue_yoy": -57.37529584274398, 
        "accumulated_operating_revenue": 1245022, 
        "long_term_average": 194271, 
        "date": "2015-08-31", 
        "operating_revenue": 45779, 
        "short_term_average": 189777
    }, 
    {
        "accumulated_operating_revenue_yoy": -58.98226578996073, 
        "accumulated_operating_revenue": 1420616, 
        "long_term_average": 163693, 
        "date": "2015-09-30", 
        "operating_revenue": 175594, 
        "short_term_average": 139875
    }
]