[
    {
        "date": "2012-01-31", 
        "operating_revenue": 726355, 
        "accumulated_operating_revenue": 726355, 
        "long_term_average": 726355, 
        "short_term_average": 726355
    }, 
    {
        "date": "2012-02-29", 
        "operating_revenue": 815626, 
        "accumulated_operating_revenue": 1541981, 
        "long_term_average": 770990, 
        "short_term_average": 770990
    }, 
    {
        "date": "2012-03-31", 
        "operating_revenue": 901429, 
        "accumulated_operating_revenue": 2443410, 
        "long_term_average": 814470, 
        "short_term_average": 814470
    }, 
    {
        "date": "2012-04-30", 
        "operating_revenue": 1302359, 
        "accumulated_operating_revenue": 3745769, 
        "long_term_average": 936442, 
        "short_term_average": 1006471
    }, 
    {
        "date": "2012-05-31", 
        "operating_revenue": 780534, 
        "accumulated_operating_revenue": 4526303, 
        "long_term_average": 905260, 
        "short_term_average": 994774
    }, 
    {
        "date": "2012-06-30", 
        "operating_revenue": 1454870, 
        "accumulated_operating_revenue": 5981173, 
        "long_term_average": 996862, 
        "short_term_average": 1179254
    }, 
    {
        "date": "2012-07-31", 
        "operating_revenue": 912886, 
        "accumulated_operating_revenue": 6894059, 
        "long_term_average": 984865, 
        "short_term_average": 1049430
    }, 
    {
        "date": "2012-08-31", 
        "operating_revenue": 745745, 
        "accumulated_operating_revenue": 7639804, 
        "long_term_average": 954975, 
        "short_term_average": 1037833
    }, 
    {
        "date": "2012-09-30", 
        "operating_revenue": 697461, 
        "accumulated_operating_revenue": 8337265, 
        "long_term_average": 926362, 
        "short_term_average": 785364
    }, 
    {
        "date": "2012-10-31", 
        "operating_revenue": 453489, 
        "accumulated_operating_revenue": 8790754, 
        "long_term_average": 879075, 
        "short_term_average": 632231
    }, 
    {
        "date": "2012-11-30", 
        "operating_revenue": 577832, 
        "accumulated_operating_revenue": 9368586, 
        "long_term_average": 851689, 
        "short_term_average": 576260
    }, 
    {
        "date": "2012-12-31", 
        "operating_revenue": 848933, 
        "accumulated_operating_revenue": 10217519, 
        "long_term_average": 851459, 
        "short_term_average": 626751
    }, 
    {
        "accumulated_operating_revenue_yoy": -32.834908550226814, 
        "accumulated_operating_revenue": 487857, 
        "long_term_average": 831585, 
        "date": "2013-01-31", 
        "operating_revenue": 487857, 
        "short_term_average": 638207
    }, 
    {
        "accumulated_operating_revenue_yoy": -43.48270179723356, 
        "accumulated_operating_revenue": 871486, 
        "long_term_average": 795585, 
        "date": "2013-02-28", 
        "operating_revenue": 383629, 
        "short_term_average": 573473
    }, 
    {
        "accumulated_operating_revenue_yoy": -40.49050302650804, 
        "accumulated_operating_revenue": 1454061, 
        "long_term_average": 769014, 
        "date": "2013-03-31", 
        "operating_revenue": 582575, 
        "short_term_average": 484687
    }, 
    {
        "accumulated_operating_revenue_yoy": -49.835133987173265, 
        "accumulated_operating_revenue": 1879060, 
        "long_term_average": 695900, 
        "date": "2013-04-30", 
        "operating_revenue": 424999, 
        "short_term_average": 463734
    }, 
    {
        "accumulated_operating_revenue_yoy": -46.75453675991201, 
        "accumulated_operating_revenue": 2410051, 
        "long_term_average": 675105, 
        "date": "2013-05-31", 
        "operating_revenue": 530991, 
        "short_term_average": 512855
    }, 
    {
        "accumulated_operating_revenue_yoy": -50.2793682777609, 
        "accumulated_operating_revenue": 2973877, 
        "long_term_average": 600851, 
        "date": "2013-06-30", 
        "operating_revenue": 563826, 
        "short_term_average": 506605
    }, 
    {
        "accumulated_operating_revenue_yoy": -51.1485468865294, 
        "accumulated_operating_revenue": 3367848, 
        "long_term_average": 557609, 
        "date": "2013-07-31", 
        "operating_revenue": 393971, 
        "short_term_average": 496262
    }, 
    {
        "accumulated_operating_revenue_yoy": -51.98039111998162, 
        "accumulated_operating_revenue": 3668604, 
        "long_term_average": 520526, 
        "date": "2013-08-31", 
        "operating_revenue": 300756, 
        "short_term_average": 419517
    }, 
    {
        "accumulated_operating_revenue_yoy": -52.37506544412346, 
        "accumulated_operating_revenue": 3970617, 
        "long_term_average": 487572, 
        "date": "2013-09-30", 
        "operating_revenue": 302013, 
        "short_term_average": 332246
    }, 
    {
        "accumulated_operating_revenue_yoy": -51.63789135721464, 
        "accumulated_operating_revenue": 4251394, 
        "long_term_average": 473179, 
        "date": "2013-10-31", 
        "operating_revenue": 280777, 
        "short_term_average": 294515
    }, 
    {
        "accumulated_operating_revenue_yoy": -50.0941550838088, 
        "accumulated_operating_revenue": 4675472, 
        "long_term_average": 460367, 
        "date": "2013-11-30", 
        "operating_revenue": 424078, 
        "short_term_average": 335622
    }, 
    {
        "accumulated_operating_revenue_yoy": -48.06939923478488, 
        "accumulated_operating_revenue": 5306019, 
        "long_term_average": 442168, 
        "date": "2013-12-31", 
        "operating_revenue": 630547, 
        "short_term_average": 445134
    }, 
    {
        "accumulated_operating_revenue_yoy": -36.01977628690374, 
        "accumulated_operating_revenue": 312132, 
        "long_term_average": 427524, 
        "date": "2014-01-31", 
        "operating_revenue": 312132, 
        "short_term_average": 455585
    }, 
    {
        "accumulated_operating_revenue_yoy": -25.459502504916887, 
        "accumulated_operating_revenue": 649610, 
        "long_term_average": 423678, 
        "date": "2014-02-28", 
        "operating_revenue": 337478, 
        "short_term_average": 426719
    }, 
    {
        "accumulated_operating_revenue_yoy": -25.03870195266911, 
        "accumulated_operating_revenue": 1089983, 
        "long_term_average": 411828, 
        "date": "2014-03-31", 
        "operating_revenue": 440373, 
        "short_term_average": 363327
    }, 
    {
        "accumulated_operating_revenue_yoy": -23.662043787851374, 
        "accumulated_operating_revenue": 1434436, 
        "long_term_average": 405116, 
        "date": "2014-04-30", 
        "operating_revenue": 344453, 
        "short_term_average": 374101
    }, 
    {
        "accumulated_operating_revenue_yoy": -23.778169009701454, 
        "accumulated_operating_revenue": 1836985, 
        "long_term_average": 394412, 
        "date": "2014-05-31", 
        "operating_revenue": 402549, 
        "short_term_average": 395791
    }, 
    {
        "accumulated_operating_revenue_yoy": -25.87773468774936, 
        "accumulated_operating_revenue": 2204305, 
        "long_term_average": 378037, 
        "date": "2014-06-30", 
        "operating_revenue": 367320, 
        "short_term_average": 371440
    }, 
    {
        "accumulated_operating_revenue_yoy": -22.807472308726524, 
        "accumulated_operating_revenue": 2599727, 
        "long_term_average": 378158, 
        "date": "2014-07-31", 
        "operating_revenue": 395422, 
        "short_term_average": 388430
    }, 
    {
        "accumulated_operating_revenue_yoy": -19.44306335597955, 
        "accumulated_operating_revenue": 2955315, 
        "long_term_average": 382727, 
        "date": "2014-08-31", 
        "operating_revenue": 355588, 
        "short_term_average": 372776
    }, 
    {
        "accumulated_operating_revenue_yoy": -16.44449716505017, 
        "accumulated_operating_revenue": 3317669, 
        "long_term_average": 387755, 
        "date": "2014-09-30", 
        "operating_revenue": 362354, 
        "short_term_average": 371121
    }, 
    {
        "accumulated_operating_revenue_yoy": -12.237562550071813, 
        "accumulated_operating_revenue": 3731127, 
        "long_term_average": 398812, 
        "date": "2014-10-31", 
        "operating_revenue": 413458, 
        "short_term_average": 377133
    }, 
    {
        "accumulated_operating_revenue_yoy": -13.871668999407975, 
        "accumulated_operating_revenue": 4026906, 
        "long_term_average": 388121, 
        "date": "2014-11-30", 
        "operating_revenue": 295779, 
        "short_term_average": 357197
    }, 
    {
        "accumulated_operating_revenue_yoy": -3.443165205401639, 
        "accumulated_operating_revenue": 5123324, 
        "long_term_average": 426943, 
        "date": "2014-12-31", 
        "operating_revenue": 1096418, 
        "short_term_average": 601885
    }, 
    {
        "accumulated_operating_revenue_yoy": 8.15584432227391, 
        "accumulated_operating_revenue": 337589, 
        "long_term_average": 429065, 
        "date": "2015-01-31", 
        "operating_revenue": 337589, 
        "short_term_average": 576595
    }, 
    {
        "accumulated_operating_revenue_yoy": -13.43652345253306, 
        "accumulated_operating_revenue": 562325, 
        "long_term_average": 419669, 
        "date": "2015-02-28", 
        "operating_revenue": 224736, 
        "short_term_average": 552914
    }, 
    {
        "accumulated_operating_revenue_yoy": -16.675305945138593, 
        "accumulated_operating_revenue": 908225, 
        "long_term_average": 411797, 
        "date": "2015-03-31", 
        "operating_revenue": 345900, 
        "short_term_average": 302741
    }, 
    {
        "accumulated_operating_revenue_yoy": -17.957441112743965, 
        "accumulated_operating_revenue": 1176848, 
        "long_term_average": 405478, 
        "date": "2015-04-30", 
        "operating_revenue": 268623, 
        "short_term_average": 279753
    }, 
    {
        "accumulated_operating_revenue_yoy": -18.073528090866283, 
        "accumulated_operating_revenue": 1504977, 
        "long_term_average": 399276, 
        "date": "2015-05-31", 
        "operating_revenue": 328129, 
        "short_term_average": 314217
    }, 
    {
        "accumulated_operating_revenue_yoy": -12.154171042573509, 
        "accumulated_operating_revenue": 1936390, 
        "long_term_average": 404617, 
        "date": "2015-06-30", 
        "operating_revenue": 431413, 
        "short_term_average": 342721
    }, 
    {
        "accumulated_operating_revenue_yoy": -13.973467214057475, 
        "accumulated_operating_revenue": 2236455, 
        "long_term_average": 396671, 
        "date": "2015-07-31", 
        "operating_revenue": 300065, 
        "short_term_average": 353202
    }, 
    {
        "accumulated_operating_revenue_yoy": -15.822238915310214, 
        "accumulated_operating_revenue": 2487718, 
        "long_term_average": 387977, 
        "date": "2015-08-31", 
        "operating_revenue": 251263, 
        "short_term_average": 327580
    }, 
    {
        "accumulated_operating_revenue_yoy": -16.928451873890975, 
        "accumulated_operating_revenue": 2756039, 
        "long_term_average": 380141, 
        "date": "2015-09-30", 
        "operating_revenue": 268321, 
        "short_term_average": 273216
    }
]