[
    {
        "date": "2012-01-31", 
        "operating_revenue": 113290, 
        "accumulated_operating_revenue": 113290, 
        "long_term_average": 113290, 
        "short_term_average": 113290
    }, 
    {
        "date": "2012-02-29", 
        "operating_revenue": 220201, 
        "accumulated_operating_revenue": 333491, 
        "long_term_average": 166745, 
        "short_term_average": 166745
    }, 
    {
        "date": "2012-03-31", 
        "operating_revenue": 372983, 
        "accumulated_operating_revenue": 706474, 
        "long_term_average": 235491, 
        "short_term_average": 235491
    }, 
    {
        "date": "2012-04-30", 
        "operating_revenue": 145258, 
        "accumulated_operating_revenue": 851732, 
        "long_term_average": 212933, 
        "short_term_average": 246147
    }, 
    {
        "date": "2012-05-31", 
        "operating_revenue": 227308, 
        "accumulated_operating_revenue": 1079040, 
        "long_term_average": 215808, 
        "short_term_average": 248516
    }, 
    {
        "date": "2012-06-30", 
        "operating_revenue": 150429, 
        "accumulated_operating_revenue": 1229469, 
        "long_term_average": 204911, 
        "short_term_average": 174331
    }, 
    {
        "date": "2012-07-31", 
        "operating_revenue": 1866169, 
        "accumulated_operating_revenue": 3095638, 
        "long_term_average": 442234, 
        "short_term_average": 747968
    }, 
    {
        "date": "2012-08-31", 
        "operating_revenue": 3037481, 
        "accumulated_operating_revenue": 6133119, 
        "long_term_average": 766639, 
        "short_term_average": 1684693
    }, 
    {
        "date": "2012-09-30", 
        "operating_revenue": 46809, 
        "accumulated_operating_revenue": 6179928, 
        "long_term_average": 686658, 
        "short_term_average": 1650153
    }, 
    {
        "date": "2012-10-31", 
        "operating_revenue": 171141, 
        "accumulated_operating_revenue": 6351069, 
        "long_term_average": 635106, 
        "short_term_average": 1085143
    }, 
    {
        "date": "2012-11-30", 
        "operating_revenue": 145673, 
        "accumulated_operating_revenue": 6496742, 
        "long_term_average": 590612, 
        "short_term_average": 121207
    }, 
    {
        "date": "2012-12-31", 
        "operating_revenue": 329175, 
        "accumulated_operating_revenue": 6825917, 
        "long_term_average": 568826, 
        "short_term_average": 215329
    }, 
    {
        "accumulated_operating_revenue_yoy": 46.832906699620445, 
        "accumulated_operating_revenue": 166347, 
        "long_term_average": 573247, 
        "date": "2013-01-31", 
        "operating_revenue": 166347, 
        "short_term_average": 213731
    }, 
    {
        "accumulated_operating_revenue_yoy": -3.6351805595953115, 
        "accumulated_operating_revenue": 321368, 
        "long_term_average": 567816, 
        "date": "2013-02-28", 
        "operating_revenue": 155021, 
        "short_term_average": 216847
    }, 
    {
        "accumulated_operating_revenue_yoy": -34.1565294688835, 
        "accumulated_operating_revenue": 465167, 
        "long_term_average": 548717, 
        "date": "2013-03-31", 
        "operating_revenue": 143799, 
        "short_term_average": 155055
    }, 
    {
        "accumulated_operating_revenue_yoy": -30.097025825024776, 
        "accumulated_operating_revenue": 595386, 
        "long_term_average": 547464, 
        "date": "2013-04-30", 
        "operating_revenue": 130219, 
        "short_term_average": 143013
    }, 
    {
        "accumulated_operating_revenue_yoy": -30.371163256227756, 
        "accumulated_operating_revenue": 751323, 
        "long_term_average": 541516, 
        "date": "2013-05-31", 
        "operating_revenue": 155937, 
        "short_term_average": 143318
    }, 
    {
        "accumulated_operating_revenue_yoy": -26.44027624934016, 
        "accumulated_operating_revenue": 904394, 
        "long_term_average": 541736, 
        "date": "2013-06-30", 
        "operating_revenue": 153071, 
        "short_term_average": 146409
    }, 
    {
        "accumulated_operating_revenue_yoy": -53.66913056371578, 
        "accumulated_operating_revenue": 1434236, 
        "long_term_average": 430376, 
        "date": "2013-07-31", 
        "operating_revenue": 529842, 
        "short_term_average": 279616
    }, 
    {
        "accumulated_operating_revenue_yoy": -72.8308385994141, 
        "accumulated_operating_revenue": 1666317, 
        "long_term_average": 196592, 
        "date": "2013-08-31", 
        "operating_revenue": 232081, 
        "short_term_average": 304998
    }, 
    {
        "accumulated_operating_revenue_yoy": -70.71617986487868, 
        "accumulated_operating_revenue": 1809719, 
        "long_term_average": 204642, 
        "date": "2013-09-30", 
        "operating_revenue": 143402, 
        "short_term_average": 301775
    }, 
    {
        "accumulated_operating_revenue_yoy": -68.7429627988611, 
        "accumulated_operating_revenue": 1985156, 
        "long_term_average": 205000, 
        "date": "2013-10-31", 
        "operating_revenue": 175437, 
        "short_term_average": 183640
    }, 
    {
        "accumulated_operating_revenue_yoy": -64.92746672101185, 
        "accumulated_operating_revenue": 2278572, 
        "long_term_average": 217312, 
        "date": "2013-11-30", 
        "operating_revenue": 293416, 
        "short_term_average": 204085
    }, 
    {
        "accumulated_operating_revenue_yoy": -61.1458064901756, 
        "accumulated_operating_revenue": 2652155, 
        "long_term_average": 221012, 
        "date": "2013-12-31", 
        "operating_revenue": 373583, 
        "short_term_average": 280812
    }, 
    {
        "accumulated_operating_revenue_yoy": 21.461763662705067, 
        "accumulated_operating_revenue": 202048, 
        "long_term_average": 223988, 
        "date": "2014-01-31", 
        "operating_revenue": 202048, 
        "short_term_average": 289682
    }, 
    {
        "accumulated_operating_revenue_yoy": -3.3765029498892236, 
        "accumulated_operating_revenue": 310517, 
        "long_term_average": 220108, 
        "date": "2014-02-28", 
        "operating_revenue": 108469, 
        "short_term_average": 228033
    }, 
    {
        "accumulated_operating_revenue_yoy": 0.06406301392833111, 
        "accumulated_operating_revenue": 465465, 
        "long_term_average": 221037, 
        "date": "2014-03-31", 
        "operating_revenue": 154948, 
        "short_term_average": 155155
    }, 
    {
        "accumulated_operating_revenue_yoy": 28.930139438952207, 
        "accumulated_operating_revenue": 767632, 
        "long_term_average": 235366, 
        "date": "2014-04-30", 
        "operating_revenue": 302167, 
        "short_term_average": 188528
    }, 
    {
        "accumulated_operating_revenue_yoy": 128.7864207537903, 
        "accumulated_operating_revenue": 1718925, 
        "long_term_average": 301646, 
        "date": "2014-05-31", 
        "operating_revenue": 951293, 
        "short_term_average": 469469
    }, 
    {
        "accumulated_operating_revenue_yoy": 203.61888734334812, 
        "accumulated_operating_revenue": 2745911, 
        "long_term_average": 374472, 
        "date": "2014-06-30", 
        "operating_revenue": 1026986, 
        "short_term_average": 760148
    }, 
    {
        "accumulated_operating_revenue_yoy": 189.9418924082229, 
        "accumulated_operating_revenue": 4158451, 
        "long_term_average": 448030, 
        "date": "2014-07-31", 
        "operating_revenue": 1412540, 
        "short_term_average": 1130273
    }, 
    {
        "accumulated_operating_revenue_yoy": 210.95421819497733, 
        "accumulated_operating_revenue": 5181483, 
        "long_term_average": 513943, 
        "date": "2014-08-31", 
        "operating_revenue": 1023032, 
        "short_term_average": 1154186
    }, 
    {
        "accumulated_operating_revenue_yoy": 203.5540876788054, 
        "accumulated_operating_revenue": 5493476, 
        "long_term_average": 527992, 
        "date": "2014-09-30", 
        "operating_revenue": 311993, 
        "short_term_average": 915855
    }, 
    {
        "accumulated_operating_revenue_yoy": 193.91886582213186, 
        "accumulated_operating_revenue": 5834748, 
        "long_term_average": 541812, 
        "date": "2014-10-31", 
        "operating_revenue": 341272, 
        "short_term_average": 558765
    }, 
    {
        "accumulated_operating_revenue_yoy": 173.36779351277906, 
        "accumulated_operating_revenue": 6228882, 
        "long_term_average": 550205, 
        "date": "2014-11-30", 
        "operating_revenue": 394134, 
        "short_term_average": 349133
    }, 
    {
        "accumulated_operating_revenue_yoy": 138.6092064754888, 
        "accumulated_operating_revenue": 6328286, 
        "long_term_average": 527357, 
        "date": "2014-12-31", 
        "operating_revenue": 99404, 
        "short_term_average": 278270
    }, 
    {
        "accumulated_operating_revenue_yoy": -19.902201457079506, 
        "accumulated_operating_revenue": 161836, 
        "long_term_average": 524006, 
        "date": "2015-01-31", 
        "operating_revenue": 161836, 
        "short_term_average": 218458
    }, 
    {
        "accumulated_operating_revenue_yoy": -2.6098410070946194, 
        "accumulated_operating_revenue": 302413, 
        "long_term_average": 526681, 
        "date": "2015-02-28", 
        "operating_revenue": 140577, 
        "short_term_average": 133939
    }, 
    {
        "accumulated_operating_revenue_yoy": -5.771432868207062, 
        "accumulated_operating_revenue": 438601, 
        "long_term_average": 525118, 
        "date": "2015-03-31", 
        "operating_revenue": 136188, 
        "short_term_average": 146200
    }, 
    {
        "accumulated_operating_revenue_yoy": -26.834342497446695, 
        "accumulated_operating_revenue": 561643, 
        "long_term_average": 510191, 
        "date": "2015-04-30", 
        "operating_revenue": 123042, 
        "short_term_average": 133269
    }, 
    {
        "accumulated_operating_revenue_yoy": -58.53280393269049, 
        "accumulated_operating_revenue": 712790, 
        "long_term_average": 443512, 
        "date": "2015-05-31", 
        "operating_revenue": 151147, 
        "short_term_average": 136792
    }, 
    {
        "accumulated_operating_revenue_yoy": -69.01716770864023, 
        "accumulated_operating_revenue": 850761, 
        "long_term_average": 369428, 
        "date": "2015-06-30", 
        "operating_revenue": 137971, 
        "short_term_average": 137386
    }, 
    {
        "accumulated_operating_revenue_yoy": -76.78068107571787, 
        "accumulated_operating_revenue": 965564, 
        "long_term_average": 261283, 
        "date": "2015-07-31", 
        "operating_revenue": 114803, 
        "short_term_average": 134640
    }, 
    {
        "accumulated_operating_revenue_yoy": -78.88741505086479, 
        "accumulated_operating_revenue": 1093945, 
        "long_term_average": 186729, 
        "date": "2015-08-31", 
        "operating_revenue": 128381, 
        "short_term_average": 127051
    }
]