[
    {
        "date": "2012-01-31", 
        "operating_revenue": 3525, 
        "accumulated_operating_revenue": 3525, 
        "long_term_average": 3525, 
        "short_term_average": 3525
    }, 
    {
        "date": "2012-02-29", 
        "operating_revenue": 1724, 
        "accumulated_operating_revenue": 5249, 
        "long_term_average": 2624, 
        "short_term_average": 2624
    }, 
    {
        "date": "2012-03-31", 
        "operating_revenue": 7079, 
        "accumulated_operating_revenue": 12328, 
        "long_term_average": 4109, 
        "short_term_average": 4109
    }, 
    {
        "date": "2012-04-30", 
        "operating_revenue": 3097, 
        "accumulated_operating_revenue": 15425, 
        "long_term_average": 3856, 
        "short_term_average": 3966
    }, 
    {
        "date": "2012-05-31", 
        "operating_revenue": 3472, 
        "accumulated_operating_revenue": 18897, 
        "long_term_average": 3779, 
        "short_term_average": 4549
    }, 
    {
        "date": "2012-06-30", 
        "operating_revenue": 3106, 
        "accumulated_operating_revenue": 22003, 
        "long_term_average": 3667, 
        "short_term_average": 3225
    }, 
    {
        "date": "2012-07-31", 
        "operating_revenue": 2870, 
        "accumulated_operating_revenue": 24873, 
        "long_term_average": 3553, 
        "short_term_average": 3149
    }, 
    {
        "date": "2012-08-31", 
        "operating_revenue": 2641, 
        "accumulated_operating_revenue": 27514, 
        "long_term_average": 3439, 
        "short_term_average": 2872
    }, 
    {
        "date": "2012-09-30", 
        "operating_revenue": 4198, 
        "accumulated_operating_revenue": 31712, 
        "long_term_average": 3523, 
        "short_term_average": 3236
    }, 
    {
        "date": "2012-10-31", 
        "operating_revenue": 7205, 
        "accumulated_operating_revenue": 38917, 
        "long_term_average": 3891, 
        "short_term_average": 4681
    }, 
    {
        "date": "2012-11-30", 
        "operating_revenue": 1863, 
        "accumulated_operating_revenue": 40780, 
        "long_term_average": 3707, 
        "short_term_average": 4422
    }, 
    {
        "date": "2012-12-31", 
        "operating_revenue": 5860, 
        "accumulated_operating_revenue": 46640, 
        "long_term_average": 3886, 
        "short_term_average": 4976
    }, 
    {
        "accumulated_operating_revenue_yoy": -61.843971631205676, 
        "accumulated_operating_revenue": 1345, 
        "long_term_average": 3705, 
        "date": "2013-01-31", 
        "operating_revenue": 1345, 
        "short_term_average": 3022
    }, 
    {
        "accumulated_operating_revenue_yoy": -48.80929700895409, 
        "accumulated_operating_revenue": 2687, 
        "long_term_average": 3673, 
        "date": "2013-02-28", 
        "operating_revenue": 1342, 
        "short_term_average": 2849
    }, 
    {
        "accumulated_operating_revenue_yoy": -70.02757949383516, 
        "accumulated_operating_revenue": 3695, 
        "long_term_average": 3167, 
        "date": "2013-03-31", 
        "operating_revenue": 1008, 
        "short_term_average": 1231
    }, 
    {
        "accumulated_operating_revenue_yoy": -69.49756888168558, 
        "accumulated_operating_revenue": 4705, 
        "long_term_average": 2993, 
        "date": "2013-04-30", 
        "operating_revenue": 1010, 
        "short_term_average": 1120
    }, 
    {
        "accumulated_operating_revenue_yoy": -64.10012171244112, 
        "accumulated_operating_revenue": 6784, 
        "long_term_average": 2877, 
        "date": "2013-05-31", 
        "operating_revenue": 2079, 
        "short_term_average": 1365
    }, 
    {
        "accumulated_operating_revenue_yoy": -46.370949415988726, 
        "accumulated_operating_revenue": 11800, 
        "long_term_average": 3036, 
        "date": "2013-06-30", 
        "operating_revenue": 5016, 
        "short_term_average": 2701
    }, 
    {
        "accumulated_operating_revenue_yoy": -42.07373457162385, 
        "accumulated_operating_revenue": 14408, 
        "long_term_average": 3014, 
        "date": "2013-07-31", 
        "operating_revenue": 2608, 
        "short_term_average": 3234
    }, 
    {
        "accumulated_operating_revenue_yoy": 354.4086646797994, 
        "accumulated_operating_revenue": 125026, 
        "long_term_average": 12012, 
        "date": "2013-08-31", 
        "operating_revenue": 110618, 
        "short_term_average": 39414
    }, 
    {
        "accumulated_operating_revenue_yoy": 297.0642028254288, 
        "accumulated_operating_revenue": 125917, 
        "long_term_average": 11737, 
        "date": "2013-09-30", 
        "operating_revenue": 891, 
        "short_term_average": 38039
    }, 
    {
        "accumulated_operating_revenue_yoy": 226.71840069892335, 
        "accumulated_operating_revenue": 127149, 
        "long_term_average": 11239, 
        "date": "2013-10-31", 
        "operating_revenue": 1232, 
        "short_term_average": 37580
    }, 
    {
        "accumulated_operating_revenue_yoy": 219.15399705738108, 
        "accumulated_operating_revenue": 130151, 
        "long_term_average": 11334, 
        "date": "2013-11-30", 
        "operating_revenue": 3002, 
        "short_term_average": 1708
    }, 
    {
        "accumulated_operating_revenue_yoy": 1853.8336192109778, 
        "accumulated_operating_revenue": 911268, 
        "long_term_average": 75939, 
        "date": "2013-12-31", 
        "operating_revenue": 781117, 
        "short_term_average": 261783
    }, 
    {
        "accumulated_operating_revenue_yoy": 23340.520446096652, 
        "accumulated_operating_revenue": 315275, 
        "long_term_average": 102099, 
        "date": "2014-01-31", 
        "operating_revenue": 315275, 
        "short_term_average": 366464
    }, 
    {
        "accumulated_operating_revenue_yoy": 21431.70822478601, 
        "accumulated_operating_revenue": 578557, 
        "long_term_average": 123928, 
        "date": "2014-02-28", 
        "operating_revenue": 263282, 
        "short_term_average": 453224
    }, 
    {
        "accumulated_operating_revenue_yoy": 19996.914749661704, 
        "accumulated_operating_revenue": 742581, 
        "long_term_average": 137512, 
        "date": "2014-03-31", 
        "operating_revenue": 164024, 
        "short_term_average": 247527
    }, 
    {
        "accumulated_operating_revenue_yoy": 16863.060573857598, 
        "accumulated_operating_revenue": 798112, 
        "long_term_average": 142056, 
        "date": "2014-04-30", 
        "operating_revenue": 55531, 
        "short_term_average": 160945
    }, 
    {
        "accumulated_operating_revenue_yoy": 11678.52299528302, 
        "accumulated_operating_revenue": 799055, 
        "long_term_average": 141961, 
        "date": "2014-05-31", 
        "operating_revenue": 943, 
        "short_term_average": 73499
    }, 
    {
        "accumulated_operating_revenue_yoy": 6679.85593220339, 
        "accumulated_operating_revenue": 800023, 
        "long_term_average": 141624, 
        "date": "2014-06-30", 
        "operating_revenue": 968, 
        "short_term_average": 19147
    }, 
    {
        "accumulated_operating_revenue_yoy": 8782.065519156025, 
        "accumulated_operating_revenue": 1279728, 
        "long_term_average": 181382, 
        "date": "2014-07-31", 
        "operating_revenue": 479705, 
        "short_term_average": 160538
    }, 
    {
        "accumulated_operating_revenue_yoy": 1020.6844976244942, 
        "accumulated_operating_revenue": 1401147, 
        "long_term_average": 182282, 
        "date": "2014-08-31", 
        "operating_revenue": 121419, 
        "short_term_average": 200697
    }, 
    {
        "accumulated_operating_revenue_yoy": 1060.0760818634499, 
        "accumulated_operating_revenue": 1460733, 
        "long_term_average": 187173, 
        "date": "2014-09-30", 
        "operating_revenue": 59586, 
        "short_term_average": 220236
    }, 
    {
        "accumulated_operating_revenue_yoy": 1073.1614090555177, 
        "accumulated_operating_revenue": 1491663, 
        "long_term_average": 189648, 
        "date": "2014-10-31", 
        "operating_revenue": 30930, 
        "short_term_average": 70645
    }, 
    {
        "accumulated_operating_revenue_yoy": 1076.302141358883, 
        "accumulated_operating_revenue": 1530969, 
        "long_term_average": 192673, 
        "date": "2014-11-30", 
        "operating_revenue": 39306, 
        "short_term_average": 43274
    }, 
    {
        "accumulated_operating_revenue_yoy": 73.70663734488646, 
        "accumulated_operating_revenue": 1582933, 
        "long_term_average": 131911, 
        "date": "2014-12-31", 
        "operating_revenue": 51964, 
        "short_term_average": 40733
    }, 
    {
        "accumulated_operating_revenue_yoy": -99.8788359368805, 
        "accumulated_operating_revenue": 382, 
        "long_term_average": 105670, 
        "date": "2015-01-31", 
        "operating_revenue": 382, 
        "short_term_average": 30550
    }, 
    {
        "accumulated_operating_revenue_yoy": -99.86881154320145, 
        "accumulated_operating_revenue": 759, 
        "long_term_average": 83761, 
        "date": "2015-02-28", 
        "operating_revenue": 377, 
        "short_term_average": 17574
    }, 
    {
        "accumulated_operating_revenue_yoy": -99.84688539028066, 
        "accumulated_operating_revenue": 1137, 
        "long_term_average": 70124, 
        "date": "2015-03-31", 
        "operating_revenue": 378, 
        "short_term_average": 379
    }, 
    {
        "accumulated_operating_revenue_yoy": -99.81030231345976, 
        "accumulated_operating_revenue": 1514, 
        "long_term_average": 65527, 
        "date": "2015-04-30", 
        "operating_revenue": 377, 
        "short_term_average": 377
    }, 
    {
        "accumulated_operating_revenue_yoy": -99.76334545181496, 
        "accumulated_operating_revenue": 1891, 
        "long_term_average": 65480, 
        "date": "2015-05-31", 
        "operating_revenue": 377, 
        "short_term_average": 377
    }, 
    {
        "accumulated_operating_revenue_yoy": -99.71650815039068, 
        "accumulated_operating_revenue": 2268, 
        "long_term_average": 65431, 
        "date": "2015-06-30", 
        "operating_revenue": 377, 
        "short_term_average": 377
    }, 
    {
        "accumulated_operating_revenue_yoy": -99.7933154545341, 
        "accumulated_operating_revenue": 2645, 
        "long_term_average": 25487, 
        "date": "2015-07-31", 
        "operating_revenue": 377, 
        "short_term_average": 377
    }, 
    {
        "accumulated_operating_revenue_yoy": -99.78381997035287, 
        "accumulated_operating_revenue": 3029, 
        "long_term_average": 15401, 
        "date": "2015-08-31", 
        "operating_revenue": 384, 
        "short_term_average": 379
    }
]