[
    {
        "date": "2012-01-31", 
        "operating_revenue": 618034, 
        "accumulated_operating_revenue": 618034, 
        "long_term_average": 618034, 
        "short_term_average": 618034
    }, 
    {
        "date": "2012-02-29", 
        "operating_revenue": 484884, 
        "accumulated_operating_revenue": 1102918, 
        "long_term_average": 551459, 
        "short_term_average": 551459
    }, 
    {
        "date": "2012-03-31", 
        "operating_revenue": 823374, 
        "accumulated_operating_revenue": 1926292, 
        "long_term_average": 642097, 
        "short_term_average": 642097
    }, 
    {
        "date": "2012-04-30", 
        "operating_revenue": 792889, 
        "accumulated_operating_revenue": 2719181, 
        "long_term_average": 679795, 
        "short_term_average": 700382
    }, 
    {
        "date": "2012-05-31", 
        "operating_revenue": 664252, 
        "accumulated_operating_revenue": 3383433, 
        "long_term_average": 676686, 
        "short_term_average": 760171
    }, 
    {
        "date": "2012-06-30", 
        "operating_revenue": 898776, 
        "accumulated_operating_revenue": 4282209, 
        "long_term_average": 713701, 
        "short_term_average": 785305
    }, 
    {
        "date": "2012-07-31", 
        "operating_revenue": 780253, 
        "accumulated_operating_revenue": 5062462, 
        "long_term_average": 723208, 
        "short_term_average": 781093
    }, 
    {
        "date": "2012-08-31", 
        "operating_revenue": 632336, 
        "accumulated_operating_revenue": 5694798, 
        "long_term_average": 711849, 
        "short_term_average": 770455
    }, 
    {
        "date": "2012-09-30", 
        "operating_revenue": 667940, 
        "accumulated_operating_revenue": 6362738, 
        "long_term_average": 706970, 
        "short_term_average": 693509
    }, 
    {
        "date": "2012-10-31", 
        "operating_revenue": 603744, 
        "accumulated_operating_revenue": 6966482, 
        "long_term_average": 696648, 
        "short_term_average": 634673
    }, 
    {
        "date": "2012-11-30", 
        "operating_revenue": 569574, 
        "accumulated_operating_revenue": 7536056, 
        "long_term_average": 685096, 
        "short_term_average": 613752
    }, 
    {
        "date": "2012-12-31", 
        "operating_revenue": 427598, 
        "accumulated_operating_revenue": 7963654, 
        "long_term_average": 663637, 
        "short_term_average": 533638
    }, 
    {
        "accumulated_operating_revenue_yoy": -1.6635007135529762, 
        "accumulated_operating_revenue": 607753, 
        "long_term_average": 662781, 
        "date": "2013-01-31", 
        "operating_revenue": 607753, 
        "short_term_average": 534975
    }, 
    {
        "accumulated_operating_revenue_yoy": -24.137696546796768, 
        "accumulated_operating_revenue": 836699, 
        "long_term_average": 641452, 
        "date": "2013-02-28", 
        "operating_revenue": 228946, 
        "short_term_average": 421432
    }, 
    {
        "accumulated_operating_revenue_yoy": -35.7597913504287, 
        "accumulated_operating_revenue": 1237454, 
        "long_term_average": 606234, 
        "date": "2013-03-31", 
        "operating_revenue": 400755, 
        "short_term_average": 412484
    }, 
    {
        "accumulated_operating_revenue_yoy": -35.41364109266724, 
        "accumulated_operating_revenue": 1756220, 
        "long_term_average": 583391, 
        "date": "2013-04-30", 
        "operating_revenue": 518766, 
        "short_term_average": 382822
    }, 
    {
        "accumulated_operating_revenue_yoy": -32.200076076576664, 
        "accumulated_operating_revenue": 2293965, 
        "long_term_average": 572848, 
        "date": "2013-05-31", 
        "operating_revenue": 537745, 
        "short_term_average": 485755
    }, 
    {
        "accumulated_operating_revenue_yoy": -32.38713944134908, 
        "accumulated_operating_revenue": 2895324, 
        "long_term_average": 548064, 
        "date": "2013-06-30", 
        "operating_revenue": 601359, 
        "short_term_average": 552623
    }, 
    {
        "accumulated_operating_revenue_yoy": -32.20115034937546, 
        "accumulated_operating_revenue": 3432291, 
        "long_term_average": 527790, 
        "date": "2013-07-31", 
        "operating_revenue": 536967, 
        "short_term_average": 558690
    }, 
    {
        "accumulated_operating_revenue_yoy": -30.864501251844228, 
        "accumulated_operating_revenue": 3937127, 
        "long_term_average": 517165, 
        "date": "2013-08-31", 
        "operating_revenue": 504836, 
        "short_term_average": 547720
    }, 
    {
        "accumulated_operating_revenue_yoy": -31.14960886335411, 
        "accumulated_operating_revenue": 4380770, 
        "long_term_average": 498473, 
        "date": "2013-09-30", 
        "operating_revenue": 443643, 
        "short_term_average": 495148
    }, 
    {
        "accumulated_operating_revenue_yoy": -28.09339060949271, 
        "accumulated_operating_revenue": 5009361, 
        "long_term_average": 500544, 
        "date": "2013-10-31", 
        "operating_revenue": 628591, 
        "short_term_average": 525690
    }, 
    {
        "accumulated_operating_revenue_yoy": -25.225356605630317, 
        "accumulated_operating_revenue": 5635059, 
        "long_term_average": 505221, 
        "date": "2013-11-30", 
        "operating_revenue": 625698, 
        "short_term_average": 565977
    }, 
    {
        "accumulated_operating_revenue_yoy": -18.806869308988063, 
        "accumulated_operating_revenue": 6465940, 
        "long_term_average": 538828, 
        "date": "2013-12-31", 
        "operating_revenue": 830881, 
        "short_term_average": 695056
    }, 
    {
        "accumulated_operating_revenue_yoy": -15.978366211273329, 
        "accumulated_operating_revenue": 510644, 
        "long_term_average": 530735, 
        "date": "2014-01-31", 
        "operating_revenue": 510644, 
        "short_term_average": 655741
    }, 
    {
        "accumulated_operating_revenue_yoy": -8.899377195383286, 
        "accumulated_operating_revenue": 762238, 
        "long_term_average": 532623, 
        "date": "2014-02-28", 
        "operating_revenue": 251594, 
        "short_term_average": 531039
    }, 
    {
        "accumulated_operating_revenue_yoy": 6.8361328986774454, 
        "accumulated_operating_revenue": 1322048, 
        "long_term_average": 545877, 
        "date": "2014-03-31", 
        "operating_revenue": 559810, 
        "short_term_average": 440682
    }, 
    {
        "accumulated_operating_revenue_yoy": 10.314425299791598, 
        "accumulated_operating_revenue": 1937364, 
        "long_term_average": 553923, 
        "date": "2014-04-30", 
        "operating_revenue": 615316, 
        "short_term_average": 475573
    }, 
    {
        "accumulated_operating_revenue_yoy": 14.559463636106043, 
        "accumulated_operating_revenue": 2627954, 
        "long_term_average": 566660, 
        "date": "2014-05-31", 
        "operating_revenue": 690590, 
        "short_term_average": 621905
    }, 
    {
        "accumulated_operating_revenue_yoy": 13.514860513020304, 
        "accumulated_operating_revenue": 3286623, 
        "long_term_average": 571436, 
        "date": "2014-06-30", 
        "operating_revenue": 658669, 
        "short_term_average": 654858
    }, 
    {
        "accumulated_operating_revenue_yoy": 15.744818839661324, 
        "accumulated_operating_revenue": 3972699, 
        "long_term_average": 583862, 
        "date": "2014-07-31", 
        "operating_revenue": 686076, 
        "short_term_average": 678445
    }, 
    {
        "accumulated_operating_revenue_yoy": 18.52658042272957, 
        "accumulated_operating_revenue": 4666542, 
        "long_term_average": 599612, 
        "date": "2014-08-31", 
        "operating_revenue": 693843, 
        "short_term_average": 679529
    }, 
    {
        "accumulated_operating_revenue_yoy": 18.510649954231788, 
        "accumulated_operating_revenue": 5191679, 
        "long_term_average": 606404, 
        "date": "2014-09-30", 
        "operating_revenue": 525137, 
        "short_term_average": 635018
    }, 
    {
        "accumulated_operating_revenue_yoy": 16.148666466641153, 
        "accumulated_operating_revenue": 5818306, 
        "long_term_average": 606240, 
        "date": "2014-10-31", 
        "operating_revenue": 626627, 
        "short_term_average": 615202
    }, 
    {
        "accumulated_operating_revenue_yoy": 14.27979724790814, 
        "accumulated_operating_revenue": 6439734, 
        "long_term_average": 605884, 
        "date": "2014-11-30", 
        "operating_revenue": 621428, 
        "short_term_average": 591064
    }, 
    {
        "accumulated_operating_revenue_yoy": 8.300015156342312, 
        "accumulated_operating_revenue": 7002614, 
        "long_term_average": 583551, 
        "date": "2014-12-31", 
        "operating_revenue": 562880, 
        "short_term_average": 603645
    }, 
    {
        "accumulated_operating_revenue_yoy": 7.379505095526433, 
        "accumulated_operating_revenue": 548327, 
        "long_term_average": 586691, 
        "date": "2015-01-31", 
        "operating_revenue": 548327, 
        "short_term_average": 577545
    }, 
    {
        "accumulated_operating_revenue_yoy": 6.644381413679191, 
        "accumulated_operating_revenue": 812884, 
        "long_term_average": 587771, 
        "date": "2015-02-28", 
        "operating_revenue": 264557, 
        "short_term_average": 458588
    }, 
    {
        "accumulated_operating_revenue_yoy": -16.055544125478047, 
        "accumulated_operating_revenue": 1109786, 
        "long_term_average": 565862, 
        "date": "2015-03-31", 
        "operating_revenue": 296902, 
        "short_term_average": 369928
    }, 
    {
        "accumulated_operating_revenue_yoy": -21.0589233618463, 
        "accumulated_operating_revenue": 1529376, 
        "long_term_average": 549552, 
        "date": "2015-04-30", 
        "operating_revenue": 419590, 
        "short_term_average": 327016
    }, 
    {
        "accumulated_operating_revenue_yoy": -26.358261978710434, 
        "accumulated_operating_revenue": 1935271, 
        "long_term_average": 525827, 
        "date": "2015-05-31", 
        "operating_revenue": 405895, 
        "short_term_average": 374129
    }, 
    {
        "accumulated_operating_revenue_yoy": -29.064848630341842, 
        "accumulated_operating_revenue": 2331371, 
        "long_term_average": 503946, 
        "date": "2015-06-30", 
        "operating_revenue": 396100, 
        "short_term_average": 407195
    }, 
    {
        "accumulated_operating_revenue_yoy": -29.841878279728718, 
        "accumulated_operating_revenue": 2787171, 
        "long_term_average": 484757, 
        "date": "2015-07-31", 
        "operating_revenue": 455800, 
        "short_term_average": 419265
    }, 
    {
        "accumulated_operating_revenue_yoy": -31.217333948778347, 
        "accumulated_operating_revenue": 3209772, 
        "long_term_average": 462153, 
        "date": "2015-08-31", 
        "operating_revenue": 422601, 
        "short_term_average": 424833
    }, 
    {
        "accumulated_operating_revenue_yoy": -29.845065536601933, 
        "accumulated_operating_revenue": 3642219, 
        "long_term_average": 454429, 
        "date": "2015-09-30", 
        "operating_revenue": 432447, 
        "short_term_average": 436949
    }
]