[
    {
        "date": "2012-01-31", 
        "operating_revenue": 176607, 
        "accumulated_operating_revenue": 176607, 
        "long_term_average": 176607, 
        "short_term_average": 176607
    }, 
    {
        "date": "2012-02-29", 
        "operating_revenue": 132484, 
        "accumulated_operating_revenue": 309091, 
        "long_term_average": 154545, 
        "short_term_average": 154545
    }, 
    {
        "date": "2012-03-31", 
        "operating_revenue": 146262, 
        "accumulated_operating_revenue": 455353, 
        "long_term_average": 151784, 
        "short_term_average": 151784
    }, 
    {
        "date": "2012-04-30", 
        "operating_revenue": 126756, 
        "accumulated_operating_revenue": 582109, 
        "long_term_average": 145527, 
        "short_term_average": 135167
    }, 
    {
        "date": "2012-05-31", 
        "operating_revenue": 115064, 
        "accumulated_operating_revenue": 697173, 
        "long_term_average": 139434, 
        "short_term_average": 129360
    }, 
    {
        "date": "2012-06-30", 
        "operating_revenue": 214790, 
        "accumulated_operating_revenue": 911963, 
        "long_term_average": 151993, 
        "short_term_average": 152203
    }, 
    {
        "date": "2012-07-31", 
        "operating_revenue": 100579, 
        "accumulated_operating_revenue": 1012542, 
        "long_term_average": 144648, 
        "short_term_average": 143477
    }, 
    {
        "date": "2012-08-31", 
        "operating_revenue": 121166, 
        "accumulated_operating_revenue": 1133708, 
        "long_term_average": 141713, 
        "short_term_average": 145511
    }, 
    {
        "date": "2012-09-30", 
        "operating_revenue": 121726, 
        "accumulated_operating_revenue": 1255434, 
        "long_term_average": 139492, 
        "short_term_average": 114490
    }, 
    {
        "date": "2012-10-31", 
        "operating_revenue": 125677, 
        "accumulated_operating_revenue": 1381111, 
        "long_term_average": 138111, 
        "short_term_average": 122856
    }, 
    {
        "date": "2012-11-30", 
        "operating_revenue": 125726, 
        "accumulated_operating_revenue": 1506837, 
        "long_term_average": 136985, 
        "short_term_average": 124376
    }, 
    {
        "date": "2012-12-31", 
        "operating_revenue": 164047, 
        "accumulated_operating_revenue": 1670884, 
        "long_term_average": 139240, 
        "short_term_average": 138483
    }, 
    {
        "accumulated_operating_revenue_yoy": 31.238852367120217, 
        "accumulated_operating_revenue": 231777, 
        "long_term_average": 143837, 
        "date": "2013-01-31", 
        "operating_revenue": 231777, 
        "short_term_average": 173850
    }, 
    {
        "accumulated_operating_revenue_yoy": -0.35038224988757355, 
        "accumulated_operating_revenue": 308008, 
        "long_term_average": 139150, 
        "date": "2013-02-28", 
        "operating_revenue": 76231, 
        "short_term_average": 157351
    }, 
    {
        "accumulated_operating_revenue_yoy": 15.09576087123616, 
        "accumulated_operating_revenue": 524092, 
        "long_term_average": 144968, 
        "date": "2013-03-31", 
        "operating_revenue": 216084, 
        "short_term_average": 174697
    }, 
    {
        "accumulated_operating_revenue_yoy": 24.746568082609958, 
        "accumulated_operating_revenue": 726161, 
        "long_term_average": 151244, 
        "date": "2013-04-30", 
        "operating_revenue": 202069, 
        "short_term_average": 164794
    }, 
    {
        "accumulated_operating_revenue_yoy": 19.068437819594276, 
        "accumulated_operating_revenue": 830113, 
        "long_term_average": 150318, 
        "date": "2013-05-31", 
        "operating_revenue": 103952, 
        "short_term_average": 174035
    }, 
    {
        "accumulated_operating_revenue_yoy": -2.054798275807242, 
        "accumulated_operating_revenue": 893224, 
        "long_term_average": 137678, 
        "date": "2013-06-30", 
        "operating_revenue": 63111, 
        "short_term_average": 123044
    }, 
    {
        "accumulated_operating_revenue_yoy": 2.0200643528861026, 
        "accumulated_operating_revenue": 1032996, 
        "long_term_average": 140944, 
        "date": "2013-07-31", 
        "operating_revenue": 139772, 
        "short_term_average": 102278
    }, 
    {
        "accumulated_operating_revenue_yoy": -3.2759758244627366, 
        "accumulated_operating_revenue": 1096568, 
        "long_term_average": 136145, 
        "date": "2013-08-31", 
        "operating_revenue": 63572, 
        "short_term_average": 88818
    }, 
    {
        "accumulated_operating_revenue_yoy": -7.174650359955202, 
        "accumulated_operating_revenue": 1165361, 
        "long_term_average": 131734, 
        "date": "2013-09-30", 
        "operating_revenue": 68793, 
        "short_term_average": 90712
    }, 
    {
        "accumulated_operating_revenue_yoy": -11.476340424484347, 
        "accumulated_operating_revenue": 1222610, 
        "long_term_average": 126031, 
        "date": "2013-10-31", 
        "operating_revenue": 57249, 
        "short_term_average": 63204
    }, 
    {
        "accumulated_operating_revenue_yoy": -14.860930545241455, 
        "accumulated_operating_revenue": 1282907, 
        "long_term_average": 120579, 
        "date": "2013-11-30", 
        "operating_revenue": 60297, 
        "short_term_average": 62113
    }, 
    {
        "accumulated_operating_revenue_yoy": -22.625328867832835, 
        "accumulated_operating_revenue": 1292841, 
        "long_term_average": 107736, 
        "date": "2013-12-31", 
        "operating_revenue": 9934, 
        "short_term_average": 42493
    }, 
    {
        "accumulated_operating_revenue_yoy": -70.24726353348262, 
        "accumulated_operating_revenue": 68960, 
        "long_term_average": 94168, 
        "date": "2014-01-31", 
        "operating_revenue": 68960, 
        "short_term_average": 46397
    }, 
    {
        "accumulated_operating_revenue_yoy": -60.55524531830342, 
        "accumulated_operating_revenue": 121493, 
        "long_term_average": 92193, 
        "date": "2014-02-28", 
        "operating_revenue": 52533, 
        "short_term_average": 43809
    }, 
    {
        "accumulated_operating_revenue_yoy": -65.43851079581448, 
        "accumulated_operating_revenue": 181134, 
        "long_term_average": 79156, 
        "date": "2014-03-31", 
        "operating_revenue": 59641, 
        "short_term_average": 60378
    }, 
    {
        "accumulated_operating_revenue_yoy": -63.65681990632931, 
        "accumulated_operating_revenue": 263910, 
        "long_term_average": 69215, 
        "date": "2014-04-30", 
        "operating_revenue": 82776, 
        "short_term_average": 64983
    }, 
    {
        "accumulated_operating_revenue_yoy": -67.72294856242463, 
        "accumulated_operating_revenue": 267936, 
        "long_term_average": 60888, 
        "date": "2014-05-31", 
        "operating_revenue": 4026, 
        "short_term_average": 48814
    }, 
    {
        "accumulated_operating_revenue_yoy": -64.69676139467816, 
        "accumulated_operating_revenue": 315337, 
        "long_term_average": 59579, 
        "date": "2014-06-30", 
        "operating_revenue": 47401, 
        "short_term_average": 44734
    }, 
    {
        "accumulated_operating_revenue_yoy": -64.40818744699882, 
        "accumulated_operating_revenue": 367662, 
        "long_term_average": 52292, 
        "date": "2014-07-31", 
        "operating_revenue": 52325, 
        "short_term_average": 34584
    }, 
    {
        "accumulated_operating_revenue_yoy": -64.56608254116479, 
        "accumulated_operating_revenue": 388557, 
        "long_term_average": 48735, 
        "date": "2014-08-31", 
        "operating_revenue": 20895, 
        "short_term_average": 40207
    }, 
    {
        "accumulated_operating_revenue_yoy": -63.057627636414814, 
        "accumulated_operating_revenue": 430512, 
        "long_term_average": 46499, 
        "date": "2014-09-30", 
        "operating_revenue": 41955, 
        "short_term_average": 38391
    }, 
    {
        "accumulated_operating_revenue_yoy": -62.397739262724826, 
        "accumulated_operating_revenue": 459729, 
        "long_term_average": 44163, 
        "date": "2014-10-31", 
        "operating_revenue": 29217, 
        "short_term_average": 30689
    }, 
    {
        "accumulated_operating_revenue_yoy": -61.56884325987776, 
        "accumulated_operating_revenue": 493036, 
        "long_term_average": 41914, 
        "date": "2014-11-30", 
        "operating_revenue": 33307, 
        "short_term_average": 34826
    }, 
    {
        "accumulated_operating_revenue_yoy": -59.27380087729273, 
        "accumulated_operating_revenue": 526525, 
        "long_term_average": 43877, 
        "date": "2014-12-31", 
        "operating_revenue": 33489, 
        "short_term_average": 32004
    }, 
    {
        "accumulated_operating_revenue_yoy": -60.613399071925755, 
        "accumulated_operating_revenue": 27161, 
        "long_term_average": 40393, 
        "date": "2015-01-31", 
        "operating_revenue": 27161, 
        "short_term_average": 31319
    }, 
    {
        "accumulated_operating_revenue_yoy": -57.06830846221593, 
        "accumulated_operating_revenue": 52159, 
        "long_term_average": 38099, 
        "date": "2015-02-28", 
        "operating_revenue": 24998, 
        "short_term_average": 28549
    }, 
    {
        "accumulated_operating_revenue_yoy": -56.87115616063247, 
        "accumulated_operating_revenue": 78121, 
        "long_term_average": 35292, 
        "date": "2015-03-31", 
        "operating_revenue": 25962, 
        "short_term_average": 26040
    }, 
    {
        "accumulated_operating_revenue_yoy": -41.06968284642492, 
        "accumulated_operating_revenue": 155523, 
        "long_term_average": 34844, 
        "date": "2015-04-30", 
        "operating_revenue": 77402, 
        "short_term_average": 42787
    }, 
    {
        "accumulated_operating_revenue_yoy": -31.188044906246265, 
        "accumulated_operating_revenue": 184372, 
        "long_term_average": 36913, 
        "date": "2015-05-31", 
        "operating_revenue": 28849, 
        "short_term_average": 44071
    }, 
    {
        "accumulated_operating_revenue_yoy": -21.586429756102202, 
        "accumulated_operating_revenue": 247267, 
        "long_term_average": 38204, 
        "date": "2015-06-30", 
        "operating_revenue": 62895, 
        "short_term_average": 56382
    }, 
    {
        "accumulated_operating_revenue_yoy": -20.875151633837604, 
        "accumulated_operating_revenue": 290912, 
        "long_term_average": 37481, 
        "date": "2015-07-31", 
        "operating_revenue": 43645, 
        "short_term_average": 45129
    }, 
    {
        "accumulated_operating_revenue_yoy": -15.381527034643566, 
        "accumulated_operating_revenue": 328791, 
        "long_term_average": 38896, 
        "date": "2015-08-31", 
        "operating_revenue": 37879, 
        "short_term_average": 48139
    }, 
    {
        "accumulated_operating_revenue_yoy": -3.0003809417623666, 
        "accumulated_operating_revenue": 417595, 
        "long_term_average": 42800, 
        "date": "2015-09-30", 
        "operating_revenue": 88804, 
        "short_term_average": 56776
    }, 
    {
        "accumulated_operating_revenue_yoy": -0.24688457765335664, 
        "accumulated_operating_revenue": 458594, 
        "long_term_average": 43782, 
        "date": "2015-10-31", 
        "operating_revenue": 40999, 
        "short_term_average": 55894
    }
]