[
    {
        "date": "2012-01-31", 
        "operating_revenue": 157645, 
        "accumulated_operating_revenue": 157645, 
        "long_term_average": 157645, 
        "short_term_average": 157645
    }, 
    {
        "date": "2012-02-29", 
        "operating_revenue": 110854, 
        "accumulated_operating_revenue": 268499, 
        "long_term_average": 134249, 
        "short_term_average": 134249
    }, 
    {
        "date": "2012-03-31", 
        "operating_revenue": 178361, 
        "accumulated_operating_revenue": 446860, 
        "long_term_average": 148953, 
        "short_term_average": 148953
    }, 
    {
        "date": "2012-04-30", 
        "operating_revenue": 208366, 
        "accumulated_operating_revenue": 655226, 
        "long_term_average": 163806, 
        "short_term_average": 165860
    }, 
    {
        "date": "2012-05-31", 
        "operating_revenue": 265016, 
        "accumulated_operating_revenue": 920242, 
        "long_term_average": 184048, 
        "short_term_average": 217247
    }, 
    {
        "date": "2012-06-30", 
        "operating_revenue": 563085, 
        "accumulated_operating_revenue": 1483327, 
        "long_term_average": 247221, 
        "short_term_average": 345489
    }, 
    {
        "date": "2012-07-31", 
        "operating_revenue": 356441, 
        "accumulated_operating_revenue": 1839768, 
        "long_term_average": 262824, 
        "short_term_average": 394847
    }, 
    {
        "date": "2012-08-31", 
        "operating_revenue": 168069, 
        "accumulated_operating_revenue": 2007837, 
        "long_term_average": 250979, 
        "short_term_average": 362531
    }, 
    {
        "date": "2012-09-30", 
        "operating_revenue": 241748, 
        "accumulated_operating_revenue": 2249585, 
        "long_term_average": 249953, 
        "short_term_average": 255419
    }, 
    {
        "date": "2012-10-31", 
        "operating_revenue": 220142, 
        "accumulated_operating_revenue": 2469727, 
        "long_term_average": 246972, 
        "short_term_average": 209986
    }, 
    {
        "date": "2012-11-30", 
        "operating_revenue": 206750, 
        "accumulated_operating_revenue": 2676477, 
        "long_term_average": 243316, 
        "short_term_average": 222880
    }, 
    {
        "date": "2012-12-31", 
        "operating_revenue": 393566, 
        "accumulated_operating_revenue": 3070043, 
        "long_term_average": 255836, 
        "short_term_average": 273486
    }, 
    {
        "accumulated_operating_revenue_yoy": 103.61000983221795, 
        "accumulated_operating_revenue": 320981, 
        "long_term_average": 269448, 
        "date": "2013-01-31", 
        "operating_revenue": 320981, 
        "short_term_average": 307099
    }, 
    {
        "accumulated_operating_revenue_yoy": 62.92090473335096, 
        "accumulated_operating_revenue": 437441, 
        "long_term_average": 269915, 
        "date": "2013-02-28", 
        "operating_revenue": 116460, 
        "short_term_average": 277002
    }, 
    {
        "accumulated_operating_revenue_yoy": 60.598397708454556, 
        "accumulated_operating_revenue": 717650, 
        "long_term_average": 278402, 
        "date": "2013-03-31", 
        "operating_revenue": 280209, 
        "short_term_average": 239216
    }, 
    {
        "accumulated_operating_revenue_yoy": 46.32096406430758, 
        "accumulated_operating_revenue": 958733, 
        "long_term_average": 281129, 
        "date": "2013-04-30", 
        "operating_revenue": 241083, 
        "short_term_average": 212584
    }, 
    {
        "accumulated_operating_revenue_yoy": 27.811597384166337, 
        "accumulated_operating_revenue": 1176176, 
        "long_term_average": 277164, 
        "date": "2013-05-31", 
        "operating_revenue": 217443, 
        "short_term_average": 246245
    }, 
    {
        "accumulated_operating_revenue_yoy": -3.83543210633933, 
        "accumulated_operating_revenue": 1426435, 
        "long_term_average": 251095, 
        "date": "2013-06-30", 
        "operating_revenue": 250259, 
        "short_term_average": 236261
    }, 
    {
        "accumulated_operating_revenue_yoy": -12.64779037356884, 
        "accumulated_operating_revenue": 1607078, 
        "long_term_average": 236446, 
        "date": "2013-07-31", 
        "operating_revenue": 180643, 
        "short_term_average": 216115
    }, 
    {
        "accumulated_operating_revenue_yoy": 16.475440984502228, 
        "accumulated_operating_revenue": 2338637, 
        "long_term_average": 283403, 
        "date": "2013-08-31", 
        "operating_revenue": 731559, 
        "short_term_average": 387487
    }, 
    {
        "accumulated_operating_revenue_yoy": 51.094890835420756, 
        "accumulated_operating_revenue": 3399008, 
        "long_term_average": 351622, 
        "date": "2013-09-30", 
        "operating_revenue": 1060371, 
        "short_term_average": 657524
    }, 
    {
        "accumulated_operating_revenue_yoy": 50.69442897939732, 
        "accumulated_operating_revenue": 3721741, 
        "long_term_average": 360171, 
        "date": "2013-10-31", 
        "operating_revenue": 322733, 
        "short_term_average": 704887
    }, 
    {
        "accumulated_operating_revenue_yoy": 50.92885162099282, 
        "accumulated_operating_revenue": 4039576, 
        "long_term_average": 369428, 
        "date": "2013-11-30", 
        "operating_revenue": 317835, 
        "short_term_average": 566979
    }, 
    {
        "accumulated_operating_revenue_yoy": 48.27681566675125, 
        "accumulated_operating_revenue": 4552162, 
        "long_term_average": 379346, 
        "date": "2013-12-31", 
        "operating_revenue": 512586, 
        "short_term_average": 384384
    }, 
    {
        "accumulated_operating_revenue_yoy": -32.75520980992644, 
        "accumulated_operating_revenue": 215843, 
        "long_term_average": 370585, 
        "date": "2014-01-31", 
        "operating_revenue": 215843, 
        "short_term_average": 348754
    }, 
    {
        "accumulated_operating_revenue_yoy": 2.900048235076273, 
        "accumulated_operating_revenue": 450127, 
        "long_term_average": 380404, 
        "date": "2014-02-28", 
        "operating_revenue": 234284, 
        "short_term_average": 320904
    }, 
    {
        "accumulated_operating_revenue_yoy": -2.5527764230474466, 
        "accumulated_operating_revenue": 699330, 
        "long_term_average": 377820, 
        "date": "2014-03-31", 
        "operating_revenue": 249203, 
        "short_term_average": 233110
    }, 
    {
        "accumulated_operating_revenue_yoy": 5.5364736584638266, 
        "accumulated_operating_revenue": 1011813, 
        "long_term_average": 383770, 
        "date": "2014-04-30", 
        "operating_revenue": 312483, 
        "short_term_average": 265323
    }, 
    {
        "accumulated_operating_revenue_yoy": 10.717698711757425, 
        "accumulated_operating_revenue": 1302235, 
        "long_term_average": 389851, 
        "date": "2014-05-31", 
        "operating_revenue": 290422, 
        "short_term_average": 284036
    }, 
    {
        "accumulated_operating_revenue_yoy": 10.13933337305941, 
        "accumulated_operating_revenue": 1571066, 
        "long_term_average": 391399, 
        "date": "2014-06-30", 
        "operating_revenue": 268831, 
        "short_term_average": 290578
    }, 
    {
        "accumulated_operating_revenue_yoy": 13.73492761396771, 
        "accumulated_operating_revenue": 1827809, 
        "long_term_average": 397741, 
        "date": "2014-07-31", 
        "operating_revenue": 256743, 
        "short_term_average": 271998
    }, 
    {
        "accumulated_operating_revenue_yoy": -10.785042740707516, 
        "accumulated_operating_revenue": 2086414, 
        "long_term_average": 358328, 
        "date": "2014-08-31", 
        "operating_revenue": 258605, 
        "short_term_average": 261393
    }, 
    {
        "accumulated_operating_revenue_yoy": -21.341167776009943, 
        "accumulated_operating_revenue": 2673620, 
        "long_term_average": 318897, 
        "date": "2014-09-30", 
        "operating_revenue": 587206, 
        "short_term_average": 367518
    }, 
    {
        "accumulated_operating_revenue_yoy": -12.899608006038035, 
        "accumulated_operating_revenue": 3241651, 
        "long_term_average": 339339, 
        "date": "2014-10-31", 
        "operating_revenue": 568031, 
        "short_term_average": 471280
    }, 
    {
        "accumulated_operating_revenue_yoy": -11.229940964101184, 
        "accumulated_operating_revenue": 3585934, 
        "long_term_average": 341543, 
        "date": "2014-11-30", 
        "operating_revenue": 344283, 
        "short_term_average": 499840
    }, 
    {
        "accumulated_operating_revenue_yoy": -10.652125297825517, 
        "accumulated_operating_revenue": 4067260, 
        "long_term_average": 338938, 
        "date": "2014-12-31", 
        "operating_revenue": 481326, 
        "short_term_average": 464546
    }, 
    {
        "accumulated_operating_revenue_yoy": 45.29171666442738, 
        "accumulated_operating_revenue": 313602, 
        "long_term_average": 347084, 
        "date": "2015-01-31", 
        "operating_revenue": 313602, 
        "short_term_average": 379737
    }, 
    {
        "accumulated_operating_revenue_yoy": -10.924694586194562, 
        "accumulated_operating_revenue": 400952, 
        "long_term_average": 334840, 
        "date": "2015-02-28", 
        "operating_revenue": 87350, 
        "short_term_average": 294092
    }, 
    {
        "accumulated_operating_revenue_yoy": -13.625899074828766, 
        "accumulated_operating_revenue": 604040, 
        "long_term_average": 330997, 
        "date": "2015-03-31", 
        "operating_revenue": 203088, 
        "short_term_average": 201346
    }, 
    {
        "accumulated_operating_revenue_yoy": -27.876593797470484, 
        "accumulated_operating_revenue": 729754, 
        "long_term_average": 315433, 
        "date": "2015-04-30", 
        "operating_revenue": 125714, 
        "short_term_average": 138717
    }, 
    {
        "accumulated_operating_revenue_yoy": -30.986189128690288, 
        "accumulated_operating_revenue": 898722, 
        "long_term_average": 305312, 
        "date": "2015-05-31", 
        "operating_revenue": 168968, 
        "short_term_average": 165923
    }, 
    {
        "accumulated_operating_revenue_yoy": -19.790129759029856, 
        "accumulated_operating_revenue": 1260150, 
        "long_term_average": 313028, 
        "date": "2015-06-30", 
        "operating_revenue": 361428, 
        "short_term_average": 218703
    }, 
    {
        "accumulated_operating_revenue_yoy": -20.362576177270164, 
        "accumulated_operating_revenue": 1455620, 
        "long_term_average": 307922, 
        "date": "2015-07-31", 
        "operating_revenue": 195470, 
        "short_term_average": 241955
    }, 
    {
        "accumulated_operating_revenue_yoy": -19.231561904780165, 
        "accumulated_operating_revenue": 1685164, 
        "long_term_average": 305500, 
        "date": "2015-08-31", 
        "operating_revenue": 229544, 
        "short_term_average": 262147
    }, 
    {
        "accumulated_operating_revenue_yoy": -31.38852940956456, 
        "accumulated_operating_revenue": 1834410, 
        "long_term_average": 269004, 
        "date": "2015-09-30", 
        "operating_revenue": 149246, 
        "short_term_average": 191420
    }
]