[
    {
        "date": "2011-09-30", 
        "operating_revenue": 209758, 
        "accumulated_operating_revenue": 209758, 
        "long_term_average": 209758, 
        "short_term_average": 209758
    }, 
    {
        "date": "2011-10-31", 
        "operating_revenue": 182723, 
        "accumulated_operating_revenue": 392481, 
        "long_term_average": 196240, 
        "short_term_average": 196240
    }, 
    {
        "date": "2011-11-30", 
        "operating_revenue": 196445, 
        "accumulated_operating_revenue": 588926, 
        "long_term_average": 196308, 
        "short_term_average": 196308
    }, 
    {
        "date": "2011-12-31", 
        "operating_revenue": 215370, 
        "accumulated_operating_revenue": 804296, 
        "long_term_average": 201074, 
        "short_term_average": 198179
    }, 
    {
        "date": "2012-01-31", 
        "operating_revenue": 162736, 
        "accumulated_operating_revenue": 162736, 
        "long_term_average": 193406, 
        "short_term_average": 191517
    }, 
    {
        "date": "2012-02-29", 
        "operating_revenue": 186482, 
        "accumulated_operating_revenue": 349218, 
        "long_term_average": 192252, 
        "short_term_average": 188196
    }, 
    {
        "date": "2012-03-31", 
        "operating_revenue": 233700, 
        "accumulated_operating_revenue": 582918, 
        "long_term_average": 198173, 
        "short_term_average": 194306
    }, 
    {
        "date": "2012-04-30", 
        "operating_revenue": 235956, 
        "accumulated_operating_revenue": 818874, 
        "long_term_average": 202896, 
        "short_term_average": 218712
    }, 
    {
        "date": "2012-05-31", 
        "operating_revenue": 228448, 
        "accumulated_operating_revenue": 1047322, 
        "long_term_average": 205735, 
        "short_term_average": 232701
    }, 
    {
        "date": "2012-06-30", 
        "operating_revenue": 207766, 
        "accumulated_operating_revenue": 1255088, 
        "long_term_average": 205938, 
        "short_term_average": 224056
    }, 
    {
        "date": "2012-07-31", 
        "operating_revenue": 243647, 
        "accumulated_operating_revenue": 1498735, 
        "long_term_average": 209366, 
        "short_term_average": 226620
    }, 
    {
        "date": "2012-08-31", 
        "operating_revenue": 228757, 
        "accumulated_operating_revenue": 1727492, 
        "long_term_average": 210982, 
        "short_term_average": 226723
    }, 
    {
        "accumulated_operating_revenue_yoy": 828.180093250317, 
        "accumulated_operating_revenue": 1946932, 
        "long_term_average": 211789, 
        "date": "2012-09-30", 
        "operating_revenue": 219440, 
        "short_term_average": 230614
    }, 
    {
        "accumulated_operating_revenue_yoy": 456.21647926906013, 
        "accumulated_operating_revenue": 2183044, 
        "long_term_average": 216238, 
        "date": "2012-10-31", 
        "operating_revenue": 236112, 
        "short_term_average": 228103
    }, 
    {
        "accumulated_operating_revenue_yoy": 305.195729174803, 
        "accumulated_operating_revenue": 2386303, 
        "long_term_average": 216806, 
        "date": "2012-11-30", 
        "operating_revenue": 203259, 
        "short_term_average": 219603
    }, 
    {
        "accumulated_operating_revenue_yoy": 227.84509683002278, 
        "accumulated_operating_revenue": 2636845, 
        "long_term_average": 219737, 
        "date": "2012-12-31", 
        "operating_revenue": 250542, 
        "short_term_average": 229971
    }, 
    {
        "accumulated_operating_revenue_yoy": 68.50850457182185, 
        "accumulated_operating_revenue": 274224, 
        "long_term_average": 229027, 
        "date": "2013-01-31", 
        "operating_revenue": 274224, 
        "short_term_average": 242675
    }, 
    {
        "accumulated_operating_revenue_yoy": 14.868363028251693, 
        "accumulated_operating_revenue": 401141, 
        "long_term_average": 224064, 
        "date": "2013-02-28", 
        "operating_revenue": 126917, 
        "short_term_average": 217227
    }, 
    {
        "accumulated_operating_revenue_yoy": 13.425387447291042, 
        "accumulated_operating_revenue": 661177, 
        "long_term_average": 226258, 
        "date": "2013-03-31", 
        "operating_revenue": 260036, 
        "short_term_average": 220392
    }, 
    {
        "accumulated_operating_revenue_yoy": 10.549730483566458, 
        "accumulated_operating_revenue": 905263, 
        "long_term_average": 226936, 
        "date": "2013-04-30", 
        "operating_revenue": 244086, 
        "short_term_average": 210346
    }, 
    {
        "accumulated_operating_revenue_yoy": 9.448001665199431, 
        "accumulated_operating_revenue": 1146273, 
        "long_term_average": 227983, 
        "date": "2013-05-31", 
        "operating_revenue": 241010, 
        "short_term_average": 248377
    }, 
    {
        "accumulated_operating_revenue_yoy": 8.314556429509325, 
        "accumulated_operating_revenue": 1359443, 
        "long_term_average": 228433, 
        "date": "2013-06-30", 
        "operating_revenue": 213170, 
        "short_term_average": 232755
    }, 
    {
        "accumulated_operating_revenue_yoy": 8.366856048600987, 
        "accumulated_operating_revenue": 1624132, 
        "long_term_average": 230186, 
        "date": "2013-07-31", 
        "operating_revenue": 264689, 
        "short_term_average": 239623
    }, 
    {
        "accumulated_operating_revenue_yoy": 7.340410259497583, 
        "accumulated_operating_revenue": 1854297, 
        "long_term_average": 230304, 
        "date": "2013-08-31", 
        "operating_revenue": 230165, 
        "short_term_average": 236008
    }, 
    {
        "accumulated_operating_revenue_yoy": 7.228655135361688, 
        "accumulated_operating_revenue": 2087669, 
        "long_term_average": 231465, 
        "date": "2013-09-30", 
        "operating_revenue": 233372, 
        "short_term_average": 242742
    }, 
    {
        "accumulated_operating_revenue_yoy": 6.386220341871258, 
        "accumulated_operating_revenue": 2322458, 
        "long_term_average": 231354, 
        "date": "2013-10-31", 
        "operating_revenue": 234789, 
        "short_term_average": 232775
    }, 
    {
        "accumulated_operating_revenue_yoy": 6.090383325168681, 
        "accumulated_operating_revenue": 2531638, 
        "long_term_average": 231848, 
        "date": "2013-11-30", 
        "operating_revenue": 209180, 
        "short_term_average": 225780
    }, 
    {
        "accumulated_operating_revenue_yoy": 5.007158175774458, 
        "accumulated_operating_revenue": 2768876, 
        "long_term_average": 230739, 
        "date": "2013-12-31", 
        "operating_revenue": 237238, 
        "short_term_average": 227069
    }, 
    {
        "accumulated_operating_revenue_yoy": -0.663326331757979, 
        "accumulated_operating_revenue": 272405, 
        "long_term_average": 230588, 
        "date": "2014-01-31", 
        "operating_revenue": 272405, 
        "short_term_average": 239607
    }, 
    {
        "accumulated_operating_revenue_yoy": -1.0861517521270576, 
        "accumulated_operating_revenue": 396784, 
        "long_term_average": 230376, 
        "date": "2014-02-28", 
        "operating_revenue": 124379, 
        "short_term_average": 211340
    }, 
    {
        "accumulated_operating_revenue_yoy": -5.647050638482585, 
        "accumulated_operating_revenue": 623840, 
        "long_term_average": 227628, 
        "date": "2014-03-31", 
        "operating_revenue": 227056, 
        "short_term_average": 207946
    }, 
    {
        "accumulated_operating_revenue_yoy": -5.661448661880581, 
        "accumulated_operating_revenue": 854012, 
        "long_term_average": 226468, 
        "date": "2014-04-30", 
        "operating_revenue": 230172, 
        "short_term_average": 193869
    }, 
    {
        "accumulated_operating_revenue_yoy": -7.057132114252015, 
        "accumulated_operating_revenue": 1065379, 
        "long_term_average": 223998, 
        "date": "2014-05-31", 
        "operating_revenue": 211367, 
        "short_term_average": 222865
    }, 
    {
        "accumulated_operating_revenue_yoy": -8.409841383566652, 
        "accumulated_operating_revenue": 1245116, 
        "long_term_average": 221212, 
        "date": "2014-06-30", 
        "operating_revenue": 179737, 
        "short_term_average": 207092
    }, 
    {
        "accumulated_operating_revenue_yoy": -13.067533919656777, 
        "accumulated_operating_revenue": 1411898, 
        "long_term_average": 213053, 
        "date": "2014-07-31", 
        "operating_revenue": 166782, 
        "short_term_average": 185962
    }, 
    {
        "accumulated_operating_revenue_yoy": -13.418238825819165, 
        "accumulated_operating_revenue": 1605483, 
        "long_term_average": 210005, 
        "date": "2014-08-31", 
        "operating_revenue": 193585, 
        "short_term_average": 180034
    }, 
    {
        "accumulated_operating_revenue_yoy": -13.880121800917674, 
        "accumulated_operating_revenue": 1797898, 
        "long_term_average": 206592, 
        "date": "2014-09-30", 
        "operating_revenue": 192415, 
        "short_term_average": 184260
    }, 
    {
        "accumulated_operating_revenue_yoy": -13.233952992906653, 
        "accumulated_operating_revenue": 2015105, 
        "long_term_average": 205126, 
        "date": "2014-10-31", 
        "operating_revenue": 217207, 
        "short_term_average": 201069
    }, 
    {
        "accumulated_operating_revenue_yoy": -12.36882998280165, 
        "accumulated_operating_revenue": 2218504, 
        "long_term_average": 204645, 
        "date": "2014-11-30", 
        "operating_revenue": 203399, 
        "short_term_average": 204340
    }, 
    {
        "accumulated_operating_revenue_yoy": -13.246494245318315, 
        "accumulated_operating_revenue": 2402097, 
        "long_term_average": 200174, 
        "date": "2014-12-31", 
        "operating_revenue": 183593, 
        "short_term_average": 201399
    }, 
    {
        "accumulated_operating_revenue_yoy": -15.237605770819185, 
        "accumulated_operating_revenue": 230897, 
        "long_term_average": 196715, 
        "date": "2015-01-31", 
        "operating_revenue": 230897, 
        "short_term_average": 205963
    }, 
    {
        "accumulated_operating_revenue_yoy": -4.9376991007701925, 
        "accumulated_operating_revenue": 377192, 
        "long_term_average": 198542, 
        "date": "2015-02-28", 
        "operating_revenue": 146295, 
        "short_term_average": 186928
    }, 
    {
        "accumulated_operating_revenue_yoy": -4.690305206463196, 
        "accumulated_operating_revenue": 594580, 
        "long_term_average": 197736, 
        "date": "2015-03-31", 
        "operating_revenue": 217388, 
        "short_term_average": 198193
    }, 
    {
        "accumulated_operating_revenue_yoy": -6.731170053816574, 
        "accumulated_operating_revenue": 796527, 
        "long_term_average": 195384, 
        "date": "2015-04-30", 
        "operating_revenue": 201947, 
        "short_term_average": 188543
    }, 
    {
        "accumulated_operating_revenue_yoy": -8.332621536561167, 
        "accumulated_operating_revenue": 976605, 
        "long_term_average": 192776, 
        "date": "2015-05-31", 
        "operating_revenue": 180078, 
        "short_term_average": 199804
    }, 
    {
        "accumulated_operating_revenue_yoy": -4.76421473983147, 
        "accumulated_operating_revenue": 1185796, 
        "long_term_average": 195231, 
        "date": "2015-06-30", 
        "operating_revenue": 209191, 
        "short_term_average": 197072
    }, 
    {
        "accumulated_operating_revenue_yoy": -1.3496725684149988, 
        "accumulated_operating_revenue": 1392842, 
        "long_term_average": 198586, 
        "date": "2015-07-31", 
        "operating_revenue": 207046, 
        "short_term_average": 198771
    }, 
    {
        "accumulated_operating_revenue_yoy": -2.7075341190158975, 
        "accumulated_operating_revenue": 1562014, 
        "long_term_average": 196552, 
        "date": "2015-08-31", 
        "operating_revenue": 169172, 
        "short_term_average": 195136
    }, 
    {
        "accumulated_operating_revenue_yoy": -3.2000146838140986, 
        "accumulated_operating_revenue": 1740365, 
        "long_term_average": 195380, 
        "date": "2015-09-30", 
        "operating_revenue": 178351, 
        "short_term_average": 184856
    }
]