[
    {
        "date": "2012-01-31", 
        "operating_revenue": 192857, 
        "accumulated_operating_revenue": 192857, 
        "long_term_average": 192857, 
        "short_term_average": 192857
    }, 
    {
        "date": "2012-02-29", 
        "operating_revenue": 206762, 
        "accumulated_operating_revenue": 399619, 
        "long_term_average": 199809, 
        "short_term_average": 199809
    }, 
    {
        "date": "2012-03-31", 
        "operating_revenue": 263081, 
        "accumulated_operating_revenue": 662700, 
        "long_term_average": 220900, 
        "short_term_average": 220900
    }, 
    {
        "date": "2012-04-30", 
        "operating_revenue": 236992, 
        "accumulated_operating_revenue": 899692, 
        "long_term_average": 224923, 
        "short_term_average": 235611
    }, 
    {
        "date": "2012-05-31", 
        "operating_revenue": 265061, 
        "accumulated_operating_revenue": 1164753, 
        "long_term_average": 232950, 
        "short_term_average": 255044
    }, 
    {
        "date": "2012-06-30", 
        "operating_revenue": 1141898, 
        "accumulated_operating_revenue": 2306651, 
        "long_term_average": 384441, 
        "short_term_average": 547983
    }, 
    {
        "date": "2012-07-31", 
        "operating_revenue": 190619, 
        "accumulated_operating_revenue": 2497270, 
        "long_term_average": 356752, 
        "short_term_average": 532526
    }, 
    {
        "date": "2012-08-31", 
        "operating_revenue": 199306, 
        "accumulated_operating_revenue": 2696576, 
        "long_term_average": 337072, 
        "short_term_average": 510607
    }, 
    {
        "date": "2012-09-30", 
        "operating_revenue": 382520, 
        "accumulated_operating_revenue": 3079096, 
        "long_term_average": 342121, 
        "short_term_average": 257481
    }, 
    {
        "date": "2012-10-31", 
        "operating_revenue": 304982, 
        "accumulated_operating_revenue": 3384078, 
        "long_term_average": 338407, 
        "short_term_average": 295602
    }, 
    {
        "date": "2012-11-30", 
        "operating_revenue": 298597, 
        "accumulated_operating_revenue": 3682675, 
        "long_term_average": 334788, 
        "short_term_average": 328699
    }, 
    {
        "date": "2012-12-31", 
        "operating_revenue": 327522, 
        "accumulated_operating_revenue": 4010197, 
        "long_term_average": 334183, 
        "short_term_average": 310367
    }, 
    {
        "accumulated_operating_revenue_yoy": 28.574539684844215, 
        "accumulated_operating_revenue": 247965, 
        "long_term_average": 338775, 
        "date": "2013-01-31", 
        "operating_revenue": 247965, 
        "short_term_average": 291361
    }, 
    {
        "accumulated_operating_revenue_yoy": 24.54037470690833, 
        "accumulated_operating_revenue": 497687, 
        "long_term_average": 342355, 
        "date": "2013-02-28", 
        "operating_revenue": 249722, 
        "short_term_average": 275069
    }, 
    {
        "accumulated_operating_revenue_yoy": 24.065942357024294, 
        "accumulated_operating_revenue": 822185, 
        "long_term_average": 347473, 
        "date": "2013-03-31", 
        "operating_revenue": 324498, 
        "short_term_average": 274061
    }, 
    {
        "accumulated_operating_revenue_yoy": 23.936858391538436, 
        "accumulated_operating_revenue": 1115050, 
        "long_term_average": 352129, 
        "date": "2013-04-30", 
        "operating_revenue": 292865, 
        "short_term_average": 289028
    }, 
    {
        "accumulated_operating_revenue_yoy": 11.811001989262959, 
        "accumulated_operating_revenue": 1302322, 
        "long_term_average": 345647, 
        "date": "2013-05-31", 
        "operating_revenue": 187272, 
        "short_term_average": 268211
    }, 
    {
        "accumulated_operating_revenue_yoy": -31.38350795157135, 
        "accumulated_operating_revenue": 1582743, 
        "long_term_average": 273857, 
        "date": "2013-06-30", 
        "operating_revenue": 280421, 
        "short_term_average": 253519
    }, 
    {
        "accumulated_operating_revenue_yoy": -26.115878539364985, 
        "accumulated_operating_revenue": 1845086, 
        "long_term_average": 279834, 
        "date": "2013-07-31", 
        "operating_revenue": 262343, 
        "short_term_average": 243345
    }, 
    {
        "accumulated_operating_revenue_yoy": -15.657040632268476, 
        "accumulated_operating_revenue": 2274372, 
        "long_term_average": 298999, 
        "date": "2013-08-31", 
        "operating_revenue": 429286, 
        "short_term_average": 324016
    }, 
    {
        "accumulated_operating_revenue_yoy": -11.510164022167544, 
        "accumulated_operating_revenue": 2724687, 
        "long_term_average": 304649, 
        "date": "2013-09-30", 
        "operating_revenue": 450315, 
        "short_term_average": 380648
    }, 
    {
        "accumulated_operating_revenue_yoy": -5.307590427880209, 
        "accumulated_operating_revenue": 3204465, 
        "long_term_average": 319215, 
        "date": "2013-10-31", 
        "operating_revenue": 479778, 
        "short_term_average": 453126
    }, 
    {
        "accumulated_operating_revenue_yoy": 1.9436958189359637, 
        "accumulated_operating_revenue": 3754255, 
        "long_term_average": 340148, 
        "date": "2013-11-30", 
        "operating_revenue": 549790, 
        "short_term_average": 493294
    }, 
    {
        "accumulated_operating_revenue_yoy": 9.788845784882886, 
        "accumulated_operating_revenue": 4402749, 
        "long_term_average": 366895, 
        "date": "2013-12-31", 
        "operating_revenue": 648494, 
        "short_term_average": 559354
    }, 
    {
        "accumulated_operating_revenue_yoy": 73.9059947976529, 
        "accumulated_operating_revenue": 431226, 
        "long_term_average": 382167, 
        "date": "2014-01-31", 
        "operating_revenue": 431226, 
        "short_term_average": 543170
    }, 
    {
        "accumulated_operating_revenue_yoy": 68.66303520083909, 
        "accumulated_operating_revenue": 839414, 
        "long_term_average": 395373, 
        "date": "2014-02-28", 
        "operating_revenue": 408188, 
        "short_term_average": 495969
    }, 
    {
        "accumulated_operating_revenue_yoy": 67.23425992933464, 
        "accumulated_operating_revenue": 1374975, 
        "long_term_average": 412961, 
        "date": "2014-03-31", 
        "operating_revenue": 535561, 
        "short_term_average": 458325
    }, 
    {
        "accumulated_operating_revenue_yoy": 70.50876642303035, 
        "accumulated_operating_revenue": 1901258, 
        "long_term_average": 432413, 
        "date": "2014-04-30", 
        "operating_revenue": 526283, 
        "short_term_average": 490010
    }, 
    {
        "accumulated_operating_revenue_yoy": 78.34598509431615, 
        "accumulated_operating_revenue": 2322639, 
        "long_term_average": 451922, 
        "date": "2014-05-31", 
        "operating_revenue": 421381, 
        "short_term_average": 494408
    }, 
    {
        "accumulated_operating_revenue_yoy": 69.39016631253463, 
        "accumulated_operating_revenue": 2681011, 
        "long_term_average": 458418, 
        "date": "2014-06-30", 
        "operating_revenue": 358372, 
        "short_term_average": 435345
    }, 
    {
        "accumulated_operating_revenue_yoy": 69.77165292024328, 
        "accumulated_operating_revenue": 3132433, 
        "long_term_average": 474174, 
        "date": "2014-07-31", 
        "operating_revenue": 451422, 
        "short_term_average": 410391
    }, 
    {
        "accumulated_operating_revenue_yoy": 59.537182132034694, 
        "accumulated_operating_revenue": 3628469, 
        "long_term_average": 479737, 
        "date": "2014-08-31", 
        "operating_revenue": 496036, 
        "short_term_average": 435276
    }, 
    {
        "accumulated_operating_revenue_yoy": 50.81097388433974, 
        "accumulated_operating_revenue": 4109127, 
        "long_term_average": 482265, 
        "date": "2014-09-30", 
        "operating_revenue": 480658, 
        "short_term_average": 476038
    }, 
    {
        "accumulated_operating_revenue_yoy": 46.29396794784777, 
        "accumulated_operating_revenue": 4687939, 
        "long_term_average": 490518, 
        "date": "2014-10-31", 
        "operating_revenue": 578812, 
        "short_term_average": 518502
    }, 
    {
        "accumulated_operating_revenue_yoy": 39.54584864373891, 
        "accumulated_operating_revenue": 5238907, 
        "long_term_average": 490616, 
        "date": "2014-11-30", 
        "operating_revenue": 550968, 
        "short_term_average": 536812
    }, 
    {
        "accumulated_operating_revenue_yoy": 33.99024109709638, 
        "accumulated_operating_revenue": 5899254, 
        "long_term_average": 491604, 
        "date": "2014-12-31", 
        "operating_revenue": 660347, 
        "short_term_average": 596709
    }, 
    {
        "accumulated_operating_revenue_yoy": -4.019238172095375, 
        "accumulated_operating_revenue": 413894, 
        "long_term_average": 490160, 
        "date": "2015-01-31", 
        "operating_revenue": 413894, 
        "short_term_average": 541736
    }, 
    {
        "accumulated_operating_revenue_yoy": 7.137002718563188, 
        "accumulated_operating_revenue": 899323, 
        "long_term_average": 496596, 
        "date": "2015-02-28", 
        "operating_revenue": 485429, 
        "short_term_average": 519890
    }, 
    {
        "accumulated_operating_revenue_yoy": 26.008691067110313, 
        "accumulated_operating_revenue": 1732588, 
        "long_term_average": 521405, 
        "date": "2015-03-31", 
        "operating_revenue": 833265, 
        "short_term_average": 577529
    }, 
    {
        "accumulated_operating_revenue_yoy": 23.430433954781517, 
        "accumulated_operating_revenue": 2346731, 
        "long_term_average": 528727, 
        "date": "2015-04-30", 
        "operating_revenue": 614143, 
        "short_term_average": 644279
    }, 
    {
        "accumulated_operating_revenue_yoy": 28.527162421710823, 
        "accumulated_operating_revenue": 2985222, 
        "long_term_average": 546819, 
        "date": "2015-05-31", 
        "operating_revenue": 638491, 
        "short_term_average": 695299
    }, 
    {
        "accumulated_operating_revenue_yoy": 31.802405883452174, 
        "accumulated_operating_revenue": 3533637, 
        "long_term_average": 562656, 
        "date": "2015-06-30", 
        "operating_revenue": 548415, 
        "short_term_average": 600349
    }, 
    {
        "accumulated_operating_revenue_yoy": 30.087794375809473, 
        "accumulated_operating_revenue": 4074913, 
        "long_term_average": 570144, 
        "date": "2015-07-31", 
        "operating_revenue": 541276, 
        "short_term_average": 576060
    }, 
    {
        "accumulated_operating_revenue_yoy": 24.149524220821508, 
        "accumulated_operating_revenue": 4504727, 
        "long_term_average": 564626, 
        "date": "2015-08-31", 
        "operating_revenue": 429814, 
        "short_term_average": 506501
    }, 
    {
        "accumulated_operating_revenue_yoy": 21.875473792851864, 
        "accumulated_operating_revenue": 5008018, 
        "long_term_average": 566512, 
        "date": "2015-09-30", 
        "operating_revenue": 503291, 
        "short_term_average": 491460
    }
]