[
    {
        "date": "2012-01-31", 
        "operating_revenue": 548635, 
        "accumulated_operating_revenue": 548635, 
        "long_term_average": 548635, 
        "short_term_average": 548635
    }, 
    {
        "date": "2012-02-29", 
        "operating_revenue": 596700, 
        "accumulated_operating_revenue": 1145335, 
        "long_term_average": 572667, 
        "short_term_average": 572667
    }, 
    {
        "date": "2012-03-31", 
        "operating_revenue": 899065, 
        "accumulated_operating_revenue": 2044400, 
        "long_term_average": 681466, 
        "short_term_average": 681466
    }, 
    {
        "date": "2012-04-30", 
        "operating_revenue": 156475, 
        "accumulated_operating_revenue": 2200875, 
        "long_term_average": 550218, 
        "short_term_average": 550746
    }, 
    {
        "date": "2012-05-31", 
        "operating_revenue": 777656, 
        "accumulated_operating_revenue": 2978531, 
        "long_term_average": 595706, 
        "short_term_average": 611065
    }, 
    {
        "date": "2012-06-30", 
        "operating_revenue": 944399, 
        "accumulated_operating_revenue": 3922930, 
        "long_term_average": 653821, 
        "short_term_average": 626176
    }, 
    {
        "date": "2012-07-31", 
        "operating_revenue": 197175, 
        "accumulated_operating_revenue": 4120105, 
        "long_term_average": 588586, 
        "short_term_average": 639743
    }, 
    {
        "date": "2012-08-31", 
        "operating_revenue": 379440, 
        "accumulated_operating_revenue": 4499545, 
        "long_term_average": 562443, 
        "short_term_average": 507004
    }, 
    {
        "date": "2012-09-30", 
        "operating_revenue": 1237234, 
        "accumulated_operating_revenue": 5736779, 
        "long_term_average": 637419, 
        "short_term_average": 604616
    }, 
    {
        "date": "2012-10-31", 
        "operating_revenue": 2160120, 
        "accumulated_operating_revenue": 7896899, 
        "long_term_average": 789689, 
        "short_term_average": 1258931
    }, 
    {
        "date": "2012-11-30", 
        "operating_revenue": 6144141, 
        "accumulated_operating_revenue": 14041040, 
        "long_term_average": 1276458, 
        "short_term_average": 3180498
    }, 
    {
        "date": "2012-12-31", 
        "operating_revenue": 1339162, 
        "accumulated_operating_revenue": 15380202, 
        "long_term_average": 1281683, 
        "short_term_average": 3214474
    }, 
    {
        "accumulated_operating_revenue_yoy": 103.75714272694961, 
        "accumulated_operating_revenue": 1117883, 
        "long_term_average": 1329120, 
        "date": "2013-01-31", 
        "operating_revenue": 1117883, 
        "short_term_average": 2867062
    }, 
    {
        "accumulated_operating_revenue_yoy": 106.90426818354454, 
        "accumulated_operating_revenue": 2369747, 
        "long_term_average": 1383717, 
        "date": "2013-02-28", 
        "operating_revenue": 1251864, 
        "short_term_average": 1236303
    }, 
    {
        "accumulated_operating_revenue_yoy": 140.75797299941303, 
        "accumulated_operating_revenue": 4922056, 
        "long_term_average": 1521488, 
        "date": "2013-03-31", 
        "operating_revenue": 2552309, 
        "short_term_average": 1640685
    }, 
    {
        "accumulated_operating_revenue_yoy": 248.22186630317486, 
        "accumulated_operating_revenue": 7663928, 
        "long_term_average": 1736937, 
        "date": "2013-04-30", 
        "operating_revenue": 2741872, 
        "short_term_average": 2182015
    }, 
    {
        "accumulated_operating_revenue_yoy": 235.62853634895862, 
        "accumulated_operating_revenue": 9996800, 
        "long_term_average": 1866539, 
        "date": "2013-05-31", 
        "operating_revenue": 2332872, 
        "short_term_average": 2542351
    }, 
    {
        "accumulated_operating_revenue_yoy": 224.76809425607902, 
        "accumulated_operating_revenue": 12740425, 
        "long_term_average": 2016474, 
        "date": "2013-06-30", 
        "operating_revenue": 2743625, 
        "short_term_average": 2606123
    }, 
    {
        "accumulated_operating_revenue_yoy": 240.72867074989594, 
        "accumulated_operating_revenue": 14038379, 
        "long_term_average": 2108206, 
        "date": "2013-07-31", 
        "operating_revenue": 1297954, 
        "short_term_average": 2124817
    }, 
    {
        "accumulated_operating_revenue_yoy": 219.50159405006505, 
        "accumulated_operating_revenue": 14376118, 
        "long_term_average": 2104731, 
        "date": "2013-08-31", 
        "operating_revenue": 337739, 
        "short_term_average": 1459772
    }, 
    {
        "accumulated_operating_revenue_yoy": 186.65929086687842, 
        "accumulated_operating_revenue": 16445010, 
        "long_term_average": 2174036, 
        "date": "2013-09-30", 
        "operating_revenue": 2068892, 
        "short_term_average": 1234861
    }, 
    {
        "accumulated_operating_revenue_yoy": 150.71954193665132, 
        "accumulated_operating_revenue": 19799069, 
        "long_term_average": 2273531, 
        "date": "2013-10-31", 
        "operating_revenue": 3354059, 
        "short_term_average": 1920230
    }, 
    {
        "accumulated_operating_revenue_yoy": 61.400003133671014, 
        "accumulated_operating_revenue": 22662239, 
        "long_term_average": 2000116, 
        "date": "2013-11-30", 
        "operating_revenue": 2863170, 
        "short_term_average": 2762040
    }, 
    {
        "accumulated_operating_revenue_yoy": 63.40668997715374, 
        "accumulated_operating_revenue": 25132279, 
        "long_term_average": 2094356, 
        "date": "2013-12-31", 
        "operating_revenue": 2470040, 
        "short_term_average": 2895756
    }, 
    {
        "accumulated_operating_revenue_yoy": 65.57349919445953, 
        "accumulated_operating_revenue": 1850918, 
        "long_term_average": 2155442, 
        "date": "2014-01-31", 
        "operating_revenue": 1850918, 
        "short_term_average": 2394709
    }, 
    {
        "accumulated_operating_revenue_yoy": 25.982520496913807, 
        "accumulated_operating_revenue": 2985467, 
        "long_term_average": 2145666, 
        "date": "2014-02-28", 
        "operating_revenue": 1134549, 
        "short_term_average": 1818502
    }, 
    {
        "accumulated_operating_revenue_yoy": -6.010496426696486, 
        "accumulated_operating_revenue": 4626216, 
        "long_term_average": 2069703, 
        "date": "2014-03-31", 
        "operating_revenue": 1640749, 
        "short_term_average": 1542072
    }, 
    {
        "accumulated_operating_revenue_yoy": -23.400272027607773, 
        "accumulated_operating_revenue": 5870548, 
        "long_term_average": 1944908, 
        "date": "2014-04-30", 
        "operating_revenue": 1244332, 
        "short_term_average": 1339876
    }, 
    {
        "accumulated_operating_revenue_yoy": -30.98084387003841, 
        "accumulated_operating_revenue": 6899707, 
        "long_term_average": 1836265, 
        "date": "2014-05-31", 
        "operating_revenue": 1029159, 
        "short_term_average": 1304746
    }, 
    {
        "accumulated_operating_revenue_yoy": -35.6990053314548, 
        "accumulated_operating_revenue": 8192220, 
        "long_term_average": 1715339, 
        "date": "2014-06-30", 
        "operating_revenue": 1292513, 
        "short_term_average": 1188668
    }, 
    {
        "accumulated_operating_revenue_yoy": -33.285331589922166, 
        "accumulated_operating_revenue": 9365658, 
        "long_term_average": 1704963, 
        "date": "2014-07-31", 
        "operating_revenue": 1173438, 
        "short_term_average": 1165036
    }, 
    {
        "accumulated_operating_revenue_yoy": -32.71920834261377, 
        "accumulated_operating_revenue": 9672366, 
        "long_term_average": 1702377, 
        "date": "2014-08-31", 
        "operating_revenue": 306708, 
        "short_term_average": 924219
    }, 
    {
        "accumulated_operating_revenue_yoy": -34.891155432559785, 
        "accumulated_operating_revenue": 10707156, 
        "long_term_average": 1616202, 
        "date": "2014-09-30", 
        "operating_revenue": 1034790, 
        "short_term_average": 838312
    }, 
    {
        "accumulated_operating_revenue_yoy": -44.38184946979072, 
        "accumulated_operating_revenue": 11011876, 
        "long_term_average": 1362090, 
        "date": "2014-10-31", 
        "operating_revenue": 304720, 
        "short_term_average": 548739
    }, 
    {
        "accumulated_operating_revenue_yoy": -49.9202792804365, 
        "accumulated_operating_revenue": 11349186, 
        "long_term_average": 1151602, 
        "date": "2014-11-30", 
        "operating_revenue": 337310, 
        "short_term_average": 558940
    }, 
    {
        "accumulated_operating_revenue_yoy": -29.078453251294878, 
        "accumulated_operating_revenue": 17824201, 
        "long_term_average": 1485350, 
        "date": "2014-12-31", 
        "operating_revenue": 6475015, 
        "short_term_average": 2372348
    }, 
    {
        "accumulated_operating_revenue_yoy": -13.328683388459131, 
        "accumulated_operating_revenue": 1604215, 
        "long_term_average": 1464791, 
        "date": "2015-01-31", 
        "operating_revenue": 1604215, 
        "short_term_average": 2805513
    }, 
    {
        "accumulated_operating_revenue_yoy": 26.225913734769136, 
        "accumulated_operating_revenue": 3768433, 
        "long_term_average": 1550597, 
        "date": "2015-02-28", 
        "operating_revenue": 2164218, 
        "short_term_average": 3414482
    }, 
    {
        "accumulated_operating_revenue_yoy": 42.45082806336756, 
        "accumulated_operating_revenue": 6590083, 
        "long_term_average": 1649005, 
        "date": "2015-03-31", 
        "operating_revenue": 2821650, 
        "short_term_average": 2196694
    }, 
    {
        "accumulated_operating_revenue_yoy": 58.70480915921308, 
        "accumulated_operating_revenue": 9316842, 
        "long_term_average": 1772541, 
        "date": "2015-04-30", 
        "operating_revenue": 2726759, 
        "short_term_average": 2570875
    }, 
    {
        "accumulated_operating_revenue_yoy": 78.75143103902818, 
        "accumulated_operating_revenue": 12333325, 
        "long_term_average": 1938151, 
        "date": "2015-05-31", 
        "operating_revenue": 3016483, 
        "short_term_average": 2854964
    }, 
    {
        "accumulated_operating_revenue_yoy": 83.49552380185102, 
        "accumulated_operating_revenue": 15032357, 
        "long_term_average": 2055361, 
        "date": "2015-06-30", 
        "operating_revenue": 2699032, 
        "short_term_average": 2814091
    }, 
    {
        "accumulated_operating_revenue_yoy": 79.27594622823084, 
        "accumulated_operating_revenue": 16790372, 
        "long_term_average": 2104076, 
        "date": "2015-07-31", 
        "operating_revenue": 1758015, 
        "short_term_average": 2491176
    }, 
    {
        "accumulated_operating_revenue_yoy": 85.11854286738115, 
        "accumulated_operating_revenue": 17905343, 
        "long_term_average": 2171431, 
        "date": "2015-08-31", 
        "operating_revenue": 1114971, 
        "short_term_average": 1857339
    }, 
    {
        "accumulated_operating_revenue_yoy": 87.58620870005069, 
        "accumulated_operating_revenue": 20085148, 
        "long_term_average": 2266849, 
        "date": "2015-09-30", 
        "operating_revenue": 2179805, 
        "short_term_average": 1684263
    }
]