[
    {
        "date": "2012-01-31", 
        "operating_revenue": 495, 
        "accumulated_operating_revenue": 495, 
        "long_term_average": 495, 
        "short_term_average": 495
    }, 
    {
        "date": "2012-02-29", 
        "operating_revenue": 19921, 
        "accumulated_operating_revenue": 20416, 
        "long_term_average": 10208, 
        "short_term_average": 10208
    }, 
    {
        "date": "2012-03-31", 
        "operating_revenue": 7831, 
        "accumulated_operating_revenue": 28247, 
        "long_term_average": 9415, 
        "short_term_average": 9415
    }, 
    {
        "date": "2012-04-30", 
        "operating_revenue": 7162, 
        "accumulated_operating_revenue": 35409, 
        "long_term_average": 8852, 
        "short_term_average": 11638
    }, 
    {
        "date": "2012-05-31", 
        "operating_revenue": 556, 
        "accumulated_operating_revenue": 35965, 
        "long_term_average": 7193, 
        "short_term_average": 5183
    }, 
    {
        "date": "2012-06-30", 
        "operating_revenue": 527, 
        "accumulated_operating_revenue": 36492, 
        "long_term_average": 6082, 
        "short_term_average": 2748
    }, 
    {
        "date": "2012-07-31", 
        "operating_revenue": 10324, 
        "accumulated_operating_revenue": 46816, 
        "long_term_average": 6688, 
        "short_term_average": 3802
    }, 
    {
        "date": "2012-08-31", 
        "operating_revenue": 10157, 
        "accumulated_operating_revenue": 56973, 
        "long_term_average": 7121, 
        "short_term_average": 7002
    }, 
    {
        "date": "2012-09-30", 
        "operating_revenue": 10336, 
        "accumulated_operating_revenue": 67309, 
        "long_term_average": 7478, 
        "short_term_average": 10272
    }, 
    {
        "date": "2012-10-31", 
        "operating_revenue": 16226, 
        "accumulated_operating_revenue": 83535, 
        "long_term_average": 8353, 
        "short_term_average": 12239
    }, 
    {
        "date": "2012-11-30", 
        "operating_revenue": 5548, 
        "accumulated_operating_revenue": 89083, 
        "long_term_average": 8098, 
        "short_term_average": 10703
    }, 
    {
        "date": "2012-12-31", 
        "operating_revenue": 23914, 
        "accumulated_operating_revenue": 112997, 
        "long_term_average": 9416, 
        "short_term_average": 15229
    }, 
    {
        "accumulated_operating_revenue_yoy": 1514.5454545454545, 
        "accumulated_operating_revenue": 7992, 
        "long_term_average": 10041, 
        "date": "2013-01-31", 
        "operating_revenue": 7992, 
        "short_term_average": 12484
    }, 
    {
        "accumulated_operating_revenue_yoy": -37.38734326018809, 
        "accumulated_operating_revenue": 12783, 
        "long_term_average": 8780, 
        "date": "2013-02-28", 
        "operating_revenue": 4791, 
        "short_term_average": 12232
    }, 
    {
        "accumulated_operating_revenue_yoy": -54.04113711190569, 
        "accumulated_operating_revenue": 12982, 
        "long_term_average": 8144, 
        "date": "2013-03-31", 
        "operating_revenue": 199, 
        "short_term_average": 4327
    }, 
    {
        "accumulated_operating_revenue_yoy": -38.5834109972041, 
        "accumulated_operating_revenue": 21747, 
        "long_term_average": 8277, 
        "date": "2013-04-30", 
        "operating_revenue": 8765, 
        "short_term_average": 4585
    }, 
    {
        "accumulated_operating_revenue_yoy": 0.22521896288057836, 
        "accumulated_operating_revenue": 36046, 
        "long_term_average": 9423, 
        "date": "2013-05-31", 
        "operating_revenue": 14299, 
        "short_term_average": 7754
    }, 
    {
        "accumulated_operating_revenue_yoy": 19.976981256165736, 
        "accumulated_operating_revenue": 43782, 
        "long_term_average": 10023, 
        "date": "2013-06-30", 
        "operating_revenue": 7736, 
        "short_term_average": 10266
    }, 
    {
        "accumulated_operating_revenue_yoy": 29.18873889268626, 
        "accumulated_operating_revenue": 60481, 
        "long_term_average": 10555, 
        "date": "2013-07-31", 
        "operating_revenue": 16699, 
        "short_term_average": 12911
    }, 
    {
        "accumulated_operating_revenue_yoy": 18.105067312586666, 
        "accumulated_operating_revenue": 67288, 
        "long_term_average": 10276, 
        "date": "2013-08-31", 
        "operating_revenue": 6807, 
        "short_term_average": 10414
    }, 
    {
        "accumulated_operating_revenue_yoy": 0.8468406899523094, 
        "accumulated_operating_revenue": 67879, 
        "long_term_average": 9463, 
        "date": "2013-09-30", 
        "operating_revenue": 591, 
        "short_term_average": 8032
    }, 
    {
        "accumulated_operating_revenue_yoy": -8.711318608966302, 
        "accumulated_operating_revenue": 76258, 
        "long_term_average": 8810, 
        "date": "2013-10-31", 
        "operating_revenue": 8379, 
        "short_term_average": 5259
    }, 
    {
        "accumulated_operating_revenue_yoy": 12.635407429026863, 
        "accumulated_operating_revenue": 100339, 
        "long_term_average": 10354, 
        "date": "2013-11-30", 
        "operating_revenue": 24081, 
        "short_term_average": 11017
    }, 
    {
        "accumulated_operating_revenue_yoy": 17.59073249732294, 
        "accumulated_operating_revenue": 132874, 
        "long_term_average": 11072, 
        "date": "2013-12-31", 
        "operating_revenue": 32535, 
        "short_term_average": 21665
    }, 
    {
        "accumulated_operating_revenue_yoy": -6.7192192192192195, 
        "accumulated_operating_revenue": 7455, 
        "long_term_average": 11028, 
        "date": "2014-01-31", 
        "operating_revenue": 7455, 
        "short_term_average": 21357
    }, 
    {
        "accumulated_operating_revenue_yoy": 87.83540639912384, 
        "accumulated_operating_revenue": 24011, 
        "long_term_average": 12008, 
        "date": "2014-02-28", 
        "operating_revenue": 16556, 
        "short_term_average": 18848
    }, 
    {
        "accumulated_operating_revenue_yoy": 299.6841780927438, 
        "accumulated_operating_revenue": 51887, 
        "long_term_average": 14314, 
        "date": "2014-03-31", 
        "operating_revenue": 27876, 
        "short_term_average": 17295
    }, 
    {
        "accumulated_operating_revenue_yoy": 140.20784476019682, 
        "accumulated_operating_revenue": 52238, 
        "long_term_average": 13613, 
        "date": "2014-04-30", 
        "operating_revenue": 351, 
        "short_term_average": 14927
    }, 
    {
        "accumulated_operating_revenue_yoy": 48.08577928202852, 
        "accumulated_operating_revenue": 53379, 
        "long_term_average": 12517, 
        "date": "2014-05-31", 
        "operating_revenue": 1141, 
        "short_term_average": 9789
    }, 
    {
        "accumulated_operating_revenue_yoy": 22.623452560412954, 
        "accumulated_operating_revenue": 53687, 
        "long_term_average": 11898, 
        "date": "2014-06-30", 
        "operating_revenue": 308, 
        "short_term_average": 600
    }, 
    {
        "accumulated_operating_revenue_yoy": -10.64962550222384, 
        "accumulated_operating_revenue": 54040, 
        "long_term_average": 10536, 
        "date": "2014-07-31", 
        "operating_revenue": 353, 
        "short_term_average": 600
    }, 
    {
        "accumulated_operating_revenue_yoy": -17.812982998454405, 
        "accumulated_operating_revenue": 55302, 
        "long_term_average": 10074, 
        "date": "2014-08-31", 
        "operating_revenue": 1262, 
        "short_term_average": 641
    }, 
    {
        "accumulated_operating_revenue_yoy": -13.858483477953417, 
        "accumulated_operating_revenue": 58472, 
        "long_term_average": 10288, 
        "date": "2014-09-30", 
        "operating_revenue": 3170, 
        "short_term_average": 1595
    }, 
    {
        "accumulated_operating_revenue_yoy": -20.90403629783105, 
        "accumulated_operating_revenue": 60317, 
        "long_term_average": 9744, 
        "date": "2014-10-31", 
        "operating_revenue": 1845, 
        "short_term_average": 2092
    }, 
    {
        "accumulated_operating_revenue_yoy": -38.99381098077517, 
        "accumulated_operating_revenue": 61213, 
        "long_term_average": 7812, 
        "date": "2014-11-30", 
        "operating_revenue": 896, 
        "short_term_average": 1970
    }, 
    {
        "accumulated_operating_revenue_yoy": 1168.9224377982148, 
        "accumulated_operating_revenue": 1686068, 
        "long_term_average": 140505, 
        "date": "2014-12-31", 
        "operating_revenue": 1624855, 
        "short_term_average": 542532
    }, 
    {
        "accumulated_operating_revenue_yoy": -95.80147551978538, 
        "accumulated_operating_revenue": 313, 
        "long_term_average": 139910, 
        "date": "2015-01-31", 
        "operating_revenue": 313, 
        "short_term_average": 542021
    }, 
    {
        "accumulated_operating_revenue_yoy": -98.67560701345217, 
        "accumulated_operating_revenue": 318, 
        "long_term_average": 138531, 
        "date": "2015-02-28", 
        "operating_revenue": 5, 
        "short_term_average": 541724
    }, 
    {
        "accumulated_operating_revenue_yoy": -99.07876732129435, 
        "accumulated_operating_revenue": 478, 
        "long_term_average": 136221, 
        "date": "2015-03-31", 
        "operating_revenue": 160, 
        "short_term_average": 159
    }, 
    {
        "accumulated_operating_revenue_yoy": -92.62414334392588, 
        "accumulated_operating_revenue": 3853, 
        "long_term_average": 136473, 
        "date": "2015-04-30", 
        "operating_revenue": 3375, 
        "short_term_average": 1180
    }, 
    {
        "accumulated_operating_revenue_yoy": -87.33771707975046, 
        "accumulated_operating_revenue": 6759, 
        "long_term_average": 136620, 
        "date": "2015-05-31", 
        "operating_revenue": 2906, 
        "short_term_average": 2147
    }, 
    {
        "accumulated_operating_revenue_yoy": -86.76402108517891, 
        "accumulated_operating_revenue": 7106, 
        "long_term_average": 136623, 
        "date": "2015-06-30", 
        "operating_revenue": 347, 
        "short_term_average": 2209
    }, 
    {
        "accumulated_operating_revenue_yoy": -86.2860843819393, 
        "accumulated_operating_revenue": 7411, 
        "long_term_average": 136619, 
        "date": "2015-07-31", 
        "operating_revenue": 305, 
        "short_term_average": 1186
    }, 
    {
        "accumulated_operating_revenue_yoy": -86.0583704025171, 
        "accumulated_operating_revenue": 7710, 
        "long_term_average": 136539, 
        "date": "2015-08-31", 
        "operating_revenue": 299, 
        "short_term_average": 317
    }
]