[
    {
        "date": "2012-01-31", 
        "operating_revenue": 8454, 
        "accumulated_operating_revenue": 8454, 
        "long_term_average": 8454, 
        "short_term_average": 8454
    }, 
    {
        "date": "2012-02-29", 
        "operating_revenue": 10907, 
        "accumulated_operating_revenue": 19361, 
        "long_term_average": 9680, 
        "short_term_average": 9680
    }, 
    {
        "date": "2012-03-31", 
        "operating_revenue": 2409, 
        "accumulated_operating_revenue": 21770, 
        "long_term_average": 7256, 
        "short_term_average": 7256
    }, 
    {
        "date": "2012-04-30", 
        "operating_revenue": 9702, 
        "accumulated_operating_revenue": 31472, 
        "long_term_average": 7868, 
        "short_term_average": 7672
    }, 
    {
        "date": "2012-05-31", 
        "operating_revenue": 175137, 
        "accumulated_operating_revenue": 206609, 
        "long_term_average": 41321, 
        "short_term_average": 62416
    }, 
    {
        "date": "2012-06-30", 
        "operating_revenue": 610481, 
        "accumulated_operating_revenue": 817090, 
        "long_term_average": 136181, 
        "short_term_average": 265106
    }, 
    {
        "date": "2012-07-31", 
        "operating_revenue": 221552, 
        "accumulated_operating_revenue": 1038642, 
        "long_term_average": 148377, 
        "short_term_average": 335723
    }, 
    {
        "date": "2012-08-31", 
        "operating_revenue": 42638, 
        "accumulated_operating_revenue": 1081280, 
        "long_term_average": 135160, 
        "short_term_average": 291557
    }, 
    {
        "date": "2012-09-30", 
        "operating_revenue": 405523, 
        "accumulated_operating_revenue": 1486803, 
        "long_term_average": 165200, 
        "short_term_average": 223237
    }, 
    {
        "date": "2012-10-31", 
        "operating_revenue": 677767, 
        "accumulated_operating_revenue": 2164570, 
        "long_term_average": 216457, 
        "short_term_average": 375309
    }, 
    {
        "date": "2012-11-30", 
        "operating_revenue": 351312, 
        "accumulated_operating_revenue": 2515882, 
        "long_term_average": 228716, 
        "short_term_average": 478200
    }, 
    {
        "date": "2012-12-31", 
        "operating_revenue": 223592, 
        "accumulated_operating_revenue": 2739474, 
        "long_term_average": 228289, 
        "short_term_average": 417557
    }, 
    {
        "accumulated_operating_revenue_yoy": 482.36337828246985, 
        "accumulated_operating_revenue": 49233, 
        "long_term_average": 231687, 
        "date": "2013-01-31", 
        "operating_revenue": 49233, 
        "short_term_average": 208045
    }, 
    {
        "accumulated_operating_revenue_yoy": 269.38691183306645, 
        "accumulated_operating_revenue": 71517, 
        "long_term_average": 232635, 
        "date": "2013-02-28", 
        "operating_revenue": 22284, 
        "short_term_average": 98369
    }, 
    {
        "accumulated_operating_revenue_yoy": 467.4644005512173, 
        "accumulated_operating_revenue": 123537, 
        "long_term_average": 236770, 
        "date": "2013-03-31", 
        "operating_revenue": 52020, 
        "short_term_average": 41179
    }, 
    {
        "accumulated_operating_revenue_yoy": 377.7866039654296, 
        "accumulated_operating_revenue": 150369, 
        "long_term_average": 238197, 
        "date": "2013-04-30", 
        "operating_revenue": 26832, 
        "short_term_average": 33712
    }, 
    {
        "accumulated_operating_revenue_yoy": 769.4572840486136, 
        "accumulated_operating_revenue": 1796377, 
        "long_term_average": 360770, 
        "date": "2013-05-31", 
        "operating_revenue": 1646008, 
        "short_term_average": 574953
    }, 
    {
        "accumulated_operating_revenue_yoy": 124.30013829565898, 
        "accumulated_operating_revenue": 1832734, 
        "long_term_average": 312926, 
        "date": "2013-06-30", 
        "operating_revenue": 36357, 
        "short_term_average": 569732
    }, 
    {
        "accumulated_operating_revenue_yoy": 79.05024060263305, 
        "accumulated_operating_revenue": 1859691, 
        "long_term_average": 296710, 
        "date": "2013-07-31", 
        "operating_revenue": 26957, 
        "short_term_average": 569774
    }, 
    {
        "accumulated_operating_revenue_yoy": 77.60857502219591, 
        "accumulated_operating_revenue": 1920446, 
        "long_term_average": 298220, 
        "date": "2013-08-31", 
        "operating_revenue": 60755, 
        "short_term_average": 41356
    }, 
    {
        "accumulated_operating_revenue_yoy": 32.325936926411906, 
        "accumulated_operating_revenue": 1967426, 
        "long_term_average": 268341, 
        "date": "2013-09-30", 
        "operating_revenue": 46980, 
        "short_term_average": 44897
    }, 
    {
        "accumulated_operating_revenue_yoy": -8.529777276780145, 
        "accumulated_operating_revenue": 1979937, 
        "long_term_average": 212903, 
        "date": "2013-10-31", 
        "operating_revenue": 12511, 
        "short_term_average": 40082
    }, 
    {
        "accumulated_operating_revenue_yoy": -6.798808529175851, 
        "accumulated_operating_revenue": 2344832, 
        "long_term_average": 214035, 
        "date": "2013-11-30", 
        "operating_revenue": 364895, 
        "short_term_average": 141462
    }, 
    {
        "accumulated_operating_revenue_yoy": 7.42832383150926, 
        "accumulated_operating_revenue": 2942971, 
        "long_term_average": 245247, 
        "date": "2013-12-31", 
        "operating_revenue": 598139, 
        "short_term_average": 325181
    }, 
    {
        "accumulated_operating_revenue_yoy": 181.00461072857635, 
        "accumulated_operating_revenue": 138347, 
        "long_term_average": 252673, 
        "date": "2014-01-31", 
        "operating_revenue": 138347, 
        "short_term_average": 367127
    }, 
    {
        "accumulated_operating_revenue_yoy": 264.7062936085127, 
        "accumulated_operating_revenue": 260827, 
        "long_term_average": 261023, 
        "date": "2014-02-28", 
        "operating_revenue": 122480, 
        "short_term_average": 286322
    }, 
    {
        "accumulated_operating_revenue_yoy": 325.84407910180755, 
        "accumulated_operating_revenue": 526075, 
        "long_term_average": 278792, 
        "date": "2014-03-31", 
        "operating_revenue": 265248, 
        "short_term_average": 175358
    }, 
    {
        "accumulated_operating_revenue_yoy": 446.44374837898766, 
        "accumulated_operating_revenue": 821682, 
        "long_term_average": 301190, 
        "date": "2014-04-30", 
        "operating_revenue": 295607, 
        "short_term_average": 227778
    }, 
    {
        "accumulated_operating_revenue_yoy": -44.917798435406375, 
        "accumulated_operating_revenue": 989484, 
        "long_term_average": 178006, 
        "date": "2014-05-31", 
        "operating_revenue": 167802, 
        "short_term_average": 242885
    }, 
    {
        "accumulated_operating_revenue_yoy": -40.970048026609426, 
        "accumulated_operating_revenue": 1081862, 
        "long_term_average": 182674, 
        "date": "2014-06-30", 
        "operating_revenue": 92378, 
        "short_term_average": 185262
    }, 
    {
        "accumulated_operating_revenue_yoy": -37.593772298731345, 
        "accumulated_operating_revenue": 1160563, 
        "long_term_average": 186986, 
        "date": "2014-07-31", 
        "operating_revenue": 78701, 
        "short_term_average": 112960
    }, 
    {
        "accumulated_operating_revenue_yoy": -33.93378413139448, 
        "accumulated_operating_revenue": 1268766, 
        "long_term_average": 190940, 
        "date": "2014-08-31", 
        "operating_revenue": 108203, 
        "short_term_average": 93094
    }, 
    {
        "accumulated_operating_revenue_yoy": -28.666440313384083, 
        "accumulated_operating_revenue": 1403435, 
        "long_term_average": 198248, 
        "date": "2014-09-30", 
        "operating_revenue": 134669, 
        "short_term_average": 107191
    }, 
    {
        "accumulated_operating_revenue_yoy": -21.95473896391653, 
        "accumulated_operating_revenue": 1545247, 
        "long_term_average": 209023, 
        "date": "2014-10-31", 
        "operating_revenue": 141812, 
        "short_term_average": 128228
    }, 
    {
        "accumulated_operating_revenue_yoy": -29.048520320432335, 
        "accumulated_operating_revenue": 1663693, 
        "long_term_average": 188486, 
        "date": "2014-11-30", 
        "operating_revenue": 118446, 
        "short_term_average": 131642
    }, 
    {
        "accumulated_operating_revenue_yoy": 8.837124117091198, 
        "accumulated_operating_revenue": 3203045, 
        "long_term_average": 266920, 
        "date": "2014-12-31", 
        "operating_revenue": 1539352, 
        "short_term_average": 599870
    }, 
    {
        "accumulated_operating_revenue_yoy": 63.98909987206083, 
        "accumulated_operating_revenue": 226874, 
        "long_term_average": 274297, 
        "date": "2015-01-31", 
        "operating_revenue": 226874, 
        "short_term_average": 628224
    }, 
    {
        "accumulated_operating_revenue_yoy": 64.31197690423154, 
        "accumulated_operating_revenue": 428570, 
        "long_term_average": 280899, 
        "date": "2015-02-28", 
        "operating_revenue": 201696, 
        "short_term_average": 655974
    }, 
    {
        "accumulated_operating_revenue_yoy": 121.59159815615644, 
        "accumulated_operating_revenue": 1165738, 
        "long_term_average": 320225, 
        "date": "2015-03-31", 
        "operating_revenue": 737168, 
        "short_term_average": 388579
    }, 
    {
        "accumulated_operating_revenue_yoy": 110.10062286870104, 
        "accumulated_operating_revenue": 1726359, 
        "long_term_average": 342310, 
        "date": "2015-04-30", 
        "operating_revenue": 560621, 
        "short_term_average": 499828
    }, 
    {
        "accumulated_operating_revenue_yoy": 109.93022625934326, 
        "accumulated_operating_revenue": 2077226, 
        "long_term_average": 357565, 
        "date": "2015-05-31", 
        "operating_revenue": 350867, 
        "short_term_average": 549552
    }, 
    {
        "accumulated_operating_revenue_yoy": 125.18842514109933, 
        "accumulated_operating_revenue": 2436228, 
        "long_term_average": 379784, 
        "date": "2015-06-30", 
        "operating_revenue": 359002, 
        "short_term_average": 423496
    }, 
    {
        "accumulated_operating_revenue_yoy": 140.17274374592333, 
        "accumulated_operating_revenue": 2787356, 
        "long_term_average": 402486, 
        "date": "2015-07-31", 
        "operating_revenue": 351128, 
        "short_term_average": 353665
    }, 
    {
        "accumulated_operating_revenue_yoy": 140.43834718143455, 
        "accumulated_operating_revenue": 3050600, 
        "long_term_average": 415406, 
        "date": "2015-08-31", 
        "operating_revenue": 263244, 
        "short_term_average": 324458
    }, 
    {
        "accumulated_operating_revenue_yoy": 124.4805067566364, 
        "accumulated_operating_revenue": 3150438, 
        "long_term_average": 412504, 
        "date": "2015-09-30", 
        "operating_revenue": 99838, 
        "short_term_average": 238070
    }
]