[
    {
        "date": "2012-01-31", 
        "operating_revenue": 14118, 
        "accumulated_operating_revenue": 14118, 
        "long_term_average": 14118, 
        "short_term_average": 14118
    }, 
    {
        "date": "2012-02-29", 
        "operating_revenue": 2841, 
        "accumulated_operating_revenue": 16959, 
        "long_term_average": 8479, 
        "short_term_average": 8479
    }, 
    {
        "date": "2012-03-31", 
        "operating_revenue": 12492, 
        "accumulated_operating_revenue": 29451, 
        "long_term_average": 9817, 
        "short_term_average": 9817
    }, 
    {
        "date": "2012-04-30", 
        "operating_revenue": 25873, 
        "accumulated_operating_revenue": 55324, 
        "long_term_average": 13831, 
        "short_term_average": 13735
    }, 
    {
        "date": "2012-05-31", 
        "operating_revenue": 20546, 
        "accumulated_operating_revenue": 75870, 
        "long_term_average": 15174, 
        "short_term_average": 19637
    }, 
    {
        "date": "2012-06-30", 
        "operating_revenue": 16573, 
        "accumulated_operating_revenue": 92443, 
        "long_term_average": 15407, 
        "short_term_average": 20997
    }, 
    {
        "date": "2012-07-31", 
        "operating_revenue": 20402, 
        "accumulated_operating_revenue": 112845, 
        "long_term_average": 16120, 
        "short_term_average": 19173
    }, 
    {
        "date": "2012-08-31", 
        "operating_revenue": 3291, 
        "accumulated_operating_revenue": 116136, 
        "long_term_average": 14517, 
        "short_term_average": 13422
    }, 
    {
        "date": "2012-09-30", 
        "operating_revenue": 4557, 
        "accumulated_operating_revenue": 120693, 
        "long_term_average": 13410, 
        "short_term_average": 9416
    }, 
    {
        "date": "2012-10-31", 
        "operating_revenue": 14392, 
        "accumulated_operating_revenue": 135085, 
        "long_term_average": 13508, 
        "short_term_average": 7413
    }, 
    {
        "date": "2012-11-30", 
        "operating_revenue": 3272, 
        "accumulated_operating_revenue": 138357, 
        "long_term_average": 12577, 
        "short_term_average": 7407
    }, 
    {
        "date": "2012-12-31", 
        "operating_revenue": 1608998, 
        "accumulated_operating_revenue": 1747355, 
        "long_term_average": 145612, 
        "short_term_average": 542220
    }, 
    {
        "accumulated_operating_revenue_yoy": -11.566794163479246, 
        "accumulated_operating_revenue": 12485, 
        "long_term_average": 145476, 
        "date": "2013-01-31", 
        "operating_revenue": 12485, 
        "short_term_average": 541585
    }, 
    {
        "accumulated_operating_revenue_yoy": -21.669909782416415, 
        "accumulated_operating_revenue": 13284, 
        "long_term_average": 145306, 
        "date": "2013-02-28", 
        "operating_revenue": 799, 
        "short_term_average": 540760
    }, 
    {
        "accumulated_operating_revenue_yoy": 6.818104648399036, 
        "accumulated_operating_revenue": 31459, 
        "long_term_average": 145780, 
        "date": "2013-03-31", 
        "operating_revenue": 18175, 
        "short_term_average": 10486
    }, 
    {
        "accumulated_operating_revenue_yoy": -15.768924878895236, 
        "accumulated_operating_revenue": 46600, 
        "long_term_average": 144885, 
        "date": "2013-04-30", 
        "operating_revenue": 15141, 
        "short_term_average": 11371
    }, 
    {
        "accumulated_operating_revenue_yoy": -37.46276525635957, 
        "accumulated_operating_revenue": 47447, 
        "long_term_average": 143244, 
        "date": "2013-05-31", 
        "operating_revenue": 847, 
        "short_term_average": 11387
    }, 
    {
        "accumulated_operating_revenue_yoy": -2.353882933266986, 
        "accumulated_operating_revenue": 90267, 
        "long_term_average": 145431, 
        "date": "2013-06-30", 
        "operating_revenue": 42820, 
        "short_term_average": 19602
    }, 
    {
        "accumulated_operating_revenue_yoy": -19.073064823430368, 
        "accumulated_operating_revenue": 91322, 
        "long_term_average": 143819, 
        "date": "2013-07-31", 
        "operating_revenue": 1055, 
        "short_term_average": 14907
    }, 
    {
        "accumulated_operating_revenue_yoy": 5.413480746710753, 
        "accumulated_operating_revenue": 122423, 
        "long_term_average": 146136, 
        "date": "2013-08-31", 
        "operating_revenue": 31101, 
        "short_term_average": 24992
    }, 
    {
        "accumulated_operating_revenue_yoy": 72.45490624974109, 
        "accumulated_operating_revenue": 208141, 
        "long_term_average": 152900, 
        "date": "2013-09-30", 
        "operating_revenue": 85718, 
        "short_term_average": 39291
    }, 
    {
        "accumulated_operating_revenue_yoy": 54.86397453455232, 
        "accumulated_operating_revenue": 209198, 
        "long_term_average": 151789, 
        "date": "2013-10-31", 
        "operating_revenue": 1057, 
        "short_term_average": 39292
    }, 
    {
        "accumulated_operating_revenue_yoy": 51.96556733667252, 
        "accumulated_operating_revenue": 210255, 
        "long_term_average": 151604, 
        "date": "2013-11-30", 
        "operating_revenue": 1057, 
        "short_term_average": 29277
    }, 
    {
        "accumulated_operating_revenue_yoy": -65.47267155214595, 
        "accumulated_operating_revenue": 603315, 
        "long_term_average": 50276, 
        "date": "2013-12-31", 
        "operating_revenue": 393060, 
        "short_term_average": 131724
    }, 
    {
        "accumulated_operating_revenue_yoy": -93.03964757709251, 
        "accumulated_operating_revenue": 869, 
        "long_term_average": 49308, 
        "date": "2014-01-31", 
        "operating_revenue": 869, 
        "short_term_average": 131662
    }, 
    {
        "accumulated_operating_revenue_yoy": 33.10749774164408, 
        "accumulated_operating_revenue": 17682, 
        "long_term_average": 50642, 
        "date": "2014-02-28", 
        "operating_revenue": 16813, 
        "short_term_average": 136914
    }, 
    {
        "accumulated_operating_revenue_yoy": 863.8418258685908, 
        "accumulated_operating_revenue": 303215, 
        "long_term_average": 72922, 
        "date": "2014-03-31", 
        "operating_revenue": 285533, 
        "short_term_average": 101071
    }, 
    {
        "accumulated_operating_revenue_yoy": 551.1630901287554, 
        "accumulated_operating_revenue": 303442, 
        "long_term_average": 71679, 
        "date": "2014-04-30", 
        "operating_revenue": 227, 
        "short_term_average": 100857
    }, 
    {
        "accumulated_operating_revenue_yoy": 540.017282441461, 
        "accumulated_operating_revenue": 303669, 
        "long_term_average": 71628, 
        "date": "2014-05-31", 
        "operating_revenue": 227, 
        "short_term_average": 95329
    }, 
    {
        "accumulated_operating_revenue_yoy": 248.5692445744292, 
        "accumulated_operating_revenue": 314643, 
        "long_term_average": 68974, 
        "date": "2014-06-30", 
        "operating_revenue": 10974, 
        "short_term_average": 3809
    }, 
    {
        "accumulated_operating_revenue_yoy": 259.4894986969186, 
        "accumulated_operating_revenue": 328293, 
        "long_term_average": 70023, 
        "date": "2014-07-31", 
        "operating_revenue": 13650, 
        "short_term_average": 8283
    }, 
    {
        "accumulated_operating_revenue_yoy": 168.3482678908375, 
        "accumulated_operating_revenue": 328520, 
        "long_term_average": 67451, 
        "date": "2014-08-31", 
        "operating_revenue": 227, 
        "short_term_average": 8283
    }, 
    {
        "accumulated_operating_revenue_yoy": 64.19494477301446, 
        "accumulated_operating_revenue": 341757, 
        "long_term_average": 61410, 
        "date": "2014-09-30", 
        "operating_revenue": 13237, 
        "short_term_average": 9038
    }, 
    {
        "accumulated_operating_revenue_yoy": 63.47383818200939, 
        "accumulated_operating_revenue": 341984, 
        "long_term_average": 61341, 
        "date": "2014-10-31", 
        "operating_revenue": 227, 
        "short_term_average": 4563
    }, 
    {
        "accumulated_operating_revenue_yoy": 80.1740743383035, 
        "accumulated_operating_revenue": 378825, 
        "long_term_average": 64323, 
        "date": "2014-11-30", 
        "operating_revenue": 36841, 
        "short_term_average": 16768
    }, 
    {
        "accumulated_operating_revenue_yoy": -37.08974582100561, 
        "accumulated_operating_revenue": 379547, 
        "long_term_average": 31628, 
        "date": "2014-12-31", 
        "operating_revenue": 722, 
        "short_term_average": 12596
    }, 
    {
        "accumulated_operating_revenue_yoy": -46.49021864211738, 
        "accumulated_operating_revenue": 465, 
        "long_term_average": 31595, 
        "date": "2015-01-31", 
        "operating_revenue": 465, 
        "short_term_average": 12676
    }, 
    {
        "accumulated_operating_revenue_yoy": -16.21422915959733, 
        "accumulated_operating_revenue": 14815, 
        "long_term_average": 31390, 
        "date": "2015-02-28", 
        "operating_revenue": 14350, 
        "short_term_average": 5179
    }, 
    {
        "accumulated_operating_revenue_yoy": -94.96067147073859, 
        "accumulated_operating_revenue": 15280, 
        "long_term_average": 7634, 
        "date": "2015-03-31", 
        "operating_revenue": 465, 
        "short_term_average": 5093
    }, 
    {
        "accumulated_operating_revenue_yoy": -94.42628245265982, 
        "accumulated_operating_revenue": 16913, 
        "long_term_average": 7751, 
        "date": "2015-04-30", 
        "operating_revenue": 1633, 
        "short_term_average": 5482
    }, 
    {
        "accumulated_operating_revenue_yoy": -94.27732168907593, 
        "accumulated_operating_revenue": 17378, 
        "long_term_average": 7771, 
        "date": "2015-05-31", 
        "operating_revenue": 465, 
        "short_term_average": 854
    }, 
    {
        "accumulated_operating_revenue_yoy": -94.32912856793254, 
        "accumulated_operating_revenue": 17843, 
        "long_term_average": 6895, 
        "date": "2015-06-30", 
        "operating_revenue": 465, 
        "short_term_average": 854
    }, 
    {
        "accumulated_operating_revenue_yoy": -94.4165730003381, 
        "accumulated_operating_revenue": 18330, 
        "long_term_average": 5798, 
        "date": "2015-07-31", 
        "operating_revenue": 487, 
        "short_term_average": 472
    }, 
    {
        "accumulated_operating_revenue_yoy": -94.27766954827712, 
        "accumulated_operating_revenue": 18799, 
        "long_term_average": 5818, 
        "date": "2015-08-31", 
        "operating_revenue": 469, 
        "short_term_average": 473
    }
]