[
    {
        "date": "2011-09-30", 
        "operating_revenue": 489319, 
        "accumulated_operating_revenue": 489319, 
        "long_term_average": 489319, 
        "short_term_average": 489319
    }, 
    {
        "date": "2011-10-31", 
        "operating_revenue": 431005, 
        "accumulated_operating_revenue": 920324, 
        "long_term_average": 460162, 
        "short_term_average": 460162
    }, 
    {
        "date": "2011-11-30", 
        "operating_revenue": 435643, 
        "accumulated_operating_revenue": 1355967, 
        "long_term_average": 451989, 
        "short_term_average": 451989
    }, 
    {
        "date": "2011-12-31", 
        "operating_revenue": 418032, 
        "accumulated_operating_revenue": 1773999, 
        "long_term_average": 443499, 
        "short_term_average": 428226
    }, 
    {
        "date": "2012-01-31", 
        "operating_revenue": 234979, 
        "accumulated_operating_revenue": 234979, 
        "long_term_average": 401795, 
        "short_term_average": 362884
    }, 
    {
        "date": "2012-02-29", 
        "operating_revenue": 271769, 
        "accumulated_operating_revenue": 506748, 
        "long_term_average": 380124, 
        "short_term_average": 308260
    }, 
    {
        "date": "2012-03-31", 
        "operating_revenue": 350460, 
        "accumulated_operating_revenue": 857208, 
        "long_term_average": 375886, 
        "short_term_average": 285736
    }, 
    {
        "date": "2012-04-30", 
        "operating_revenue": 401721, 
        "accumulated_operating_revenue": 1258929, 
        "long_term_average": 379116, 
        "short_term_average": 341316
    }, 
    {
        "date": "2012-05-31", 
        "operating_revenue": 480589, 
        "accumulated_operating_revenue": 1739518, 
        "long_term_average": 390390, 
        "short_term_average": 410923
    }, 
    {
        "date": "2012-06-30", 
        "operating_revenue": 612398, 
        "accumulated_operating_revenue": 2351916, 
        "long_term_average": 412591, 
        "short_term_average": 498236
    }, 
    {
        "date": "2012-07-31", 
        "operating_revenue": 360911, 
        "accumulated_operating_revenue": 2712827, 
        "long_term_average": 407893, 
        "short_term_average": 484632
    }, 
    {
        "date": "2012-08-31", 
        "operating_revenue": 325507, 
        "accumulated_operating_revenue": 3038334, 
        "long_term_average": 401027, 
        "short_term_average": 432938
    }, 
    {
        "accumulated_operating_revenue_yoy": 596.5993554307108, 
        "accumulated_operating_revenue": 3408593, 
        "long_term_average": 391106, 
        "date": "2012-09-30", 
        "operating_revenue": 370259, 
        "short_term_average": 352225
    }, 
    {
        "accumulated_operating_revenue_yoy": 314.3614640061544, 
        "accumulated_operating_revenue": 3813468, 
        "long_term_average": 388928, 
        "date": "2012-10-31", 
        "operating_revenue": 404875, 
        "short_term_average": 366880
    }, 
    {
        "accumulated_operating_revenue_yoy": 211.66466440554967, 
        "accumulated_operating_revenue": 4226070, 
        "long_term_average": 387008, 
        "date": "2012-11-30", 
        "operating_revenue": 412602, 
        "short_term_average": 395912
    }, 
    {
        "accumulated_operating_revenue_yoy": 172.44372742036495, 
        "accumulated_operating_revenue": 4833149, 
        "long_term_average": 402762, 
        "date": "2012-12-31", 
        "operating_revenue": 607079, 
        "short_term_average": 474852
    }, 
    {
        "accumulated_operating_revenue_yoy": 51.69951357355338, 
        "accumulated_operating_revenue": 356462, 
        "long_term_average": 412886, 
        "date": "2013-01-31", 
        "operating_revenue": 356462, 
        "short_term_average": 458714
    }, 
    {
        "accumulated_operating_revenue_yoy": 22.55026166852163, 
        "accumulated_operating_revenue": 621021, 
        "long_term_average": 412285, 
        "date": "2013-02-28", 
        "operating_revenue": 264559, 
        "short_term_average": 409366
    }, 
    {
        "accumulated_operating_revenue_yoy": 15.330468217748786, 
        "accumulated_operating_revenue": 988622, 
        "long_term_average": 413713, 
        "date": "2013-03-31", 
        "operating_revenue": 367601, 
        "short_term_average": 329540
    }, 
    {
        "accumulated_operating_revenue_yoy": 4.818778501408738, 
        "accumulated_operating_revenue": 1319594, 
        "long_term_average": 407817, 
        "date": "2013-04-30", 
        "operating_revenue": 330972, 
        "short_term_average": 321044
    }, 
    {
        "accumulated_operating_revenue_yoy": -2.9607626940336345, 
        "accumulated_operating_revenue": 1688015, 
        "long_term_average": 398470, 
        "date": "2013-05-31", 
        "operating_revenue": 368421, 
        "short_term_average": 355664
    }, 
    {
        "accumulated_operating_revenue_yoy": -13.215395447796604, 
        "accumulated_operating_revenue": 2041101, 
        "long_term_average": 376861, 
        "date": "2013-06-30", 
        "operating_revenue": 353086, 
        "short_term_average": 350826
    }, 
    {
        "accumulated_operating_revenue_yoy": -9.475023656134358, 
        "accumulated_operating_revenue": 2455786, 
        "long_term_average": 381342, 
        "date": "2013-07-31", 
        "operating_revenue": 414685, 
        "short_term_average": 378730
    }, 
    {
        "accumulated_operating_revenue_yoy": -7.751781074760049, 
        "accumulated_operating_revenue": 2802809, 
        "long_term_average": 383135, 
        "date": "2013-08-31", 
        "operating_revenue": 347023, 
        "short_term_average": 371598
    }, 
    {
        "accumulated_operating_revenue_yoy": -7.044138153191068, 
        "accumulated_operating_revenue": 3168487, 
        "long_term_average": 382753, 
        "date": "2013-09-30", 
        "operating_revenue": 365678, 
        "short_term_average": 375795
    }, 
    {
        "accumulated_operating_revenue_yoy": -9.014865209305546, 
        "accumulated_operating_revenue": 3469689, 
        "long_term_average": 374114, 
        "date": "2013-10-31", 
        "operating_revenue": 301202, 
        "short_term_average": 337967
    }, 
    {
        "accumulated_operating_revenue_yoy": -10.22006261136233, 
        "accumulated_operating_revenue": 3794163, 
        "long_term_average": 366770, 
        "date": "2013-11-30", 
        "operating_revenue": 324474, 
        "short_term_average": 330451
    }, 
    {
        "accumulated_operating_revenue_yoy": -13.120534872812737, 
        "accumulated_operating_revenue": 4199014, 
        "long_term_average": 349917, 
        "date": "2013-12-31", 
        "operating_revenue": 404851, 
        "short_term_average": 343509
    }, 
    {
        "accumulated_operating_revenue_yoy": 42.551239683332305, 
        "accumulated_operating_revenue": 508141, 
        "long_term_average": 362557, 
        "date": "2014-01-31", 
        "operating_revenue": 508141, 
        "short_term_average": 412488
    }, 
    {
        "accumulated_operating_revenue_yoy": 25.906853391431206, 
        "accumulated_operating_revenue": 781908, 
        "long_term_average": 363325, 
        "date": "2014-02-28", 
        "operating_revenue": 273767, 
        "short_term_average": 395586
    }, 
    {
        "accumulated_operating_revenue_yoy": 12.791036412299139, 
        "accumulated_operating_revenue": 1115077, 
        "long_term_average": 360455, 
        "date": "2014-03-31", 
        "operating_revenue": 333169, 
        "short_term_average": 371692
    }, 
    {
        "accumulated_operating_revenue_yoy": 11.18298506965021, 
        "accumulated_operating_revenue": 1467164, 
        "long_term_average": 362215, 
        "date": "2014-04-30", 
        "operating_revenue": 352087, 
        "short_term_average": 319674
    }, 
    {
        "accumulated_operating_revenue_yoy": 9.967269248199809, 
        "accumulated_operating_revenue": 1856264, 
        "long_term_average": 363938, 
        "date": "2014-05-31", 
        "operating_revenue": 389100, 
        "short_term_average": 358118
    }, 
    {
        "accumulated_operating_revenue_yoy": 10.035956084485775, 
        "accumulated_operating_revenue": 2245945, 
        "long_term_average": 366988, 
        "date": "2014-06-30", 
        "operating_revenue": 389681, 
        "short_term_average": 376956
    }, 
    {
        "accumulated_operating_revenue_yoy": 4.172513403040819, 
        "accumulated_operating_revenue": 2558254, 
        "long_term_average": 358456, 
        "date": "2014-07-31", 
        "operating_revenue": 312309, 
        "short_term_average": 363696
    }, 
    {
        "accumulated_operating_revenue_yoy": 9.852437322700192, 
        "accumulated_operating_revenue": 3078954, 
        "long_term_average": 372929, 
        "date": "2014-08-31", 
        "operating_revenue": 520700, 
        "short_term_average": 407563
    }, 
    {
        "accumulated_operating_revenue_yoy": 18.776785260599144, 
        "accumulated_operating_revenue": 3763427, 
        "long_term_average": 399496, 
        "date": "2014-09-30", 
        "operating_revenue": 684473, 
        "short_term_average": 505827
    }, 
    {
        "accumulated_operating_revenue_yoy": 28.582792290605873, 
        "accumulated_operating_revenue": 4461423, 
        "long_term_average": 432562, 
        "date": "2014-10-31", 
        "operating_revenue": 697996, 
        "short_term_average": 634389
    }, 
    {
        "accumulated_operating_revenue_yoy": 31.508029570685288, 
        "accumulated_operating_revenue": 4989629, 
        "long_term_average": 449540, 
        "date": "2014-11-30", 
        "operating_revenue": 528206, 
        "short_term_average": 636891
    }, 
    {
        "accumulated_operating_revenue_yoy": 30.29394519761068, 
        "accumulated_operating_revenue": 5471061, 
        "long_term_average": 455921, 
        "date": "2014-12-31", 
        "operating_revenue": 481432, 
        "short_term_average": 569211
    }, 
    {
        "accumulated_operating_revenue_yoy": -37.28492682149246, 
        "accumulated_operating_revenue": 318681, 
        "long_term_average": 440133, 
        "date": "2015-01-31", 
        "operating_revenue": 318681, 
        "short_term_average": 442773
    }, 
    {
        "accumulated_operating_revenue_yoy": -28.400527939348365, 
        "accumulated_operating_revenue": 559842, 
        "long_term_average": 437416, 
        "date": "2015-02-28", 
        "operating_revenue": 241161, 
        "short_term_average": 347091
    }, 
    {
        "accumulated_operating_revenue_yoy": -22.162595049489855, 
        "accumulated_operating_revenue": 867947, 
        "long_term_average": 435327, 
        "date": "2015-03-31", 
        "operating_revenue": 308105, 
        "short_term_average": 289315
    }, 
    {
        "accumulated_operating_revenue_yoy": -21.293393240292154, 
        "accumulated_operating_revenue": 1154755, 
        "long_term_average": 429887, 
        "date": "2015-04-30", 
        "operating_revenue": 286808, 
        "short_term_average": 278691
    }, 
    {
        "accumulated_operating_revenue_yoy": -21.705210034779533, 
        "accumulated_operating_revenue": 1453358, 
        "long_term_average": 422346, 
        "date": "2015-05-31", 
        "operating_revenue": 298603, 
        "short_term_average": 297838
    }, 
    {
        "accumulated_operating_revenue_yoy": -19.698211665913455, 
        "accumulated_operating_revenue": 1803534, 
        "long_term_average": 419054, 
        "date": "2015-06-30", 
        "operating_revenue": 350176, 
        "short_term_average": 311862
    }, 
    {
        "accumulated_operating_revenue_yoy": -17.897011008289248, 
        "accumulated_operating_revenue": 2100403, 
        "long_term_average": 417767, 
        "date": "2015-07-31", 
        "operating_revenue": 296869, 
        "short_term_average": 315216
    }, 
    {
        "accumulated_operating_revenue_yoy": -20.85675849655435, 
        "accumulated_operating_revenue": 2436784, 
        "long_term_average": 402407, 
        "date": "2015-08-31", 
        "operating_revenue": 336381, 
        "short_term_average": 327808
    }
]