[
    {
        "date": "2012-01-31", 
        "operating_revenue": 59972, 
        "accumulated_operating_revenue": 59972, 
        "long_term_average": 59972, 
        "short_term_average": 59972
    }, 
    {
        "date": "2012-02-29", 
        "operating_revenue": 82319, 
        "accumulated_operating_revenue": 142291, 
        "long_term_average": 71145, 
        "short_term_average": 71145
    }, 
    {
        "date": "2012-03-31", 
        "operating_revenue": 2487861, 
        "accumulated_operating_revenue": 2630152, 
        "long_term_average": 876717, 
        "short_term_average": 876717
    }, 
    {
        "date": "2012-04-30", 
        "operating_revenue": 41416, 
        "accumulated_operating_revenue": 2671568, 
        "long_term_average": 667892, 
        "short_term_average": 870532
    }, 
    {
        "date": "2012-05-31", 
        "operating_revenue": 152177, 
        "accumulated_operating_revenue": 2823745, 
        "long_term_average": 564749, 
        "short_term_average": 893818
    }, 
    {
        "date": "2012-06-30", 
        "operating_revenue": 44128, 
        "accumulated_operating_revenue": 2867873, 
        "long_term_average": 477978, 
        "short_term_average": 79240
    }, 
    {
        "date": "2012-07-31", 
        "operating_revenue": 60774, 
        "accumulated_operating_revenue": 2928647, 
        "long_term_average": 418378, 
        "short_term_average": 85693
    }, 
    {
        "date": "2012-08-31", 
        "operating_revenue": 24, 
        "accumulated_operating_revenue": 2928671, 
        "long_term_average": 366083, 
        "short_term_average": 34975
    }, 
    {
        "date": "2012-09-30", 
        "operating_revenue": 304442, 
        "accumulated_operating_revenue": 3233113, 
        "long_term_average": 359234, 
        "short_term_average": 121746
    }, 
    {
        "date": "2012-10-31", 
        "operating_revenue": 217664, 
        "accumulated_operating_revenue": 3450777, 
        "long_term_average": 345077, 
        "short_term_average": 174043
    }, 
    {
        "date": "2012-11-30", 
        "operating_revenue": 413917, 
        "accumulated_operating_revenue": 3864694, 
        "long_term_average": 351335, 
        "short_term_average": 312007
    }, 
    {
        "date": "2012-12-31", 
        "operating_revenue": 633640, 
        "accumulated_operating_revenue": 4498334, 
        "long_term_average": 374861, 
        "short_term_average": 421740
    }, 
    {
        "accumulated_operating_revenue_yoy": -37.36410324818248, 
        "accumulated_operating_revenue": 37564, 
        "long_term_average": 372993, 
        "date": "2013-01-31", 
        "operating_revenue": 37564, 
        "short_term_average": 361707
    }, 
    {
        "accumulated_operating_revenue_yoy": 69.25174466410384, 
        "accumulated_operating_revenue": 240830, 
        "long_term_average": 383072, 
        "date": "2013-02-28", 
        "operating_revenue": 203266, 
        "short_term_average": 291490
    }, 
    {
        "accumulated_operating_revenue_yoy": -83.04820405816851, 
        "accumulated_operating_revenue": 445858, 
        "long_term_average": 192836, 
        "date": "2013-03-31", 
        "operating_revenue": 205028, 
        "short_term_average": 148619
    }, 
    {
        "accumulated_operating_revenue_yoy": -66.83872542267312, 
        "accumulated_operating_revenue": 885926, 
        "long_term_average": 226057, 
        "date": "2013-04-30", 
        "operating_revenue": 440068, 
        "short_term_average": 282787
    }, 
    {
        "accumulated_operating_revenue_yoy": -55.57339632296826, 
        "accumulated_operating_revenue": 1254494, 
        "long_term_average": 244090, 
        "date": "2013-05-31", 
        "operating_revenue": 368568, 
        "short_term_average": 337888
    }, 
    {
        "accumulated_operating_revenue_yoy": -43.95079558962339, 
        "accumulated_operating_revenue": 1607420, 
        "long_term_average": 269823, 
        "date": "2013-06-30", 
        "operating_revenue": 352926, 
        "short_term_average": 387187
    }, 
    {
        "accumulated_operating_revenue_yoy": -22.393378239166413, 
        "accumulated_operating_revenue": 2272824, 
        "long_term_average": 320209, 
        "date": "2013-07-31", 
        "operating_revenue": 665404, 
        "short_term_average": 462299
    }, 
    {
        "accumulated_operating_revenue_yoy": -14.47369813816574, 
        "accumulated_operating_revenue": 2504784, 
        "long_term_average": 339537, 
        "date": "2013-08-31", 
        "operating_revenue": 231960, 
        "short_term_average": 416763
    }, 
    {
        "accumulated_operating_revenue_yoy": -4.279374089306498, 
        "accumulated_operating_revenue": 3094756, 
        "long_term_average": 363331, 
        "date": "2013-09-30", 
        "operating_revenue": 589972, 
        "short_term_average": 495778
    }, 
    {
        "accumulated_operating_revenue_yoy": -3.510050055393322, 
        "accumulated_operating_revenue": 3329653, 
        "long_term_average": 364767, 
        "date": "2013-10-31", 
        "operating_revenue": 234897, 
        "short_term_average": 352276
    }, 
    {
        "accumulated_operating_revenue_yoy": 44.63447817602118, 
        "accumulated_operating_revenue": 5589680, 
        "long_term_average": 518610, 
        "date": "2013-11-30", 
        "operating_revenue": 2260027, 
        "short_term_average": 1028298
    }, 
    {
        "accumulated_operating_revenue_yoy": 73.53938146878377, 
        "accumulated_operating_revenue": 7806381, 
        "long_term_average": 650531, 
        "date": "2013-12-31", 
        "operating_revenue": 2216701, 
        "short_term_average": 1570541
    }, 
    {
        "accumulated_operating_revenue_yoy": 14.987754232776062, 
        "accumulated_operating_revenue": 43194, 
        "long_term_average": 651000, 
        "date": "2014-01-31", 
        "operating_revenue": 43194, 
        "short_term_average": 1506640
    }, 
    {
        "accumulated_operating_revenue_yoy": -71.7526886185276, 
        "accumulated_operating_revenue": 68028, 
        "long_term_average": 636131, 
        "date": "2014-02-28", 
        "operating_revenue": 24834, 
        "short_term_average": 761576
    }, 
    {
        "accumulated_operating_revenue_yoy": 32.9504012488281, 
        "accumulated_operating_revenue": 592770, 
        "long_term_average": 662774, 
        "date": "2014-03-31", 
        "operating_revenue": 524742, 
        "short_term_average": 197590
    }, 
    {
        "accumulated_operating_revenue_yoy": 13.719204538528048, 
        "accumulated_operating_revenue": 1007468, 
        "long_term_average": 660660, 
        "date": "2014-04-30", 
        "operating_revenue": 414698, 
        "short_term_average": 321424
    }, 
    {
        "accumulated_operating_revenue_yoy": 60.317546357336106, 
        "accumulated_operating_revenue": 2011174, 
        "long_term_average": 713588, 
        "date": "2014-05-31", 
        "operating_revenue": 1003706, 
        "short_term_average": 647715
    }, 
    {
        "accumulated_operating_revenue_yoy": 55.30402757213423, 
        "accumulated_operating_revenue": 2496388, 
        "long_term_average": 724612, 
        "date": "2014-06-30", 
        "operating_revenue": 485214, 
        "short_term_average": 634539
    }, 
    {
        "accumulated_operating_revenue_yoy": 34.837805303006306, 
        "accumulated_operating_revenue": 3064626, 
        "long_term_average": 716515, 
        "date": "2014-07-31", 
        "operating_revenue": 568238, 
        "short_term_average": 685719
    }, 
    {
        "accumulated_operating_revenue_yoy": 37.85532005953407, 
        "accumulated_operating_revenue": 3452978, 
        "long_term_average": 729547, 
        "date": "2014-08-31", 
        "operating_revenue": 388352, 
        "short_term_average": 480601
    }, 
    {
        "accumulated_operating_revenue_yoy": 23.919947162231853, 
        "accumulated_operating_revenue": 3835020, 
        "long_term_average": 712220, 
        "date": "2014-09-30", 
        "operating_revenue": 382042, 
        "short_term_average": 446210
    }, 
    {
        "accumulated_operating_revenue_yoy": 29.033535927017017, 
        "accumulated_operating_revenue": 4296369, 
        "long_term_average": 731091, 
        "date": "2014-10-31", 
        "operating_revenue": 461349, 
        "short_term_average": 410581
    }, 
    {
        "accumulated_operating_revenue_yoy": -19.785551230124085, 
        "accumulated_operating_revenue": 4483731, 
        "long_term_average": 558369, 
        "date": "2014-11-30", 
        "operating_revenue": 187362, 
        "short_term_average": 343584
    }, 
    {
        "accumulated_operating_revenue_yoy": -35.491042520215196, 
        "accumulated_operating_revenue": 5035815, 
        "long_term_average": 419651, 
        "date": "2014-12-31", 
        "operating_revenue": 552084, 
        "short_term_average": 400265
    }, 
    {
        "accumulated_operating_revenue_yoy": 257.74876140204657, 
        "accumulated_operating_revenue": 154526, 
        "long_term_average": 428928, 
        "date": "2015-01-31", 
        "operating_revenue": 154526, 
        "short_term_average": 297990
    }, 
    {
        "accumulated_operating_revenue_yoy": 232.86293878991003, 
        "accumulated_operating_revenue": 226440, 
        "long_term_average": 432852, 
        "date": "2015-02-28", 
        "operating_revenue": 71914, 
        "short_term_average": 259508
    }, 
    {
        "accumulated_operating_revenue_yoy": -44.6770248156958, 
        "accumulated_operating_revenue": 327938, 
        "long_term_average": 397581, 
        "date": "2015-03-31", 
        "operating_revenue": 101498, 
        "short_term_average": 109312
    }, 
    {
        "accumulated_operating_revenue_yoy": -45.74209801204604, 
        "accumulated_operating_revenue": 546631, 
        "long_term_average": 381248, 
        "date": "2015-04-30", 
        "operating_revenue": 218693, 
        "short_term_average": 130701
    }, 
    {
        "accumulated_operating_revenue_yoy": -67.50455206759834, 
        "accumulated_operating_revenue": 653540, 
        "long_term_average": 306515, 
        "date": "2015-05-31", 
        "operating_revenue": 106909, 
        "short_term_average": 142366
    }, 
    {
        "accumulated_operating_revenue_yoy": -69.31230241452852, 
        "accumulated_operating_revenue": 766084, 
        "long_term_average": 275459, 
        "date": "2015-06-30", 
        "operating_revenue": 112544, 
        "short_term_average": 146048
    }, 
    {
        "accumulated_operating_revenue_yoy": -62.99561512563033, 
        "accumulated_operating_revenue": 1134046, 
        "long_term_average": 258769, 
        "date": "2015-07-31", 
        "operating_revenue": 367962, 
        "short_term_average": 195805
    }, 
    {
        "accumulated_operating_revenue_yoy": -63.84700394847578, 
        "accumulated_operating_revenue": 1248355, 
        "long_term_average": 235932, 
        "date": "2015-08-31", 
        "operating_revenue": 114309, 
        "short_term_average": 198271
    }
]