[
    {
        "date": "2012-01-31", 
        "operating_revenue": 81770, 
        "accumulated_operating_revenue": 81770, 
        "long_term_average": 81770, 
        "short_term_average": 81770
    }, 
    {
        "date": "2012-02-29", 
        "operating_revenue": 102315, 
        "accumulated_operating_revenue": 184085, 
        "long_term_average": 92042, 
        "short_term_average": 92042
    }, 
    {
        "date": "2012-03-31", 
        "operating_revenue": 218054, 
        "accumulated_operating_revenue": 402139, 
        "long_term_average": 134046, 
        "short_term_average": 134046
    }, 
    {
        "date": "2012-04-30", 
        "operating_revenue": 167434, 
        "accumulated_operating_revenue": 569573, 
        "long_term_average": 142393, 
        "short_term_average": 162601
    }, 
    {
        "date": "2012-05-31", 
        "operating_revenue": 356619, 
        "accumulated_operating_revenue": 926192, 
        "long_term_average": 185238, 
        "short_term_average": 247369
    }, 
    {
        "date": "2012-06-30", 
        "operating_revenue": 400210, 
        "accumulated_operating_revenue": 1326402, 
        "long_term_average": 221067, 
        "short_term_average": 308087
    }, 
    {
        "date": "2012-07-31", 
        "operating_revenue": 237526, 
        "accumulated_operating_revenue": 1563928, 
        "long_term_average": 223418, 
        "short_term_average": 331451
    }, 
    {
        "date": "2012-08-31", 
        "operating_revenue": 131279, 
        "accumulated_operating_revenue": 1695207, 
        "long_term_average": 211900, 
        "short_term_average": 256338
    }, 
    {
        "date": "2012-09-30", 
        "operating_revenue": 1287054, 
        "accumulated_operating_revenue": 2982261, 
        "long_term_average": 331362, 
        "short_term_average": 551953
    }, 
    {
        "date": "2012-10-31", 
        "operating_revenue": 179322, 
        "accumulated_operating_revenue": 3161583, 
        "long_term_average": 316158, 
        "short_term_average": 532551
    }, 
    {
        "date": "2012-11-30", 
        "operating_revenue": 398995, 
        "accumulated_operating_revenue": 3560578, 
        "long_term_average": 323688, 
        "short_term_average": 621790
    }, 
    {
        "date": "2012-12-31", 
        "operating_revenue": 210964, 
        "accumulated_operating_revenue": 3771542, 
        "long_term_average": 314295, 
        "short_term_average": 263093
    }, 
    {
        "accumulated_operating_revenue_yoy": 39.71627736333619, 
        "accumulated_operating_revenue": 114246, 
        "long_term_average": 317001, 
        "date": "2013-01-31", 
        "operating_revenue": 114246, 
        "short_term_average": 241401
    }, 
    {
        "accumulated_operating_revenue_yoy": 31.04435451014477, 
        "accumulated_operating_revenue": 241233, 
        "long_term_average": 319057, 
        "date": "2013-02-28", 
        "operating_revenue": 126987, 
        "short_term_average": 150732
    }, 
    {
        "accumulated_operating_revenue_yoy": 20.8099686924173, 
        "accumulated_operating_revenue": 485824, 
        "long_term_average": 321268, 
        "date": "2013-03-31", 
        "operating_revenue": 244591, 
        "short_term_average": 161941
    }, 
    {
        "accumulated_operating_revenue_yoy": 2.2771444573390944, 
        "accumulated_operating_revenue": 582543, 
        "long_term_average": 315376, 
        "date": "2013-04-30", 
        "operating_revenue": 96719, 
        "short_term_average": 156099
    }, 
    {
        "accumulated_operating_revenue_yoy": -16.834306493685975, 
        "accumulated_operating_revenue": 770274, 
        "long_term_average": 301302, 
        "date": "2013-05-31", 
        "operating_revenue": 187731, 
        "short_term_average": 176347
    }, 
    {
        "accumulated_operating_revenue_yoy": -23.647581954791985, 
        "accumulated_operating_revenue": 1012740, 
        "long_term_average": 288156, 
        "date": "2013-06-30", 
        "operating_revenue": 242466, 
        "short_term_average": 175638
    }, 
    {
        "accumulated_operating_revenue_yoy": 44.38593081011402, 
        "accumulated_operating_revenue": 2258092, 
        "long_term_average": 372142, 
        "date": "2013-07-31", 
        "operating_revenue": 1245352, 
        "short_term_average": 558516
    }, 
    {
        "accumulated_operating_revenue_yoy": 41.650665670918066, 
        "accumulated_operating_revenue": 2401272, 
        "long_term_average": 373133, 
        "date": "2013-08-31", 
        "operating_revenue": 143180, 
        "short_term_average": 543666
    }, 
    {
        "accumulated_operating_revenue_yoy": -12.776782447948051, 
        "accumulated_operating_revenue": 2601224, 
        "long_term_average": 282542, 
        "date": "2013-09-30", 
        "operating_revenue": 199952, 
        "short_term_average": 529494
    }, 
    {
        "accumulated_operating_revenue_yoy": -8.938528578879632, 
        "accumulated_operating_revenue": 2878984, 
        "long_term_average": 290745, 
        "date": "2013-10-31", 
        "operating_revenue": 277760, 
        "short_term_average": 206964
    }, 
    {
        "accumulated_operating_revenue_yoy": -13.95450401592101, 
        "accumulated_operating_revenue": 3063717, 
        "long_term_average": 272890, 
        "date": "2013-11-30", 
        "operating_revenue": 184733, 
        "short_term_average": 220815
    }, 
    {
        "accumulated_operating_revenue_yoy": -14.609356067094042, 
        "accumulated_operating_revenue": 3220544, 
        "long_term_average": 268378, 
        "date": "2013-12-31", 
        "operating_revenue": 156827, 
        "short_term_average": 206440
    }, 
    {
        "accumulated_operating_revenue_yoy": 151.00309857675543, 
        "accumulated_operating_revenue": 286761, 
        "long_term_average": 282754, 
        "date": "2014-01-31", 
        "operating_revenue": 286761, 
        "short_term_average": 209440
    }, 
    {
        "accumulated_operating_revenue_yoy": 102.65345122765129, 
        "accumulated_operating_revenue": 488867, 
        "long_term_average": 289014, 
        "date": "2014-02-28", 
        "operating_revenue": 202106, 
        "short_term_average": 215231
    }, 
    {
        "accumulated_operating_revenue_yoy": 42.70270715320775, 
        "accumulated_operating_revenue": 693284, 
        "long_term_average": 285667, 
        "date": "2014-03-31", 
        "operating_revenue": 204417, 
        "short_term_average": 231094
    }, 
    {
        "accumulated_operating_revenue_yoy": 66.77086498335744, 
        "accumulated_operating_revenue": 971512, 
        "long_term_average": 300792, 
        "date": "2014-04-30", 
        "operating_revenue": 278228, 
        "short_term_average": 228250
    }, 
    {
        "accumulated_operating_revenue_yoy": 30.610016695357757, 
        "accumulated_operating_revenue": 1006055, 
        "long_term_average": 288027, 
        "date": "2014-05-31", 
        "operating_revenue": 34543, 
        "short_term_average": 172396
    }, 
    {
        "accumulated_operating_revenue_yoy": 104.43233208918379, 
        "accumulated_operating_revenue": 2070368, 
        "long_term_average": 356514, 
        "date": "2014-06-30", 
        "operating_revenue": 1064313, 
        "short_term_average": 459028
    }, 
    {
        "accumulated_operating_revenue_yoy": 13.843280078933898, 
        "accumulated_operating_revenue": 2570686, 
        "long_term_average": 294428, 
        "date": "2014-07-31", 
        "operating_revenue": 500318, 
        "short_term_average": 533058
    }, 
    {
        "accumulated_operating_revenue_yoy": 20.423675452010436, 
        "accumulated_operating_revenue": 2891700, 
        "long_term_average": 309247, 
        "date": "2014-08-31", 
        "operating_revenue": 321014, 
        "short_term_average": 628548
    }, 
    {
        "accumulated_operating_revenue_yoy": 18.848665089973025, 
        "accumulated_operating_revenue": 3091520, 
        "long_term_average": 309236, 
        "date": "2014-09-30", 
        "operating_revenue": 199820, 
        "short_term_average": 340384
    }, 
    {
        "accumulated_operating_revenue_yoy": 11.985130865610923, 
        "accumulated_operating_revenue": 3224034, 
        "long_term_average": 297132, 
        "date": "2014-10-31", 
        "operating_revenue": 132514, 
        "short_term_average": 217782
    }, 
    {
        "accumulated_operating_revenue_yoy": 12.270193363159848, 
        "accumulated_operating_revenue": 3439641, 
        "long_term_average": 299705, 
        "date": "2014-11-30", 
        "operating_revenue": 215607, 
        "short_term_average": 182647
    }, 
    {
        "accumulated_operating_revenue_yoy": 12.975012917072396, 
        "accumulated_operating_revenue": 3638410, 
        "long_term_average": 303200, 
        "date": "2014-12-31", 
        "operating_revenue": 198769, 
        "short_term_average": 182296
    }, 
    {
        "accumulated_operating_revenue_yoy": 217.32383413365136, 
        "accumulated_operating_revenue": 909961, 
        "long_term_average": 355134, 
        "date": "2015-01-31", 
        "operating_revenue": 909961, 
        "short_term_average": 441445
    }, 
    {
        "accumulated_operating_revenue_yoy": 109.848281843528, 
        "accumulated_operating_revenue": 1025879, 
        "long_term_average": 347951, 
        "date": "2015-02-28", 
        "operating_revenue": 115918, 
        "short_term_average": 408216
    }, 
    {
        "accumulated_operating_revenue_yoy": 98.79876068104846, 
        "accumulated_operating_revenue": 1378240, 
        "long_term_average": 360280, 
        "date": "2015-03-31", 
        "operating_revenue": 352361, 
        "short_term_average": 459413
    }, 
    {
        "accumulated_operating_revenue_yoy": 54.466439941040356, 
        "accumulated_operating_revenue": 1500660, 
        "long_term_average": 347296, 
        "date": "2015-04-30", 
        "operating_revenue": 122420, 
        "short_term_average": 196899
    }, 
    {
        "accumulated_operating_revenue_yoy": 57.50480838522745, 
        "accumulated_operating_revenue": 1584585, 
        "long_term_average": 351411, 
        "date": "2015-05-31", 
        "operating_revenue": 83925, 
        "short_term_average": 186235
    }, 
    {
        "accumulated_operating_revenue_yoy": -11.869967078316513, 
        "accumulated_operating_revenue": 1824616, 
        "long_term_average": 282721, 
        "date": "2015-06-30", 
        "operating_revenue": 240031, 
        "short_term_average": 148792
    }, 
    {
        "accumulated_operating_revenue_yoy": -21.268486310657934, 
        "accumulated_operating_revenue": 2023940, 
        "long_term_average": 257638, 
        "date": "2015-07-31", 
        "operating_revenue": 199324, 
        "short_term_average": 174426
    }, 
    {
        "accumulated_operating_revenue_yoy": -28.72251616696061, 
        "accumulated_operating_revenue": 2061131, 
        "long_term_average": 233986, 
        "date": "2015-08-31", 
        "operating_revenue": 37191, 
        "short_term_average": 158848
    }, 
    {
        "accumulated_operating_revenue_yoy": -26.084806179484527, 
        "accumulated_operating_revenue": 2285103, 
        "long_term_average": 235999, 
        "date": "2015-09-30", 
        "operating_revenue": 223972, 
        "short_term_average": 153495
    }
]