[
    {
        "date": "2012-01-31", 
        "operating_revenue": 122813, 
        "accumulated_operating_revenue": 122813, 
        "long_term_average": 122813, 
        "short_term_average": 122813
    }, 
    {
        "date": "2012-02-29", 
        "operating_revenue": 819664, 
        "accumulated_operating_revenue": 942477, 
        "long_term_average": 471238, 
        "short_term_average": 471238
    }, 
    {
        "date": "2012-03-31", 
        "operating_revenue": 446983, 
        "accumulated_operating_revenue": 1389460, 
        "long_term_average": 463153, 
        "short_term_average": 463153
    }, 
    {
        "date": "2012-04-30", 
        "operating_revenue": 91031, 
        "accumulated_operating_revenue": 1480491, 
        "long_term_average": 370122, 
        "short_term_average": 452559
    }, 
    {
        "date": "2012-05-31", 
        "operating_revenue": 81153, 
        "accumulated_operating_revenue": 1561644, 
        "long_term_average": 312328, 
        "short_term_average": 206389
    }, 
    {
        "date": "2012-06-30", 
        "operating_revenue": 1487, 
        "accumulated_operating_revenue": 1563131, 
        "long_term_average": 260521, 
        "short_term_average": 57890
    }, 
    {
        "date": "2012-07-31", 
        "operating_revenue": 2147095, 
        "accumulated_operating_revenue": 3710226, 
        "long_term_average": 530032, 
        "short_term_average": 743245
    }, 
    {
        "date": "2012-08-31", 
        "operating_revenue": 328961, 
        "accumulated_operating_revenue": 4039187, 
        "long_term_average": 504898, 
        "short_term_average": 825847
    }, 
    {
        "date": "2012-09-30", 
        "operating_revenue": 342512, 
        "accumulated_operating_revenue": 4381699, 
        "long_term_average": 486855, 
        "short_term_average": 939522
    }, 
    {
        "date": "2012-10-31", 
        "operating_revenue": 321478, 
        "accumulated_operating_revenue": 4703177, 
        "long_term_average": 470317, 
        "short_term_average": 330983
    }, 
    {
        "date": "2012-11-30", 
        "operating_revenue": 1483, 
        "accumulated_operating_revenue": 4704660, 
        "long_term_average": 427696, 
        "short_term_average": 221824
    }, 
    {
        "date": "2012-12-31", 
        "operating_revenue": 521043, 
        "accumulated_operating_revenue": 5225703, 
        "long_term_average": 435475, 
        "short_term_average": 281334
    }, 
    {
        "accumulated_operating_revenue_yoy": 5592.552905637025, 
        "accumulated_operating_revenue": 6991195, 
        "long_term_average": 1007840, 
        "date": "2013-01-31", 
        "operating_revenue": 6991195, 
        "short_term_average": 2504573
    }, 
    {
        "accumulated_operating_revenue_yoy": 642.011953607356, 
        "accumulated_operating_revenue": 6993292, 
        "long_term_average": 939709, 
        "date": "2013-02-28", 
        "operating_revenue": 2097, 
        "short_term_average": 2504778
    }, 
    {
        "accumulated_operating_revenue_yoy": 403.45421962489024, 
        "accumulated_operating_revenue": 6995295, 
        "long_term_average": 902628, 
        "date": "2013-03-31", 
        "operating_revenue": 2003, 
        "short_term_average": 2331765
    }, 
    {
        "accumulated_operating_revenue_yoy": 372.9565394183416, 
        "accumulated_operating_revenue": 7002079, 
        "long_term_average": 895607, 
        "date": "2013-04-30", 
        "operating_revenue": 6784, 
        "short_term_average": 3628
    }, 
    {
        "accumulated_operating_revenue_yoy": 352.6108383216661, 
        "accumulated_operating_revenue": 7068170, 
        "long_term_average": 894352, 
        "date": "2013-05-31", 
        "operating_revenue": 66091, 
        "short_term_average": 24959
    }, 
    {
        "accumulated_operating_revenue_yoy": 352.3102670217659, 
        "accumulated_operating_revenue": 7070202, 
        "long_term_average": 894397, 
        "date": "2013-06-30", 
        "operating_revenue": 2032, 
        "short_term_average": 24969
    }, 
    {
        "accumulated_operating_revenue_yoy": 93.96176944477237, 
        "accumulated_operating_revenue": 7196420, 
        "long_term_average": 725991, 
        "date": "2013-07-31", 
        "operating_revenue": 126218, 
        "short_term_average": 64780
    }, 
    {
        "accumulated_operating_revenue_yoy": 81.63217003817847, 
        "accumulated_operating_revenue": 7336463, 
        "long_term_average": 710248, 
        "date": "2013-08-31", 
        "operating_revenue": 140043, 
        "short_term_average": 89431
    }, 
    {
        "accumulated_operating_revenue_yoy": 72.36827541097642, 
        "accumulated_operating_revenue": 7552659, 
        "long_term_average": 699721, 
        "date": "2013-09-30", 
        "operating_revenue": 216196, 
        "short_term_average": 160819
    }, 
    {
        "accumulated_operating_revenue_yoy": 60.69603589233405, 
        "accumulated_operating_revenue": 7557819, 
        "long_term_average": 673362, 
        "date": "2013-10-31", 
        "operating_revenue": 5160, 
        "short_term_average": 120466
    }, 
    {
        "accumulated_operating_revenue_yoy": 66.37355303039965, 
        "accumulated_operating_revenue": 7827310, 
        "long_term_average": 695696, 
        "date": "2013-11-30", 
        "operating_revenue": 269491, 
        "short_term_average": 163615
    }, 
    {
        "accumulated_operating_revenue_yoy": 56.83331027423487, 
        "accumulated_operating_revenue": 8195643, 
        "long_term_average": 682970, 
        "date": "2013-12-31", 
        "operating_revenue": 368333, 
        "short_term_average": 214328
    }, 
    {
        "accumulated_operating_revenue_yoy": -99.7400873527344, 
        "accumulated_operating_revenue": 18171, 
        "long_term_average": 101884, 
        "date": "2014-01-31", 
        "operating_revenue": 18171, 
        "short_term_average": 218665
    }, 
    {
        "accumulated_operating_revenue_yoy": -99.69221934390842, 
        "accumulated_operating_revenue": 21524, 
        "long_term_average": 101989, 
        "date": "2014-02-28", 
        "operating_revenue": 3353, 
        "short_term_average": 129952
    }, 
    {
        "accumulated_operating_revenue_yoy": -99.25595703969596, 
        "accumulated_operating_revenue": 52048, 
        "long_term_average": 104366, 
        "date": "2014-03-31", 
        "operating_revenue": 30524, 
        "short_term_average": 17349
    }, 
    {
        "accumulated_operating_revenue_yoy": -90.34750964677777, 
        "accumulated_operating_revenue": 675875, 
        "long_term_average": 155786, 
        "date": "2014-04-30", 
        "operating_revenue": 623827, 
        "short_term_average": 219234
    }, 
    {
        "accumulated_operating_revenue_yoy": -86.029622943421, 
        "accumulated_operating_revenue": 987450, 
        "long_term_average": 176243, 
        "date": "2014-05-31", 
        "operating_revenue": 311575, 
        "short_term_average": 321975
    }, 
    {
        "accumulated_operating_revenue_yoy": -84.6388122998466, 
        "accumulated_operating_revenue": 1086067, 
        "long_term_average": 184292, 
        "date": "2014-06-30", 
        "operating_revenue": 98617, 
        "short_term_average": 344673
    }, 
    {
        "accumulated_operating_revenue_yoy": -82.30088015985726, 
        "accumulated_operating_revenue": 1273703, 
        "long_term_average": 189410, 
        "date": "2014-07-31", 
        "operating_revenue": 187636, 
        "short_term_average": 199276
    }, 
    {
        "accumulated_operating_revenue_yoy": -81.61195660633742, 
        "accumulated_operating_revenue": 1349032, 
        "long_term_average": 184017, 
        "date": "2014-08-31", 
        "operating_revenue": 75329, 
        "short_term_average": 120527
    }, 
    {
        "accumulated_operating_revenue_yoy": -69.7900169993111, 
        "accumulated_operating_revenue": 2281657, 
        "long_term_average": 243720, 
        "date": "2014-09-30", 
        "operating_revenue": 932625, 
        "short_term_average": 398530
    }, 
    {
        "accumulated_operating_revenue_yoy": -53.95813263059092, 
        "accumulated_operating_revenue": 3479761, 
        "long_term_average": 343132, 
        "date": "2014-10-31", 
        "operating_revenue": 1198104, 
        "short_term_average": 735352
    }, 
    {
        "accumulated_operating_revenue_yoy": -46.395952121482345, 
        "accumulated_operating_revenue": 4195755, 
        "long_term_average": 380340, 
        "date": "2014-11-30", 
        "operating_revenue": 715994, 
        "short_term_average": 948907
    }, 
    {
        "accumulated_operating_revenue_yoy": -36.44316864460787, 
        "accumulated_operating_revenue": 5208891, 
        "long_term_average": 434074, 
        "date": "2014-12-31", 
        "operating_revenue": 1013136, 
        "short_term_average": 975744
    }, 
    {
        "accumulated_operating_revenue_yoy": 767.6627593418084, 
        "accumulated_operating_revenue": 157663, 
        "long_term_average": 445698, 
        "date": "2015-01-31", 
        "operating_revenue": 157663, 
        "short_term_average": 628931
    }, 
    {
        "accumulated_operating_revenue_yoy": 1176.5145883664748, 
        "accumulated_operating_revenue": 274757, 
        "long_term_average": 455177, 
        "date": "2015-02-28", 
        "operating_revenue": 117094, 
        "short_term_average": 429297
    }, 
    {
        "accumulated_operating_revenue_yoy": 546.4033200122964, 
        "accumulated_operating_revenue": 336440, 
        "long_term_average": 457773, 
        "date": "2015-03-31", 
        "operating_revenue": 61683, 
        "short_term_average": 112146
    }, 
    {
        "accumulated_operating_revenue_yoy": -42.057185130386536, 
        "accumulated_operating_revenue": 391621, 
        "long_term_average": 410386, 
        "date": "2015-04-30", 
        "operating_revenue": 55181, 
        "short_term_average": 77986
    }, 
    {
        "accumulated_operating_revenue_yoy": -38.178743227505194, 
        "accumulated_operating_revenue": 610454, 
        "long_term_average": 402657, 
        "date": "2015-05-31", 
        "operating_revenue": 218833, 
        "short_term_average": 111899
    }, 
    {
        "accumulated_operating_revenue_yoy": -25.007757348303556, 
        "accumulated_operating_revenue": 814466, 
        "long_term_average": 411440, 
        "date": "2015-06-30", 
        "operating_revenue": 204012, 
        "short_term_average": 159342
    }, 
    {
        "accumulated_operating_revenue_yoy": -18.738041756987304, 
        "accumulated_operating_revenue": 1035036, 
        "long_term_average": 414185, 
        "date": "2015-07-31", 
        "operating_revenue": 220570, 
        "short_term_average": 214471
    }, 
    {
        "accumulated_operating_revenue_yoy": 14.078761660212658, 
        "accumulated_operating_revenue": 1538959, 
        "long_term_average": 449901, 
        "date": "2015-08-31", 
        "operating_revenue": 503923, 
        "short_term_average": 309501
    }, 
    {
        "accumulated_operating_revenue_yoy": -20.088909069154568, 
        "accumulated_operating_revenue": 1823297, 
        "long_term_average": 395877, 
        "date": "2015-09-30", 
        "operating_revenue": 284338, 
        "short_term_average": 336277
    }
]