[
    {
        "date": "2012-01-31", 
        "operating_revenue": 540804, 
        "accumulated_operating_revenue": 540804, 
        "long_term_average": 540804, 
        "short_term_average": 540804
    }, 
    {
        "date": "2012-02-29", 
        "operating_revenue": 712617, 
        "accumulated_operating_revenue": 1253421, 
        "long_term_average": 626710, 
        "short_term_average": 626710
    }, 
    {
        "date": "2012-03-31", 
        "operating_revenue": 691542, 
        "accumulated_operating_revenue": 1944963, 
        "long_term_average": 648321, 
        "short_term_average": 648321
    }, 
    {
        "date": "2012-04-30", 
        "operating_revenue": 803329, 
        "accumulated_operating_revenue": 2748292, 
        "long_term_average": 687073, 
        "short_term_average": 735829
    }, 
    {
        "date": "2012-05-31", 
        "operating_revenue": 627664, 
        "accumulated_operating_revenue": 3375956, 
        "long_term_average": 675191, 
        "short_term_average": 707511
    }, 
    {
        "date": "2012-06-30", 
        "operating_revenue": 594739, 
        "accumulated_operating_revenue": 3970695, 
        "long_term_average": 661782, 
        "short_term_average": 675244
    }, 
    {
        "date": "2012-07-31", 
        "operating_revenue": 535977, 
        "accumulated_operating_revenue": 4506672, 
        "long_term_average": 643810, 
        "short_term_average": 586126
    }, 
    {
        "date": "2012-08-31", 
        "operating_revenue": 558863, 
        "accumulated_operating_revenue": 5065535, 
        "long_term_average": 633191, 
        "short_term_average": 563193
    }, 
    {
        "date": "2012-09-30", 
        "operating_revenue": 809640, 
        "accumulated_operating_revenue": 5875175, 
        "long_term_average": 652797, 
        "short_term_average": 634826
    }, 
    {
        "date": "2012-10-31", 
        "operating_revenue": 740988, 
        "accumulated_operating_revenue": 6616163, 
        "long_term_average": 661616, 
        "short_term_average": 703163
    }, 
    {
        "date": "2012-11-30", 
        "operating_revenue": 835445, 
        "accumulated_operating_revenue": 7451608, 
        "long_term_average": 677418, 
        "short_term_average": 795357
    }, 
    {
        "date": "2012-12-31", 
        "operating_revenue": 830785, 
        "accumulated_operating_revenue": 8282393, 
        "long_term_average": 690199, 
        "short_term_average": 802406
    }, 
    {
        "accumulated_operating_revenue_yoy": 55.09815016161122, 
        "accumulated_operating_revenue": 838777, 
        "long_term_average": 715030, 
        "date": "2013-01-31", 
        "operating_revenue": 838777, 
        "short_term_average": 835002
    }, 
    {
        "accumulated_operating_revenue_yoy": 19.110897296279543, 
        "accumulated_operating_revenue": 1492961, 
        "long_term_average": 710161, 
        "date": "2013-02-28", 
        "operating_revenue": 654184, 
        "short_term_average": 774582
    }, 
    {
        "accumulated_operating_revenue_yoy": 18.612641988562252, 
        "accumulated_operating_revenue": 2306972, 
        "long_term_average": 720366, 
        "date": "2013-03-31", 
        "operating_revenue": 814011, 
        "short_term_average": 768990
    }, 
    {
        "accumulated_operating_revenue_yoy": 15.285639226108433, 
        "accumulated_operating_revenue": 3168386, 
        "long_term_average": 725207, 
        "date": "2013-04-30", 
        "operating_revenue": 861414, 
        "short_term_average": 776536
    }, 
    {
        "accumulated_operating_revenue_yoy": 11.158350405040823, 
        "accumulated_operating_revenue": 3752657, 
        "long_term_average": 721591, 
        "date": "2013-05-31", 
        "operating_revenue": 584271, 
        "short_term_average": 753232
    }, 
    {
        "accumulated_operating_revenue_yoy": 15.326460481099657, 
        "accumulated_operating_revenue": 4579262, 
        "long_term_average": 740913, 
        "date": "2013-06-30", 
        "operating_revenue": 826605, 
        "short_term_average": 757430
    }, 
    {
        "accumulated_operating_revenue_yoy": 13.038423919024947, 
        "accumulated_operating_revenue": 5094271, 
        "long_term_average": 739166, 
        "date": "2013-07-31", 
        "operating_revenue": 515009, 
        "short_term_average": 641961
    }, 
    {
        "accumulated_operating_revenue_yoy": 12.544045199569245, 
        "accumulated_operating_revenue": 5700958, 
        "long_term_average": 743151, 
        "date": "2013-08-31", 
        "operating_revenue": 606687, 
        "short_term_average": 649433
    }, 
    {
        "accumulated_operating_revenue_yoy": 10.317837341015373, 
        "accumulated_operating_revenue": 6481366, 
        "long_term_average": 740715, 
        "date": "2013-09-30", 
        "operating_revenue": 780408, 
        "short_term_average": 634034
    }, 
    {
        "accumulated_operating_revenue_yoy": 8.266891247993739, 
        "accumulated_operating_revenue": 7163114, 
        "long_term_average": 735778, 
        "date": "2013-10-31", 
        "operating_revenue": 681748, 
        "short_term_average": 689614
    }, 
    {
        "accumulated_operating_revenue_yoy": 4.425635379638865, 
        "accumulated_operating_revenue": 7781389, 
        "long_term_average": 717681, 
        "date": "2013-11-30", 
        "operating_revenue": 618275, 
        "short_term_average": 693477
    }, 
    {
        "accumulated_operating_revenue_yoy": 4.511727468136322, 
        "accumulated_operating_revenue": 8656072, 
        "long_term_average": 721339, 
        "date": "2013-12-31", 
        "operating_revenue": 874683, 
        "short_term_average": 724902
    }, 
    {
        "accumulated_operating_revenue_yoy": -37.15361770768631, 
        "accumulated_operating_revenue": 527141, 
        "long_term_average": 695369, 
        "date": "2014-01-31", 
        "operating_revenue": 527141, 
        "short_term_average": 673366
    }, 
    {
        "accumulated_operating_revenue_yoy": -38.446751120759345, 
        "accumulated_operating_revenue": 918966, 
        "long_term_average": 673506, 
        "date": "2014-02-28", 
        "operating_revenue": 391825, 
        "short_term_average": 597883
    }, 
    {
        "accumulated_operating_revenue_yoy": -40.64561685187337, 
        "accumulated_operating_revenue": 1369289, 
        "long_term_average": 643199, 
        "date": "2014-03-31", 
        "operating_revenue": 450323, 
        "short_term_average": 456429
    }, 
    {
        "accumulated_operating_revenue_yoy": -38.25894319694633, 
        "accumulated_operating_revenue": 1956195, 
        "long_term_average": 620323, 
        "date": "2014-04-30", 
        "operating_revenue": 586906, 
        "short_term_average": 476351
    }, 
    {
        "accumulated_operating_revenue_yoy": -31.14659826357698, 
        "accumulated_operating_revenue": 2583832, 
        "long_term_average": 623937, 
        "date": "2014-05-31", 
        "operating_revenue": 627637, 
        "short_term_average": 554955
    }, 
    {
        "accumulated_operating_revenue_yoy": -23.29065251125618, 
        "accumulated_operating_revenue": 3512722, 
        "long_term_average": 632461, 
        "date": "2014-06-30", 
        "operating_revenue": 928890, 
        "short_term_average": 714477
    }, 
    {
        "accumulated_operating_revenue_yoy": -16.918966423262525, 
        "accumulated_operating_revenue": 4232373, 
        "long_term_average": 649514, 
        "date": "2014-07-31", 
        "operating_revenue": 719651, 
        "short_term_average": 758726
    }, 
    {
        "accumulated_operating_revenue_yoy": -14.74383779006967, 
        "accumulated_operating_revenue": 4860418, 
        "long_term_average": 651294, 
        "date": "2014-08-31", 
        "operating_revenue": 628045, 
        "short_term_average": 758862
    }, 
    {
        "accumulated_operating_revenue_yoy": -15.785746399755855, 
        "accumulated_operating_revenue": 5458234, 
        "long_term_average": 636078, 
        "date": "2014-09-30", 
        "operating_revenue": 597816, 
        "short_term_average": 648504
    }, 
    {
        "accumulated_operating_revenue_yoy": -14.14151722281678, 
        "accumulated_operating_revenue": 6150141, 
        "long_term_average": 636924, 
        "date": "2014-10-31", 
        "operating_revenue": 691907, 
        "short_term_average": 639256
    }, 
    {
        "accumulated_operating_revenue_yoy": -11.242555795629803, 
        "accumulated_operating_revenue": 6906562, 
        "long_term_average": 648437, 
        "date": "2014-11-30", 
        "operating_revenue": 756421, 
        "short_term_average": 682048
    }, 
    {
        "accumulated_operating_revenue_yoy": -12.413494250047828, 
        "accumulated_operating_revenue": 7581551, 
        "long_term_average": 631795, 
        "date": "2014-12-31", 
        "operating_revenue": 674989, 
        "short_term_average": 707772
    }, 
    {
        "accumulated_operating_revenue_yoy": -13.350697441481502, 
        "accumulated_operating_revenue": 456764, 
        "long_term_average": 625931, 
        "date": "2015-01-31", 
        "operating_revenue": 456764, 
        "short_term_average": 629391
    }, 
    {
        "accumulated_operating_revenue_yoy": -13.74338114794236, 
        "accumulated_operating_revenue": 792669, 
        "long_term_average": 621271, 
        "date": "2015-02-28", 
        "operating_revenue": 335905, 
        "short_term_average": 489219
    }, 
    {
        "accumulated_operating_revenue_yoy": -1.0958972138095027, 
        "accumulated_operating_revenue": 1354283, 
        "long_term_average": 630545, 
        "date": "2015-03-31", 
        "operating_revenue": 561614, 
        "short_term_average": 451427
    }, 
    {
        "accumulated_operating_revenue_yoy": 1.5730026914494721, 
        "accumulated_operating_revenue": 1986966, 
        "long_term_average": 634360, 
        "date": "2015-04-30", 
        "operating_revenue": 632683, 
        "short_term_average": 510067
    }, 
    {
        "accumulated_operating_revenue_yoy": -0.33895392579703326, 
        "accumulated_operating_revenue": 2575074, 
        "long_term_average": 631066, 
        "date": "2015-05-31", 
        "operating_revenue": 588108, 
        "short_term_average": 594135
    }, 
    {
        "accumulated_operating_revenue_yoy": -0.8067817493100793, 
        "accumulated_operating_revenue": 3484382, 
        "long_term_average": 629434, 
        "date": "2015-06-30", 
        "operating_revenue": 909308, 
        "short_term_average": 710033
    }, 
    {
        "accumulated_operating_revenue_yoy": -2.462566508197647, 
        "accumulated_operating_revenue": 4128148, 
        "long_term_average": 623110, 
        "date": "2015-07-31", 
        "operating_revenue": 643766, 
        "short_term_average": 713727
    }, 
    {
        "accumulated_operating_revenue_yoy": 2.0543706323201008, 
        "accumulated_operating_revenue": 4960269, 
        "long_term_average": 640116, 
        "date": "2015-08-31", 
        "operating_revenue": 832121, 
        "short_term_average": 795065
    }
]