[
    {
        "date": "2012-11-30", 
        "operating_revenue": 490003, 
        "accumulated_operating_revenue": 490003, 
        "long_term_average": 490003, 
        "short_term_average": 490003
    }, 
    {
        "date": "2012-12-31", 
        "operating_revenue": 466726, 
        "accumulated_operating_revenue": 956729, 
        "long_term_average": 478364, 
        "short_term_average": 478364
    }, 
    {
        "date": "2013-01-31", 
        "operating_revenue": 505589, 
        "accumulated_operating_revenue": 505589, 
        "long_term_average": 487439, 
        "short_term_average": 487439
    }, 
    {
        "date": "2013-02-28", 
        "operating_revenue": 301604, 
        "accumulated_operating_revenue": 807193, 
        "long_term_average": 440980, 
        "short_term_average": 424639
    }, 
    {
        "date": "2013-03-31", 
        "operating_revenue": 568349, 
        "accumulated_operating_revenue": 1375542, 
        "long_term_average": 466454, 
        "short_term_average": 458514
    }, 
    {
        "date": "2013-04-30", 
        "operating_revenue": 554805, 
        "accumulated_operating_revenue": 1930347, 
        "long_term_average": 481179, 
        "short_term_average": 474919
    }, 
    {
        "date": "2013-05-31", 
        "operating_revenue": 568237, 
        "accumulated_operating_revenue": 2498584, 
        "long_term_average": 493616, 
        "short_term_average": 563797
    }, 
    {
        "date": "2013-06-30", 
        "operating_revenue": 522736, 
        "accumulated_operating_revenue": 3021320, 
        "long_term_average": 497256, 
        "short_term_average": 548592
    }, 
    {
        "date": "2013-07-31", 
        "operating_revenue": 569033, 
        "accumulated_operating_revenue": 3590353, 
        "long_term_average": 505231, 
        "short_term_average": 553335
    }, 
    {
        "date": "2013-08-31", 
        "operating_revenue": 518986, 
        "accumulated_operating_revenue": 4109339, 
        "long_term_average": 506606, 
        "short_term_average": 536918
    }, 
    {
        "date": "2013-09-30", 
        "operating_revenue": 560219, 
        "accumulated_operating_revenue": 4669558, 
        "long_term_average": 511480, 
        "short_term_average": 549412
    }, 
    {
        "date": "2013-10-31", 
        "operating_revenue": 537668, 
        "accumulated_operating_revenue": 5207226, 
        "long_term_average": 513662, 
        "short_term_average": 538957
    }, 
    {
        "accumulated_operating_revenue_yoy": 1066.4026546776245, 
        "accumulated_operating_revenue": 5715408, 
        "long_term_average": 515177, 
        "date": "2013-11-30", 
        "operating_revenue": 508182, 
        "short_term_average": 535356
    }, 
    {
        "accumulated_operating_revenue_yoy": 550.5427346719918, 
        "accumulated_operating_revenue": 6223931, 
        "long_term_average": 518660, 
        "date": "2013-12-31", 
        "operating_revenue": 508523, 
        "short_term_average": 518124
    }, 
    {
        "accumulated_operating_revenue_yoy": -7.524293447840044, 
        "accumulated_operating_revenue": 467547, 
        "long_term_average": 515490, 
        "date": "2014-01-31", 
        "operating_revenue": 467547, 
        "short_term_average": 494750
    }, 
    {
        "accumulated_operating_revenue_yoy": 6.642401507446174, 
        "accumulated_operating_revenue": 860810, 
        "long_term_average": 523129, 
        "date": "2014-02-28", 
        "operating_revenue": 393263, 
        "short_term_average": 456444
    }, 
    {
        "accumulated_operating_revenue_yoy": 1.591590805660605, 
        "accumulated_operating_revenue": 1397435, 
        "long_term_average": 520485, 
        "date": "2014-03-31", 
        "operating_revenue": 536625, 
        "short_term_average": 465811
    }, 
    {
        "accumulated_operating_revenue_yoy": 0.6464640813283828, 
        "accumulated_operating_revenue": 1942826, 
        "long_term_average": 519700, 
        "date": "2014-04-30", 
        "operating_revenue": 545391, 
        "short_term_average": 491759
    }, 
    {
        "accumulated_operating_revenue_yoy": 1.0788510612410869, 
        "accumulated_operating_revenue": 2525540, 
        "long_term_average": 520907, 
        "date": "2014-05-31", 
        "operating_revenue": 582714, 
        "short_term_average": 554910
    }, 
    {
        "accumulated_operating_revenue_yoy": 0.16088994214449312, 
        "accumulated_operating_revenue": 3026181, 
        "long_term_average": 519066, 
        "date": "2014-06-30", 
        "operating_revenue": 500641, 
        "short_term_average": 542915
    }, 
    {
        "accumulated_operating_revenue_yoy": 2.0582655800139986, 
        "accumulated_operating_revenue": 3664252, 
        "long_term_average": 524819, 
        "date": "2014-07-31", 
        "operating_revenue": 638071, 
        "short_term_average": 573808
    }, 
    {
        "accumulated_operating_revenue_yoy": 2.557029244849354, 
        "accumulated_operating_revenue": 4214416, 
        "long_term_average": 527417, 
        "date": "2014-08-31", 
        "operating_revenue": 550164, 
        "short_term_average": 562958
    }, 
    {
        "accumulated_operating_revenue_yoy": 2.909568742908858, 
        "accumulated_operating_revenue": 4805422, 
        "long_term_average": 529982, 
        "date": "2014-09-30", 
        "operating_revenue": 591006, 
        "short_term_average": 593080
    }, 
    {
        "accumulated_operating_revenue_yoy": 2.4010864901965077, 
        "accumulated_operating_revenue": 5332256, 
        "long_term_average": 529080, 
        "date": "2014-10-31", 
        "operating_revenue": 526834, 
        "short_term_average": 556001
    }, 
    {
        "accumulated_operating_revenue_yoy": 2.25845643915535, 
        "accumulated_operating_revenue": 5844488, 
        "long_term_average": 529417, 
        "date": "2014-11-30", 
        "operating_revenue": 512232, 
        "short_term_average": 543357
    }, 
    {
        "accumulated_operating_revenue_yoy": 3.3765316485674406, 
        "accumulated_operating_revenue": 6434084, 
        "long_term_average": 536173, 
        "date": "2014-12-31", 
        "operating_revenue": 589596, 
        "short_term_average": 542887
    }, 
    {
        "accumulated_operating_revenue_yoy": 27.189993733250343, 
        "accumulated_operating_revenue": 594673, 
        "long_term_average": 546767, 
        "date": "2015-01-31", 
        "operating_revenue": 594673, 
        "short_term_average": 565500
    }, 
    {
        "accumulated_operating_revenue_yoy": 6.954380176810214, 
        "accumulated_operating_revenue": 920674, 
        "long_term_average": 541162, 
        "date": "2015-02-28", 
        "operating_revenue": 326001, 
        "short_term_average": 503423
    }, 
    {
        "accumulated_operating_revenue_yoy": 5.7787303166158, 
        "accumulated_operating_revenue": 1478189, 
        "long_term_average": 542903, 
        "date": "2015-03-31", 
        "operating_revenue": 557515, 
        "short_term_average": 492729
    }, 
    {
        "accumulated_operating_revenue_yoy": 4.126926446320978, 
        "accumulated_operating_revenue": 2023005, 
        "long_term_average": 542855, 
        "date": "2015-04-30", 
        "operating_revenue": 544816, 
        "short_term_average": 476110
    }, 
    {
        "accumulated_operating_revenue_yoy": 1.6061515557068984, 
        "accumulated_operating_revenue": 2566104, 
        "long_term_average": 539554, 
        "date": "2015-05-31", 
        "operating_revenue": 543099, 
        "short_term_average": 548476
    }, 
    {
        "accumulated_operating_revenue_yoy": 1.601622639227462, 
        "accumulated_operating_revenue": 3074649, 
        "long_term_average": 540212, 
        "date": "2015-06-30", 
        "operating_revenue": 508545, 
        "short_term_average": 532153
    }, 
    {
        "accumulated_operating_revenue_yoy": -1.8686760626725454, 
        "accumulated_operating_revenue": 3595779, 
        "long_term_average": 530467, 
        "date": "2015-07-31", 
        "operating_revenue": 521130, 
        "short_term_average": 524258
    }, 
    {
        "accumulated_operating_revenue_yoy": -3.4213043989962078, 
        "accumulated_operating_revenue": 4070228, 
        "long_term_average": 524158, 
        "date": "2015-08-31", 
        "operating_revenue": 474449, 
        "short_term_average": 501374
    }, 
    {
        "accumulated_operating_revenue_yoy": -4.8713515691233775, 
        "accumulated_operating_revenue": 4571333, 
        "long_term_average": 516666, 
        "date": "2015-09-30", 
        "operating_revenue": 501105, 
        "short_term_average": 498894
    }
]