[
    {
        "date": "2012-01-31", 
        "operating_revenue": 5871, 
        "accumulated_operating_revenue": 5871, 
        "long_term_average": 5871, 
        "short_term_average": 5871
    }, 
    {
        "date": "2012-02-29", 
        "operating_revenue": 5613, 
        "accumulated_operating_revenue": 11484, 
        "long_term_average": 5742, 
        "short_term_average": 5742
    }, 
    {
        "date": "2012-03-31", 
        "operating_revenue": 6093, 
        "accumulated_operating_revenue": 17577, 
        "long_term_average": 5859, 
        "short_term_average": 5859
    }, 
    {
        "date": "2012-04-30", 
        "operating_revenue": 5906, 
        "accumulated_operating_revenue": 23483, 
        "long_term_average": 5870, 
        "short_term_average": 5870
    }, 
    {
        "date": "2012-05-31", 
        "operating_revenue": 6039, 
        "accumulated_operating_revenue": 29522, 
        "long_term_average": 5904, 
        "short_term_average": 6012
    }, 
    {
        "date": "2012-06-30", 
        "operating_revenue": 5929, 
        "accumulated_operating_revenue": 35451, 
        "long_term_average": 5908, 
        "short_term_average": 5958
    }, 
    {
        "date": "2012-07-31", 
        "operating_revenue": 5929, 
        "accumulated_operating_revenue": 41380, 
        "long_term_average": 5911, 
        "short_term_average": 5965
    }, 
    {
        "date": "2012-08-31", 
        "operating_revenue": 6115, 
        "accumulated_operating_revenue": 47495, 
        "long_term_average": 5936, 
        "short_term_average": 5991
    }, 
    {
        "date": "2012-09-30", 
        "operating_revenue": 6109, 
        "accumulated_operating_revenue": 53604, 
        "long_term_average": 5956, 
        "short_term_average": 6051
    }, 
    {
        "date": "2012-10-31", 
        "operating_revenue": 6207, 
        "accumulated_operating_revenue": 59811, 
        "long_term_average": 5981, 
        "short_term_average": 6143
    }, 
    {
        "date": "2012-11-30", 
        "operating_revenue": 6091, 
        "accumulated_operating_revenue": 65902, 
        "long_term_average": 5991, 
        "short_term_average": 6135
    }, 
    {
        "date": "2012-12-31", 
        "operating_revenue": 6013, 
        "accumulated_operating_revenue": 71915, 
        "long_term_average": 5992, 
        "short_term_average": 6103
    }, 
    {
        "accumulated_operating_revenue_yoy": 4.411514222449328, 
        "accumulated_operating_revenue": 6130, 
        "long_term_average": 6014, 
        "date": "2013-01-31", 
        "operating_revenue": 6130, 
        "short_term_average": 6078
    }, 
    {
        "accumulated_operating_revenue_yoy": 3.2305816788575408, 
        "accumulated_operating_revenue": 11855, 
        "long_term_average": 6023, 
        "date": "2013-02-28", 
        "operating_revenue": 5725, 
        "short_term_average": 5956
    }, 
    {
        "accumulated_operating_revenue_yoy": 0.7225351311372817, 
        "accumulated_operating_revenue": 17704, 
        "long_term_average": 6003, 
        "date": "2013-03-31", 
        "operating_revenue": 5849, 
        "short_term_average": 5901
    }, 
    {
        "accumulated_operating_revenue_yoy": 0.5195247625942171, 
        "accumulated_operating_revenue": 23605, 
        "long_term_average": 6003, 
        "date": "2013-04-30", 
        "operating_revenue": 5901, 
        "short_term_average": 5825
    }, 
    {
        "accumulated_operating_revenue_yoy": 0.6672989634848587, 
        "accumulated_operating_revenue": 29719, 
        "long_term_average": 6009, 
        "date": "2013-05-31", 
        "operating_revenue": 6114, 
        "short_term_average": 5954
    }, 
    {
        "accumulated_operating_revenue_yoy": 1.0606188824010607, 
        "accumulated_operating_revenue": 35827, 
        "long_term_average": 6024, 
        "date": "2013-06-30", 
        "operating_revenue": 6108, 
        "short_term_average": 6041
    }, 
    {
        "accumulated_operating_revenue_yoy": 1.8148864185596907, 
        "accumulated_operating_revenue": 42131, 
        "long_term_average": 6055, 
        "date": "2013-07-31", 
        "operating_revenue": 6304, 
        "short_term_average": 6175
    }, 
    {
        "accumulated_operating_revenue_yoy": 1.9433624592062322, 
        "accumulated_operating_revenue": 48418, 
        "long_term_average": 6069, 
        "date": "2013-08-31", 
        "operating_revenue": 6287, 
        "short_term_average": 6233
    }, 
    {
        "accumulated_operating_revenue_yoy": 1.3693007984478769, 
        "accumulated_operating_revenue": 54338, 
        "long_term_average": 6054, 
        "date": "2013-09-30", 
        "operating_revenue": 5920, 
        "short_term_average": 6170
    }, 
    {
        "accumulated_operating_revenue_yoy": 0.36280951664409555, 
        "accumulated_operating_revenue": 60028, 
        "long_term_average": 6011, 
        "date": "2013-10-31", 
        "operating_revenue": 5690, 
        "short_term_average": 5965
    }, 
    {
        "accumulated_operating_revenue_yoy": -0.07435282692482778, 
        "accumulated_operating_revenue": 65853, 
        "long_term_average": 5988, 
        "date": "2013-11-30", 
        "operating_revenue": 5825, 
        "short_term_average": 5811
    }, 
    {
        "accumulated_operating_revenue_yoy": -0.058402280469999304, 
        "accumulated_operating_revenue": 71873, 
        "long_term_average": 5989, 
        "date": "2013-12-31", 
        "operating_revenue": 6020, 
        "short_term_average": 5845
    }, 
    {
        "accumulated_operating_revenue_yoy": -10.522022838499185, 
        "accumulated_operating_revenue": 5485, 
        "long_term_average": 5935, 
        "date": "2014-01-31", 
        "operating_revenue": 5485, 
        "short_term_average": 5776
    }, 
    {
        "accumulated_operating_revenue_yoy": -9.894559257697175, 
        "accumulated_operating_revenue": 10682, 
        "long_term_average": 5891, 
        "date": "2014-02-28", 
        "operating_revenue": 5197, 
        "short_term_average": 5567
    }, 
    {
        "accumulated_operating_revenue_yoy": -7.659286037053774, 
        "accumulated_operating_revenue": 16348, 
        "long_term_average": 5876, 
        "date": "2014-03-31", 
        "operating_revenue": 5666, 
        "short_term_average": 5449
    }, 
    {
        "accumulated_operating_revenue_yoy": -5.7233636941325985, 
        "accumulated_operating_revenue": 22254, 
        "long_term_average": 5876, 
        "date": "2014-04-30", 
        "operating_revenue": 5906, 
        "short_term_average": 5589
    }, 
    {
        "accumulated_operating_revenue_yoy": -5.84811063629328, 
        "accumulated_operating_revenue": 27981, 
        "long_term_average": 5844, 
        "date": "2014-05-31", 
        "operating_revenue": 5727, 
        "short_term_average": 5766
    }, 
    {
        "accumulated_operating_revenue_yoy": -6.397409774750887, 
        "accumulated_operating_revenue": 33535, 
        "long_term_average": 5798, 
        "date": "2014-06-30", 
        "operating_revenue": 5554, 
        "short_term_average": 5729
    }, 
    {
        "accumulated_operating_revenue_yoy": -6.626949277254278, 
        "accumulated_operating_revenue": 39339, 
        "long_term_average": 5756, 
        "date": "2014-07-31", 
        "operating_revenue": 5804, 
        "short_term_average": 5695
    }, 
    {
        "accumulated_operating_revenue_yoy": -6.770209426246438, 
        "accumulated_operating_revenue": 45140, 
        "long_term_average": 5716, 
        "date": "2014-08-31", 
        "operating_revenue": 5801, 
        "short_term_average": 5719
    }, 
    {
        "accumulated_operating_revenue_yoy": -6.332584931355589, 
        "accumulated_operating_revenue": 50897, 
        "long_term_average": 5702, 
        "date": "2014-09-30", 
        "operating_revenue": 5757, 
        "short_term_average": 5787
    }, 
    {
        "accumulated_operating_revenue_yoy": -5.162590790964217, 
        "accumulated_operating_revenue": 56929, 
        "long_term_average": 5731, 
        "date": "2014-10-31", 
        "operating_revenue": 6032, 
        "short_term_average": 5863
    }, 
    {
        "accumulated_operating_revenue_yoy": -3.7659635855617815, 
        "accumulated_operating_revenue": 63373, 
        "long_term_average": 5782, 
        "date": "2014-11-30", 
        "operating_revenue": 6444, 
        "short_term_average": 6077
    }, 
    {
        "accumulated_operating_revenue_yoy": -2.9635607251680045, 
        "accumulated_operating_revenue": 69743, 
        "long_term_average": 5811, 
        "date": "2014-12-31", 
        "operating_revenue": 6370, 
        "short_term_average": 6282
    }, 
    {
        "accumulated_operating_revenue_yoy": 14.275296262534184, 
        "accumulated_operating_revenue": 6268, 
        "long_term_average": 5877, 
        "date": "2015-01-31", 
        "operating_revenue": 6268, 
        "short_term_average": 6360
    }, 
    {
        "accumulated_operating_revenue_yoy": 15.240591649503838, 
        "accumulated_operating_revenue": 12310, 
        "long_term_average": 5947, 
        "date": "2015-02-28", 
        "operating_revenue": 6042, 
        "short_term_average": 6226
    }, 
    {
        "accumulated_operating_revenue_yoy": 12.533643259114266, 
        "accumulated_operating_revenue": 18397, 
        "long_term_average": 5982, 
        "date": "2015-03-31", 
        "operating_revenue": 6087, 
        "short_term_average": 6132
    }, 
    {
        "accumulated_operating_revenue_yoy": 10.928372427428776, 
        "accumulated_operating_revenue": 24686, 
        "long_term_average": 6014, 
        "date": "2015-04-30", 
        "operating_revenue": 6289, 
        "short_term_average": 6139
    }, 
    {
        "accumulated_operating_revenue_yoy": 11.150423501661843, 
        "accumulated_operating_revenue": 31101, 
        "long_term_average": 6071, 
        "date": "2015-05-31", 
        "operating_revenue": 6415, 
        "short_term_average": 6263
    }, 
    {
        "accumulated_operating_revenue_yoy": 11.40599373788579, 
        "accumulated_operating_revenue": 37360, 
        "long_term_average": 6130, 
        "date": "2015-06-30", 
        "operating_revenue": 6259, 
        "short_term_average": 6321
    }, 
    {
        "accumulated_operating_revenue_yoy": 11.128905157731513, 
        "accumulated_operating_revenue": 43717, 
        "long_term_average": 6176, 
        "date": "2015-07-31", 
        "operating_revenue": 6357, 
        "short_term_average": 6343
    }, 
    {
        "accumulated_operating_revenue_yoy": 10.768719539211343, 
        "accumulated_operating_revenue": 50001, 
        "long_term_average": 6217, 
        "date": "2015-08-31", 
        "operating_revenue": 6284, 
        "short_term_average": 6300
    }, 
    {
        "accumulated_operating_revenue_yoy": 10.605733147336778, 
        "accumulated_operating_revenue": 56295, 
        "long_term_average": 6261, 
        "date": "2015-09-30", 
        "operating_revenue": 6294, 
        "short_term_average": 6311
    }, 
    {
        "accumulated_operating_revenue_yoy": 9.980853343638566, 
        "accumulated_operating_revenue": 62611, 
        "long_term_average": 6285, 
        "date": "2015-10-31", 
        "operating_revenue": 6316, 
        "short_term_average": 6298
    }
]