[
    {
        "date": "2012-01-31", 
        "operating_revenue": 168334, 
        "accumulated_operating_revenue": 168334, 
        "long_term_average": 168334, 
        "short_term_average": 168334
    }, 
    {
        "date": "2012-02-29", 
        "operating_revenue": 136119, 
        "accumulated_operating_revenue": 304453, 
        "long_term_average": 152226, 
        "short_term_average": 152226
    }, 
    {
        "date": "2012-03-31", 
        "operating_revenue": 182940, 
        "accumulated_operating_revenue": 487393, 
        "long_term_average": 162464, 
        "short_term_average": 162464
    }, 
    {
        "date": "2012-04-30", 
        "operating_revenue": 159217, 
        "accumulated_operating_revenue": 646610, 
        "long_term_average": 161652, 
        "short_term_average": 159425
    }, 
    {
        "date": "2012-05-31", 
        "operating_revenue": 161735, 
        "accumulated_operating_revenue": 808345, 
        "long_term_average": 161669, 
        "short_term_average": 167964
    }, 
    {
        "date": "2012-06-30", 
        "operating_revenue": 164399, 
        "accumulated_operating_revenue": 972744, 
        "long_term_average": 162124, 
        "short_term_average": 161783
    }, 
    {
        "date": "2012-07-31", 
        "operating_revenue": 165005, 
        "accumulated_operating_revenue": 1137749, 
        "long_term_average": 162535, 
        "short_term_average": 163713
    }, 
    {
        "date": "2012-08-31", 
        "operating_revenue": 156427, 
        "accumulated_operating_revenue": 1294176, 
        "long_term_average": 161772, 
        "short_term_average": 161943
    }, 
    {
        "date": "2012-09-30", 
        "operating_revenue": 187351, 
        "accumulated_operating_revenue": 1481527, 
        "long_term_average": 164614, 
        "short_term_average": 169594
    }, 
    {
        "date": "2012-10-31", 
        "operating_revenue": 185033, 
        "accumulated_operating_revenue": 1666560, 
        "long_term_average": 166656, 
        "short_term_average": 176270
    }, 
    {
        "date": "2012-11-30", 
        "operating_revenue": 179987, 
        "accumulated_operating_revenue": 1846547, 
        "long_term_average": 167867, 
        "short_term_average": 184123
    }, 
    {
        "date": "2012-12-31", 
        "operating_revenue": 154443, 
        "accumulated_operating_revenue": 2000990, 
        "long_term_average": 166749, 
        "short_term_average": 173154
    }, 
    {
        "accumulated_operating_revenue_yoy": 17.51220787244407, 
        "accumulated_operating_revenue": 197813, 
        "long_term_average": 169205, 
        "date": "2013-01-31", 
        "operating_revenue": 197813, 
        "short_term_average": 177414
    }, 
    {
        "accumulated_operating_revenue_yoy": 10.958998597484669, 
        "accumulated_operating_revenue": 337818, 
        "long_term_average": 169529, 
        "date": "2013-02-28", 
        "operating_revenue": 140005, 
        "short_term_average": 164087
    }, 
    {
        "accumulated_operating_revenue_yoy": 6.730297726885697, 
        "accumulated_operating_revenue": 520196, 
        "long_term_average": 169482, 
        "date": "2013-03-31", 
        "operating_revenue": 182378, 
        "short_term_average": 173398
    }, 
    {
        "accumulated_operating_revenue_yoy": 4.054066593464375, 
        "accumulated_operating_revenue": 672824, 
        "long_term_average": 168933, 
        "date": "2013-04-30", 
        "operating_revenue": 152628, 
        "short_term_average": 158337
    }, 
    {
        "accumulated_operating_revenue_yoy": 3.1318310869740027, 
        "accumulated_operating_revenue": 833661, 
        "long_term_average": 168858, 
        "date": "2013-05-31", 
        "operating_revenue": 160837, 
        "short_term_average": 165281
    }, 
    {
        "accumulated_operating_revenue_yoy": 1.4010880560558585, 
        "accumulated_operating_revenue": 986373, 
        "long_term_average": 167884, 
        "date": "2013-06-30", 
        "operating_revenue": 152712, 
        "short_term_average": 155392
    }, 
    {
        "accumulated_operating_revenue_yoy": 1.797408743053169, 
        "accumulated_operating_revenue": 1158199, 
        "long_term_average": 168453, 
        "date": "2013-07-31", 
        "operating_revenue": 171826, 
        "short_term_average": 161791
    }, 
    {
        "accumulated_operating_revenue_yoy": 4.288829340058848, 
        "accumulated_operating_revenue": 1349681, 
        "long_term_average": 171374, 
        "date": "2013-08-31", 
        "operating_revenue": 191482, 
        "short_term_average": 172006
    }, 
    {
        "accumulated_operating_revenue_yoy": 4.963594993543823, 
        "accumulated_operating_revenue": 1555064, 
        "long_term_average": 172877, 
        "date": "2013-09-30", 
        "operating_revenue": 205383, 
        "short_term_average": 189563
    }, 
    {
        "accumulated_operating_revenue_yoy": 4.726202476958526, 
        "accumulated_operating_revenue": 1745325, 
        "long_term_average": 173312, 
        "date": "2013-10-31", 
        "operating_revenue": 190261, 
        "short_term_average": 195708
    }, 
    {
        "accumulated_operating_revenue_yoy": 5.1394305154431486, 
        "accumulated_operating_revenue": 1941449, 
        "long_term_average": 174657, 
        "date": "2013-11-30", 
        "operating_revenue": 196124, 
        "short_term_average": 197256
    }, 
    {
        "accumulated_operating_revenue_yoy": 8.477553610962573, 
        "accumulated_operating_revenue": 2170625, 
        "long_term_average": 180885, 
        "date": "2013-12-31", 
        "operating_revenue": 229176, 
        "short_term_average": 205187
    }, 
    {
        "accumulated_operating_revenue_yoy": 15.58340452851936, 
        "accumulated_operating_revenue": 228639, 
        "long_term_average": 183454, 
        "date": "2014-01-31", 
        "operating_revenue": 228639, 
        "short_term_average": 217979
    }, 
    {
        "accumulated_operating_revenue_yoy": 22.02665340508795, 
        "accumulated_operating_revenue": 412228, 
        "long_term_average": 187086, 
        "date": "2014-02-28", 
        "operating_revenue": 183589, 
        "short_term_average": 213801
    }, 
    {
        "accumulated_operating_revenue_yoy": 18.040507808595223, 
        "accumulated_operating_revenue": 614042, 
        "long_term_average": 188705, 
        "date": "2014-03-31", 
        "operating_revenue": 201814, 
        "short_term_average": 204680
    }, 
    {
        "accumulated_operating_revenue_yoy": 19.023994387833966, 
        "accumulated_operating_revenue": 800822, 
        "long_term_average": 191551, 
        "date": "2014-04-30", 
        "operating_revenue": 186780, 
        "short_term_average": 190727
    }, 
    {
        "accumulated_operating_revenue_yoy": 20.85703901226038, 
        "accumulated_operating_revenue": 1007538, 
        "long_term_average": 195375, 
        "date": "2014-05-31", 
        "operating_revenue": 206716, 
        "short_term_average": 198436
    }, 
    {
        "accumulated_operating_revenue_yoy": 23.811681787721277, 
        "accumulated_operating_revenue": 1221245, 
        "long_term_average": 200458, 
        "date": "2014-06-30", 
        "operating_revenue": 213707, 
        "short_term_average": 202401
    }, 
    {
        "accumulated_operating_revenue_yoy": 25.076087960704506, 
        "accumulated_operating_revenue": 1448630, 
        "long_term_average": 205088, 
        "date": "2014-07-31", 
        "operating_revenue": 227385, 
        "short_term_average": 215936
    }, 
    {
        "accumulated_operating_revenue_yoy": 23.155027002676928, 
        "accumulated_operating_revenue": 1662200, 
        "long_term_average": 206928, 
        "date": "2014-08-31", 
        "operating_revenue": 213570, 
        "short_term_average": 218220
    }, 
    {
        "accumulated_operating_revenue_yoy": 20.41343636017553, 
        "accumulated_operating_revenue": 1872506, 
        "long_term_average": 207338, 
        "date": "2014-09-30", 
        "operating_revenue": 210306, 
        "short_term_average": 217087
    }, 
    {
        "accumulated_operating_revenue_yoy": 19.29417157262974, 
        "accumulated_operating_revenue": 2082071, 
        "long_term_average": 208947, 
        "date": "2014-10-31", 
        "operating_revenue": 209565, 
        "short_term_average": 211147
    }, 
    {
        "accumulated_operating_revenue_yoy": 17.700027144673903, 
        "accumulated_operating_revenue": 2285086, 
        "long_term_average": 209521, 
        "date": "2014-11-30", 
        "operating_revenue": 203015, 
        "short_term_average": 207628
    }, 
    {
        "accumulated_operating_revenue_yoy": 15.369997120644976, 
        "accumulated_operating_revenue": 2504250, 
        "long_term_average": 208687, 
        "date": "2014-12-31", 
        "operating_revenue": 219164, 
        "short_term_average": 210581
    }, 
    {
        "accumulated_operating_revenue_yoy": -8.681371069677526, 
        "accumulated_operating_revenue": 208790, 
        "long_term_average": 207033, 
        "date": "2015-01-31", 
        "operating_revenue": 208790, 
        "short_term_average": 210323
    }, 
    {
        "accumulated_operating_revenue_yoy": -9.745335105815228, 
        "accumulated_operating_revenue": 372055, 
        "long_term_average": 205339, 
        "date": "2015-02-28", 
        "operating_revenue": 163265, 
        "short_term_average": 197073
    }, 
    {
        "accumulated_operating_revenue_yoy": -12.647994762573244, 
        "accumulated_operating_revenue": 536378, 
        "long_term_average": 202215, 
        "date": "2015-03-31", 
        "operating_revenue": 164323, 
        "short_term_average": 178792
    }, 
    {
        "accumulated_operating_revenue_yoy": -13.110903546605861, 
        "accumulated_operating_revenue": 695827, 
        "long_term_average": 199937, 
        "date": "2015-04-30", 
        "operating_revenue": 159449, 
        "short_term_average": 162345
    }, 
    {
        "accumulated_operating_revenue_yoy": -16.46071909942851, 
        "accumulated_operating_revenue": 841690, 
        "long_term_average": 194866, 
        "date": "2015-05-31", 
        "operating_revenue": 145863, 
        "short_term_average": 156545
    }, 
    {
        "accumulated_operating_revenue_yoy": -14.658565644076333, 
        "accumulated_operating_revenue": 1042228, 
        "long_term_average": 193769, 
        "date": "2015-06-30", 
        "operating_revenue": 200538, 
        "short_term_average": 168616
    }, 
    {
        "accumulated_operating_revenue_yoy": -17.102365683438837, 
        "accumulated_operating_revenue": 1200880, 
        "long_term_average": 188041, 
        "date": "2015-07-31", 
        "operating_revenue": 158652, 
        "short_term_average": 168351
    }, 
    {
        "accumulated_operating_revenue_yoy": -18.217302370352545, 
        "accumulated_operating_revenue": 1359392, 
        "long_term_average": 183453, 
        "date": "2015-08-31", 
        "operating_revenue": 158512, 
        "short_term_average": 172567
    }
]