[
    {
        "date": "2012-01-31", 
        "operating_revenue": 121433, 
        "accumulated_operating_revenue": 121433, 
        "long_term_average": 121433, 
        "short_term_average": 121433
    }, 
    {
        "date": "2012-02-29", 
        "operating_revenue": 122824, 
        "accumulated_operating_revenue": 244257, 
        "long_term_average": 122128, 
        "short_term_average": 122128
    }, 
    {
        "date": "2012-03-31", 
        "operating_revenue": 140099, 
        "accumulated_operating_revenue": 384356, 
        "long_term_average": 128118, 
        "short_term_average": 128118
    }, 
    {
        "date": "2012-04-30", 
        "operating_revenue": 127951, 
        "accumulated_operating_revenue": 512307, 
        "long_term_average": 128076, 
        "short_term_average": 130291
    }, 
    {
        "date": "2012-05-31", 
        "operating_revenue": 135779, 
        "accumulated_operating_revenue": 648086, 
        "long_term_average": 129617, 
        "short_term_average": 134609
    }, 
    {
        "date": "2012-06-30", 
        "operating_revenue": 121612, 
        "accumulated_operating_revenue": 769698, 
        "long_term_average": 128283, 
        "short_term_average": 128447
    }, 
    {
        "date": "2012-07-31", 
        "operating_revenue": 129016, 
        "accumulated_operating_revenue": 898714, 
        "long_term_average": 128387, 
        "short_term_average": 128802
    }, 
    {
        "date": "2012-08-31", 
        "operating_revenue": 132452, 
        "accumulated_operating_revenue": 1031166, 
        "long_term_average": 128895, 
        "short_term_average": 127693
    }, 
    {
        "date": "2012-09-30", 
        "operating_revenue": 125974, 
        "accumulated_operating_revenue": 1157140, 
        "long_term_average": 128571, 
        "short_term_average": 129147
    }, 
    {
        "date": "2012-10-31", 
        "operating_revenue": 137537, 
        "accumulated_operating_revenue": 1294677, 
        "long_term_average": 129467, 
        "short_term_average": 131987
    }, 
    {
        "date": "2012-11-30", 
        "operating_revenue": 135456, 
        "accumulated_operating_revenue": 1430133, 
        "long_term_average": 130012, 
        "short_term_average": 132989
    }, 
    {
        "date": "2012-12-31", 
        "operating_revenue": 131293, 
        "accumulated_operating_revenue": 1561426, 
        "long_term_average": 130118, 
        "short_term_average": 134762
    }, 
    {
        "accumulated_operating_revenue_yoy": 30.098902275328783, 
        "accumulated_operating_revenue": 157983, 
        "long_term_average": 133164, 
        "date": "2013-01-31", 
        "operating_revenue": 157983, 
        "short_term_average": 141577
    }, 
    {
        "accumulated_operating_revenue_yoy": 2.3065869146022426, 
        "accumulated_operating_revenue": 249891, 
        "long_term_average": 130588, 
        "date": "2013-02-28", 
        "operating_revenue": 91908, 
        "short_term_average": 127061
    }, 
    {
        "accumulated_operating_revenue_yoy": -0.4878289918721186, 
        "accumulated_operating_revenue": 382481, 
        "long_term_average": 129962, 
        "date": "2013-03-31", 
        "operating_revenue": 132590, 
        "short_term_average": 127493
    }, 
    {
        "accumulated_operating_revenue_yoy": 0.1723575902730199, 
        "accumulated_operating_revenue": 513190, 
        "long_term_average": 130192, 
        "date": "2013-04-30", 
        "operating_revenue": 130709, 
        "short_term_average": 118402
    }, 
    {
        "accumulated_operating_revenue_yoy": 0.22049542807590353, 
        "accumulated_operating_revenue": 649515, 
        "long_term_average": 130237, 
        "date": "2013-05-31", 
        "operating_revenue": 136325, 
        "short_term_average": 133208
    }, 
    {
        "accumulated_operating_revenue_yoy": 0.3463696150957908, 
        "accumulated_operating_revenue": 772364, 
        "long_term_average": 130341, 
        "date": "2013-06-30", 
        "operating_revenue": 122849, 
        "short_term_average": 129961
    }, 
    {
        "accumulated_operating_revenue_yoy": 1.6910830364276066, 
        "accumulated_operating_revenue": 913912, 
        "long_term_average": 131385, 
        "date": "2013-07-31", 
        "operating_revenue": 141548, 
        "short_term_average": 133574
    }, 
    {
        "accumulated_operating_revenue_yoy": 1.970972665894725, 
        "accumulated_operating_revenue": 1051490, 
        "long_term_average": 131812, 
        "date": "2013-08-31", 
        "operating_revenue": 137578, 
        "short_term_average": 133991
    }, 
    {
        "accumulated_operating_revenue_yoy": 2.0402025684014036, 
        "accumulated_operating_revenue": 1180748, 
        "long_term_average": 132086, 
        "date": "2013-09-30", 
        "operating_revenue": 129258, 
        "short_term_average": 136128
    }, 
    {
        "accumulated_operating_revenue_yoy": 2.2493641271143305, 
        "accumulated_operating_revenue": 1323799, 
        "long_term_average": 132545, 
        "date": "2013-10-31", 
        "operating_revenue": 143051, 
        "short_term_average": 136629
    }, 
    {
        "accumulated_operating_revenue_yoy": 2.1935722062213796, 
        "accumulated_operating_revenue": 1461504, 
        "long_term_average": 132733, 
        "date": "2013-11-30", 
        "operating_revenue": 137705, 
        "short_term_average": 136671
    }, 
    {
        "accumulated_operating_revenue_yoy": 2.9581292997554796, 
        "accumulated_operating_revenue": 1607615, 
        "long_term_average": 133967, 
        "date": "2013-12-31", 
        "operating_revenue": 146111, 
        "short_term_average": 142289
    }, 
    {
        "accumulated_operating_revenue_yoy": -10.822050473785154, 
        "accumulated_operating_revenue": 140886, 
        "long_term_average": 132543, 
        "date": "2014-01-31", 
        "operating_revenue": 140886, 
        "short_term_average": 141567
    }, 
    {
        "accumulated_operating_revenue_yoy": -2.483482798500146, 
        "accumulated_operating_revenue": 243685, 
        "long_term_average": 133450, 
        "date": "2014-02-28", 
        "operating_revenue": 102799, 
        "short_term_average": 129932
    }, 
    {
        "accumulated_operating_revenue_yoy": -2.3093957608351787, 
        "accumulated_operating_revenue": 373648, 
        "long_term_average": 133231, 
        "date": "2014-03-31", 
        "operating_revenue": 129963, 
        "short_term_average": 124549
    }, 
    {
        "accumulated_operating_revenue_yoy": -1.8486330598803562, 
        "accumulated_operating_revenue": 503703, 
        "long_term_average": 133177, 
        "date": "2014-04-30", 
        "operating_revenue": 130055, 
        "short_term_average": 120939
    }, 
    {
        "accumulated_operating_revenue_yoy": -2.906168448765617, 
        "accumulated_operating_revenue": 630639, 
        "long_term_average": 132394, 
        "date": "2014-05-31", 
        "operating_revenue": 126936, 
        "short_term_average": 128984
    }, 
    {
        "accumulated_operating_revenue_yoy": -2.4440548756803784, 
        "accumulated_operating_revenue": 753487, 
        "long_term_average": 132394, 
        "date": "2014-06-30", 
        "operating_revenue": 122848, 
        "short_term_average": 126613
    }, 
    {
        "accumulated_operating_revenue_yoy": -2.6200553226131182, 
        "accumulated_operating_revenue": 889967, 
        "long_term_average": 131972, 
        "date": "2014-07-31", 
        "operating_revenue": 136480, 
        "short_term_average": 128754
    }, 
    {
        "accumulated_operating_revenue_yoy": -3.1438244776460076, 
        "accumulated_operating_revenue": 1018433, 
        "long_term_average": 131213, 
        "date": "2014-08-31", 
        "operating_revenue": 128466, 
        "short_term_average": 129264
    }, 
    {
        "accumulated_operating_revenue_yoy": -3.028334581129928, 
        "accumulated_operating_revenue": 1144991, 
        "long_term_average": 130988, 
        "date": "2014-09-30", 
        "operating_revenue": 126558, 
        "short_term_average": 130501
    }, 
    {
        "accumulated_operating_revenue_yoy": -3.2022232982499608, 
        "accumulated_operating_revenue": 1281408, 
        "long_term_average": 130435, 
        "date": "2014-10-31", 
        "operating_revenue": 136417, 
        "short_term_average": 130480
    }, 
    {
        "accumulated_operating_revenue_yoy": -3.9676935540374845, 
        "accumulated_operating_revenue": 1403516, 
        "long_term_average": 129135, 
        "date": "2014-11-30", 
        "operating_revenue": 122108, 
        "short_term_average": 128361
    }, 
    {
        "accumulated_operating_revenue_yoy": -3.877483103852602, 
        "accumulated_operating_revenue": 1545280, 
        "long_term_average": 128773, 
        "date": "2014-12-31", 
        "operating_revenue": 141764, 
        "short_term_average": 133429
    }, 
    {
        "accumulated_operating_revenue_yoy": -6.200758059707849, 
        "accumulated_operating_revenue": 132150, 
        "long_term_average": 128045, 
        "date": "2015-01-31", 
        "operating_revenue": 132150, 
        "short_term_average": 132007
    }, 
    {
        "accumulated_operating_revenue_yoy": -7.400127213410755, 
        "accumulated_operating_revenue": 225652, 
        "long_term_average": 127270, 
        "date": "2015-02-28", 
        "operating_revenue": 93502, 
        "short_term_average": 122472
    }, 
    {
        "accumulated_operating_revenue_yoy": -5.282511882841605, 
        "accumulated_operating_revenue": 353910, 
        "long_term_average": 127128, 
        "date": "2015-03-31", 
        "operating_revenue": 128258, 
        "short_term_average": 117970
    }, 
    {
        "accumulated_operating_revenue_yoy": -5.250713217908172, 
        "accumulated_operating_revenue": 477255, 
        "long_term_average": 126569, 
        "date": "2015-04-30", 
        "operating_revenue": 123345, 
        "short_term_average": 115035
    }, 
    {
        "accumulated_operating_revenue_yoy": -5.688833072486795, 
        "accumulated_operating_revenue": 594763, 
        "long_term_average": 125783, 
        "date": "2015-05-31", 
        "operating_revenue": 117508, 
        "short_term_average": 123037
    }, 
    {
        "accumulated_operating_revenue_yoy": -4.943947274471889, 
        "accumulated_operating_revenue": 716235, 
        "long_term_average": 125669, 
        "date": "2015-06-30", 
        "operating_revenue": 121472, 
        "short_term_average": 120775
    }, 
    {
        "accumulated_operating_revenue_yoy": -5.448853721542484, 
        "accumulated_operating_revenue": 841474, 
        "long_term_average": 124732, 
        "date": "2015-07-31", 
        "operating_revenue": 125239, 
        "short_term_average": 121406
    }, 
    {
        "accumulated_operating_revenue_yoy": -5.914576609359673, 
        "accumulated_operating_revenue": 958197, 
        "long_term_average": 123753, 
        "date": "2015-08-31", 
        "operating_revenue": 116723, 
        "short_term_average": 121144
    }, 
    {
        "accumulated_operating_revenue_yoy": -6.237079592765358, 
        "accumulated_operating_revenue": 1073577, 
        "long_term_average": 122822, 
        "date": "2015-09-30", 
        "operating_revenue": 115380, 
        "short_term_average": 119114
    }
]