[
    {
        "date": "2012-01-31", 
        "operating_revenue": 72753, 
        "accumulated_operating_revenue": 72753, 
        "long_term_average": 72753, 
        "short_term_average": 72753
    }, 
    {
        "date": "2012-02-29", 
        "operating_revenue": 79840, 
        "accumulated_operating_revenue": 152593, 
        "long_term_average": 76296, 
        "short_term_average": 76296
    }, 
    {
        "date": "2012-03-31", 
        "operating_revenue": 100891, 
        "accumulated_operating_revenue": 253484, 
        "long_term_average": 84494, 
        "short_term_average": 84494
    }, 
    {
        "date": "2012-04-30", 
        "operating_revenue": 104069, 
        "accumulated_operating_revenue": 357553, 
        "long_term_average": 89388, 
        "short_term_average": 94933
    }, 
    {
        "date": "2012-05-31", 
        "operating_revenue": 107066, 
        "accumulated_operating_revenue": 464619, 
        "long_term_average": 92923, 
        "short_term_average": 104008
    }, 
    {
        "date": "2012-06-30", 
        "operating_revenue": 101257, 
        "accumulated_operating_revenue": 565876, 
        "long_term_average": 94312, 
        "short_term_average": 104130
    }, 
    {
        "date": "2012-07-31", 
        "operating_revenue": 111095, 
        "accumulated_operating_revenue": 676971, 
        "long_term_average": 96710, 
        "short_term_average": 106472
    }, 
    {
        "date": "2012-08-31", 
        "operating_revenue": 103640, 
        "accumulated_operating_revenue": 780611, 
        "long_term_average": 97576, 
        "short_term_average": 105330
    }, 
    {
        "date": "2012-09-30", 
        "operating_revenue": 109501, 
        "accumulated_operating_revenue": 890112, 
        "long_term_average": 98901, 
        "short_term_average": 108078
    }, 
    {
        "date": "2012-10-31", 
        "operating_revenue": 106806, 
        "accumulated_operating_revenue": 996918, 
        "long_term_average": 99691, 
        "short_term_average": 106649
    }, 
    {
        "date": "2012-11-30", 
        "operating_revenue": 110294, 
        "accumulated_operating_revenue": 1107212, 
        "long_term_average": 100655, 
        "short_term_average": 108867
    }, 
    {
        "date": "2012-12-31", 
        "operating_revenue": 104662, 
        "accumulated_operating_revenue": 1211874, 
        "long_term_average": 100989, 
        "short_term_average": 107254
    }, 
    {
        "accumulated_operating_revenue_yoy": 42.08348796613198, 
        "accumulated_operating_revenue": 103370, 
        "long_term_average": 103540, 
        "date": "2013-01-31", 
        "operating_revenue": 103370, 
        "short_term_average": 106108
    }, 
    {
        "accumulated_operating_revenue_yoy": 21.218535581579758, 
        "accumulated_operating_revenue": 184971, 
        "long_term_average": 103687, 
        "date": "2013-02-28", 
        "operating_revenue": 81601, 
        "short_term_average": 96544
    }, 
    {
        "accumulated_operating_revenue_yoy": 14.959918574742389, 
        "accumulated_operating_revenue": 291405, 
        "long_term_average": 104149, 
        "date": "2013-03-31", 
        "operating_revenue": 106434, 
        "short_term_average": 97135
    }, 
    {
        "accumulated_operating_revenue_yoy": 9.88384938736355, 
        "accumulated_operating_revenue": 392893, 
        "long_term_average": 103934, 
        "date": "2013-04-30", 
        "operating_revenue": 101488, 
        "short_term_average": 96507
    }, 
    {
        "accumulated_operating_revenue_yoy": 6.974531820696098, 
        "accumulated_operating_revenue": 497024, 
        "long_term_average": 103689, 
        "date": "2013-05-31", 
        "operating_revenue": 104131, 
        "short_term_average": 104017
    }, 
    {
        "accumulated_operating_revenue_yoy": 5.602110709766804, 
        "accumulated_operating_revenue": 597577, 
        "long_term_average": 103631, 
        "date": "2013-06-30", 
        "operating_revenue": 100553, 
        "short_term_average": 102057
    }, 
    {
        "accumulated_operating_revenue_yoy": 5.320464244406334, 
        "accumulated_operating_revenue": 712989, 
        "long_term_average": 103991, 
        "date": "2013-07-31", 
        "operating_revenue": 115412, 
        "short_term_average": 106698
    }, 
    {
        "accumulated_operating_revenue_yoy": 4.284336244300939, 
        "accumulated_operating_revenue": 814055, 
        "long_term_average": 103776, 
        "date": "2013-08-31", 
        "operating_revenue": 101066, 
        "short_term_average": 105677
    }, 
    {
        "accumulated_operating_revenue_yoy": 2.774931693989071, 
        "accumulated_operating_revenue": 914812, 
        "long_term_average": 103047, 
        "date": "2013-09-30", 
        "operating_revenue": 100757, 
        "short_term_average": 105745
    }, 
    {
        "accumulated_operating_revenue_yoy": 1.9574328079139909, 
        "accumulated_operating_revenue": 1016432, 
        "long_term_average": 102615, 
        "date": "2013-10-31", 
        "operating_revenue": 101620, 
        "short_term_average": 101147
    }, 
    {
        "accumulated_operating_revenue_yoy": 1.2649790645332601, 
        "accumulated_operating_revenue": 1121218, 
        "long_term_average": 102156, 
        "date": "2013-11-30", 
        "operating_revenue": 104786, 
        "short_term_average": 102387
    }, 
    {
        "accumulated_operating_revenue_yoy": 1.1337812346828136, 
        "accumulated_operating_revenue": 1225614, 
        "long_term_average": 102134, 
        "date": "2013-12-31", 
        "operating_revenue": 104396, 
        "short_term_average": 103600
    }, 
    {
        "accumulated_operating_revenue_yoy": -2.0721679404082423, 
        "accumulated_operating_revenue": 101228, 
        "long_term_average": 101956, 
        "date": "2014-01-31", 
        "operating_revenue": 101228, 
        "short_term_average": 103470
    }, 
    {
        "accumulated_operating_revenue_yoy": 1.1477474847408513, 
        "accumulated_operating_revenue": 187094, 
        "long_term_average": 102311, 
        "date": "2014-02-28", 
        "operating_revenue": 85866, 
        "short_term_average": 97163
    }, 
    {
        "accumulated_operating_revenue_yoy": 3.403510578061461, 
        "accumulated_operating_revenue": 301323, 
        "long_term_average": 102961, 
        "date": "2014-03-31", 
        "operating_revenue": 114229, 
        "short_term_average": 100441
    }, 
    {
        "accumulated_operating_revenue_yoy": 3.843540098703718, 
        "accumulated_operating_revenue": 407994, 
        "long_term_average": 103392, 
        "date": "2014-04-30", 
        "operating_revenue": 106671, 
        "short_term_average": 102255
    }, 
    {
        "accumulated_operating_revenue_yoy": 4.252913340200876, 
        "accumulated_operating_revenue": 518162, 
        "long_term_average": 103896, 
        "date": "2014-05-31", 
        "operating_revenue": 110168, 
        "short_term_average": 110356
    }, 
    {
        "accumulated_operating_revenue_yoy": 5.026632551118936, 
        "accumulated_operating_revenue": 627615, 
        "long_term_average": 104637, 
        "date": "2014-06-30", 
        "operating_revenue": 109453, 
        "short_term_average": 108764
    }, 
    {
        "accumulated_operating_revenue_yoy": 3.2529253606998147, 
        "accumulated_operating_revenue": 736182, 
        "long_term_average": 104067, 
        "date": "2014-07-31", 
        "operating_revenue": 108567, 
        "short_term_average": 109396
    }, 
    {
        "accumulated_operating_revenue_yoy": 3.310464280668997, 
        "accumulated_operating_revenue": 841004, 
        "long_term_average": 104380, 
        "date": "2014-08-31", 
        "operating_revenue": 104822, 
        "short_term_average": 107614
    }, 
    {
        "accumulated_operating_revenue_yoy": 4.200097943621203, 
        "accumulated_operating_revenue": 953235, 
        "long_term_average": 105336, 
        "date": "2014-09-30", 
        "operating_revenue": 112231, 
        "short_term_average": 108540
    }, 
    {
        "accumulated_operating_revenue_yoy": 4.941402868071843, 
        "accumulated_operating_revenue": 1066658, 
        "long_term_average": 106320, 
        "date": "2014-10-31", 
        "operating_revenue": 113423, 
        "short_term_average": 110158
    }, 
    {
        "accumulated_operating_revenue_yoy": 4.828231441164876, 
        "accumulated_operating_revenue": 1175353, 
        "long_term_average": 106645, 
        "date": "2014-11-30", 
        "operating_revenue": 108695, 
        "short_term_average": 111449
    }, 
    {
        "accumulated_operating_revenue_yoy": 5.211999862925848, 
        "accumulated_operating_revenue": 1289493, 
        "long_term_average": 107457, 
        "date": "2014-12-31", 
        "operating_revenue": 114140, 
        "short_term_average": 112086
    }, 
    {
        "accumulated_operating_revenue_yoy": 6.082309242502074, 
        "accumulated_operating_revenue": 107385, 
        "long_term_average": 107970, 
        "date": "2015-01-31", 
        "operating_revenue": 107385, 
        "short_term_average": 110073
    }, 
    {
        "accumulated_operating_revenue_yoy": 3.237410071942446, 
        "accumulated_operating_revenue": 193151, 
        "long_term_average": 107962, 
        "date": "2015-02-28", 
        "operating_revenue": 85766, 
        "short_term_average": 102430
    }, 
    {
        "accumulated_operating_revenue_yoy": 0.23230885129910428, 
        "accumulated_operating_revenue": 302023, 
        "long_term_average": 107516, 
        "date": "2015-03-31", 
        "operating_revenue": 108872, 
        "short_term_average": 100674
    }, 
    {
        "accumulated_operating_revenue_yoy": 0.7576091805271646, 
        "accumulated_operating_revenue": 411085, 
        "long_term_average": 107715, 
        "date": "2015-04-30", 
        "operating_revenue": 109062, 
        "short_term_average": 101233
    }, 
    {
        "accumulated_operating_revenue_yoy": -0.6526916292588033, 
        "accumulated_operating_revenue": 514780, 
        "long_term_average": 107175, 
        "date": "2015-05-31", 
        "operating_revenue": 103695, 
        "short_term_average": 107209
    }, 
    {
        "accumulated_operating_revenue_yoy": -1.8740788540745519, 
        "accumulated_operating_revenue": 615853, 
        "long_term_average": 106477, 
        "date": "2015-06-30", 
        "operating_revenue": 101073, 
        "short_term_average": 104610
    }, 
    {
        "accumulated_operating_revenue_yoy": -0.8264260739871391, 
        "accumulated_operating_revenue": 730098, 
        "long_term_average": 106950, 
        "date": "2015-07-31", 
        "operating_revenue": 114245, 
        "short_term_average": 106337
    }, 
    {
        "accumulated_operating_revenue_yoy": -0.9294842830711864, 
        "accumulated_operating_revenue": 833187, 
        "long_term_average": 106806, 
        "date": "2015-08-31", 
        "operating_revenue": 103089, 
        "short_term_average": 106135
    }, 
    {
        "accumulated_operating_revenue_yoy": -1.7340949503532705, 
        "accumulated_operating_revenue": 936705, 
        "long_term_average": 106080, 
        "date": "2015-09-30", 
        "operating_revenue": 103518, 
        "short_term_average": 106950
    }
]