[
    {
        "date": "2011-09-30", 
        "operating_revenue": 334866, 
        "accumulated_operating_revenue": 334866, 
        "long_term_average": 334866, 
        "short_term_average": 334866
    }, 
    {
        "date": "2011-10-31", 
        "operating_revenue": 344565, 
        "accumulated_operating_revenue": 679431, 
        "long_term_average": 339715, 
        "short_term_average": 339715
    }, 
    {
        "date": "2011-11-30", 
        "operating_revenue": 336712, 
        "accumulated_operating_revenue": 1016143, 
        "long_term_average": 338714, 
        "short_term_average": 338714
    }, 
    {
        "date": "2011-12-31", 
        "operating_revenue": 352103, 
        "accumulated_operating_revenue": 1368246, 
        "long_term_average": 342061, 
        "short_term_average": 344460
    }, 
    {
        "date": "2012-01-31", 
        "operating_revenue": 308549, 
        "accumulated_operating_revenue": 308549, 
        "long_term_average": 335359, 
        "short_term_average": 332454
    }, 
    {
        "date": "2012-02-29", 
        "operating_revenue": 302910, 
        "accumulated_operating_revenue": 611459, 
        "long_term_average": 329950, 
        "short_term_average": 321187
    }, 
    {
        "date": "2012-03-31", 
        "operating_revenue": 308175, 
        "accumulated_operating_revenue": 919634, 
        "long_term_average": 326840, 
        "short_term_average": 306544
    }, 
    {
        "date": "2012-04-30", 
        "operating_revenue": 323796, 
        "accumulated_operating_revenue": 1243430, 
        "long_term_average": 326459, 
        "short_term_average": 311627
    }, 
    {
        "date": "2012-05-31", 
        "operating_revenue": 325381, 
        "accumulated_operating_revenue": 1568811, 
        "long_term_average": 326339, 
        "short_term_average": 319117
    }, 
    {
        "date": "2012-06-30", 
        "operating_revenue": 359747, 
        "accumulated_operating_revenue": 1928558, 
        "long_term_average": 329680, 
        "short_term_average": 336308
    }, 
    {
        "date": "2012-07-31", 
        "operating_revenue": 354819, 
        "accumulated_operating_revenue": 2283377, 
        "long_term_average": 331965, 
        "short_term_average": 346649
    }, 
    {
        "date": "2012-08-31", 
        "operating_revenue": 368688, 
        "accumulated_operating_revenue": 2652065, 
        "long_term_average": 335025, 
        "short_term_average": 361084
    }, 
    {
        "accumulated_operating_revenue_yoy": 793.5081495284682, 
        "accumulated_operating_revenue": 2992055, 
        "long_term_average": 335452, 
        "date": "2012-09-30", 
        "operating_revenue": 339990, 
        "short_term_average": 354499
    }, 
    {
        "accumulated_operating_revenue_yoy": 393.45113779029805, 
        "accumulated_operating_revenue": 3352660, 
        "long_term_average": 336789, 
        "date": "2012-10-31", 
        "operating_revenue": 360605, 
        "short_term_average": 356427
    }, 
    {
        "accumulated_operating_revenue_yoy": 264.7595860031511, 
        "accumulated_operating_revenue": 3706479, 
        "long_term_average": 338215, 
        "date": "2012-11-30", 
        "operating_revenue": 353819, 
        "short_term_average": 351471
    }, 
    {
        "accumulated_operating_revenue_yoy": 196.35964585315799, 
        "accumulated_operating_revenue": 4054929, 
        "long_term_average": 337910, 
        "date": "2012-12-31", 
        "operating_revenue": 348450, 
        "short_term_average": 354291
    }, 
    {
        "accumulated_operating_revenue_yoy": 6.040855747385343, 
        "accumulated_operating_revenue": 327188, 
        "long_term_average": 339464, 
        "date": "2013-01-31", 
        "operating_revenue": 327188, 
        "short_term_average": 343152
    }, 
    {
        "accumulated_operating_revenue_yoy": 10.303552650300347, 
        "accumulated_operating_revenue": 674461, 
        "long_term_average": 343160, 
        "date": "2013-02-28", 
        "operating_revenue": 347273, 
        "short_term_average": 340970
    }, 
    {
        "accumulated_operating_revenue_yoy": 19.42337930089579, 
        "accumulated_operating_revenue": 1098258, 
        "long_term_average": 352796, 
        "date": "2013-03-31", 
        "operating_revenue": 423797, 
        "short_term_average": 366086
    }, 
    {
        "accumulated_operating_revenue_yoy": 15.27613134635645, 
        "accumulated_operating_revenue": 1433378, 
        "long_term_average": 353739, 
        "date": "2013-04-30", 
        "operating_revenue": 335120, 
        "short_term_average": 368730
    }, 
    {
        "accumulated_operating_revenue_yoy": 17.024294194775532, 
        "accumulated_operating_revenue": 1835890, 
        "long_term_average": 360167, 
        "date": "2013-05-31", 
        "operating_revenue": 402512, 
        "short_term_average": 387143
    }, 
    {
        "accumulated_operating_revenue_yoy": 15.127312738325733, 
        "accumulated_operating_revenue": 2220297, 
        "long_term_average": 362222, 
        "date": "2013-06-30", 
        "operating_revenue": 384407, 
        "short_term_average": 374013
    }, 
    {
        "accumulated_operating_revenue_yoy": 13.57266014328777, 
        "accumulated_operating_revenue": 2593292, 
        "long_term_average": 363737, 
        "date": "2013-07-31", 
        "operating_revenue": 372995, 
        "short_term_average": 386638
    }, 
    {
        "accumulated_operating_revenue_yoy": 13.127129237028504, 
        "accumulated_operating_revenue": 3000205, 
        "long_term_average": 366922, 
        "date": "2013-08-31", 
        "operating_revenue": 406913, 
        "short_term_average": 388105
    }, 
    {
        "accumulated_operating_revenue_yoy": 13.408109142378732, 
        "accumulated_operating_revenue": 3393233, 
        "long_term_average": 371342, 
        "date": "2013-09-30", 
        "operating_revenue": 393028, 
        "short_term_average": 390978
    }, 
    {
        "accumulated_operating_revenue_yoy": 12.331849934082191, 
        "accumulated_operating_revenue": 3766105, 
        "long_term_average": 372364, 
        "date": "2013-10-31", 
        "operating_revenue": 372872, 
        "short_term_average": 390937
    }, 
    {
        "accumulated_operating_revenue_yoy": 12.792383283434225, 
        "accumulated_operating_revenue": 4180626, 
        "long_term_average": 377423, 
        "date": "2013-11-30", 
        "operating_revenue": 414521, 
        "short_term_average": 393473
    }, 
    {
        "accumulated_operating_revenue_yoy": 14.864822540665939, 
        "accumulated_operating_revenue": 4657687, 
        "long_term_average": 388140, 
        "date": "2013-12-31", 
        "operating_revenue": 477061, 
        "short_term_average": 421484
    }, 
    {
        "accumulated_operating_revenue_yoy": 0.5476973483135078, 
        "accumulated_operating_revenue": 328980, 
        "long_term_average": 388289, 
        "date": "2014-01-31", 
        "operating_revenue": 328980, 
        "short_term_average": 406854
    }, 
    {
        "accumulated_operating_revenue_yoy": 0.891823248490276, 
        "accumulated_operating_revenue": 680476, 
        "long_term_average": 388641, 
        "date": "2014-02-28", 
        "operating_revenue": 351496, 
        "short_term_average": 385845
    }, 
    {
        "accumulated_operating_revenue_yoy": -3.445638456537535, 
        "accumulated_operating_revenue": 1060416, 
        "long_term_average": 384987, 
        "date": "2014-03-31", 
        "operating_revenue": 379940, 
        "short_term_average": 353472
    }, 
    {
        "accumulated_operating_revenue_yoy": -3.6816527112876014, 
        "accumulated_operating_revenue": 1380606, 
        "long_term_average": 383742, 
        "date": "2014-04-30", 
        "operating_revenue": 320190, 
        "short_term_average": 350542
    }, 
    {
        "accumulated_operating_revenue_yoy": -5.516942736220579, 
        "accumulated_operating_revenue": 1734605, 
        "long_term_average": 379700, 
        "date": "2014-05-31", 
        "operating_revenue": 353999, 
        "short_term_average": 351376
    }, 
    {
        "accumulated_operating_revenue_yoy": -4.368244428560684, 
        "accumulated_operating_revenue": 2123309, 
        "long_term_average": 380058, 
        "date": "2014-06-30", 
        "operating_revenue": 388704, 
        "short_term_average": 354297
    }, 
    {
        "accumulated_operating_revenue_yoy": -3.9388159914116887, 
        "accumulated_operating_revenue": 2491147, 
        "long_term_average": 379628, 
        "date": "2014-07-31", 
        "operating_revenue": 367838, 
        "short_term_average": 370180
    }, 
    {
        "accumulated_operating_revenue_yoy": -4.350736033037742, 
        "accumulated_operating_revenue": 2869674, 
        "long_term_average": 377263, 
        "date": "2014-08-31", 
        "operating_revenue": 378527, 
        "short_term_average": 378356
    }, 
    {
        "accumulated_operating_revenue_yoy": -4.296256696784453, 
        "accumulated_operating_revenue": 3247451, 
        "long_term_average": 375992, 
        "date": "2014-09-30", 
        "operating_revenue": 377777, 
        "short_term_average": 374714
    }, 
    {
        "accumulated_operating_revenue_yoy": -2.7566676977938744, 
        "accumulated_operating_revenue": 3662286, 
        "long_term_average": 379489, 
        "date": "2014-10-31", 
        "operating_revenue": 414835, 
        "short_term_average": 390379
    }, 
    {
        "accumulated_operating_revenue_yoy": -2.85225227035377, 
        "accumulated_operating_revenue": 4061384, 
        "long_term_average": 378203, 
        "date": "2014-11-30", 
        "operating_revenue": 399098, 
        "short_term_average": 397236
    }, 
    {
        "accumulated_operating_revenue_yoy": -4.013365432241367, 
        "accumulated_operating_revenue": 4470757, 
        "long_term_average": 372563, 
        "date": "2014-12-31", 
        "operating_revenue": 409373, 
        "short_term_average": 407768
    }, 
    {
        "accumulated_operating_revenue_yoy": 16.114657425983342, 
        "accumulated_operating_revenue": 381994, 
        "long_term_average": 376980, 
        "date": "2015-01-31", 
        "operating_revenue": 381994, 
        "short_term_average": 396821
    }, 
    {
        "accumulated_operating_revenue_yoy": 9.383578553835845, 
        "accumulated_operating_revenue": 744329, 
        "long_term_average": 377884, 
        "date": "2015-02-28", 
        "operating_revenue": 362335, 
        "short_term_average": 384567
    }, 
    {
        "accumulated_operating_revenue_yoy": 10.974655229645725, 
        "accumulated_operating_revenue": 1176793, 
        "long_term_average": 382261, 
        "date": "2015-03-31", 
        "operating_revenue": 432464, 
        "short_term_average": 392264
    }, 
    {
        "accumulated_operating_revenue_yoy": 13.954379453660204, 
        "accumulated_operating_revenue": 1573261, 
        "long_term_average": 388617, 
        "date": "2015-04-30", 
        "operating_revenue": 396468, 
        "short_term_average": 397089
    }, 
    {
        "accumulated_operating_revenue_yoy": 11.215464039363429, 
        "accumulated_operating_revenue": 1929149, 
        "long_term_average": 388775, 
        "date": "2015-05-31", 
        "operating_revenue": 355888, 
        "short_term_average": 394940
    }, 
    {
        "accumulated_operating_revenue_yoy": 7.755677576838793, 
        "accumulated_operating_revenue": 2287986, 
        "long_term_average": 386286, 
        "date": "2015-06-30", 
        "operating_revenue": 358837, 
        "short_term_average": 370397
    }, 
    {
        "accumulated_operating_revenue_yoy": 5.788337661326288, 
        "accumulated_operating_revenue": 2635343, 
        "long_term_average": 384579, 
        "date": "2015-07-31", 
        "operating_revenue": 347357, 
        "short_term_average": 354027
    }, 
    {
        "accumulated_operating_revenue_yoy": 3.7395885386284293, 
        "accumulated_operating_revenue": 2976988, 
        "long_term_average": 381505, 
        "date": "2015-08-31", 
        "operating_revenue": 341645, 
        "short_term_average": 349279
    }
]