[
    {
        "date": "2011-09-30", 
        "operating_revenue": 1194162, 
        "accumulated_operating_revenue": 1194162, 
        "long_term_average": 1194162, 
        "short_term_average": 1194162
    }, 
    {
        "date": "2011-10-31", 
        "operating_revenue": 1219846, 
        "accumulated_operating_revenue": 2414008, 
        "long_term_average": 1207004, 
        "short_term_average": 1207004
    }, 
    {
        "date": "2011-11-30", 
        "operating_revenue": 1271473, 
        "accumulated_operating_revenue": 3685481, 
        "long_term_average": 1228493, 
        "short_term_average": 1228493
    }, 
    {
        "date": "2011-12-31", 
        "operating_revenue": 1238894, 
        "accumulated_operating_revenue": 4924375, 
        "long_term_average": 1231093, 
        "short_term_average": 1243404
    }, 
    {
        "date": "2012-01-31", 
        "operating_revenue": 1097291, 
        "accumulated_operating_revenue": 1097291, 
        "long_term_average": 1204333, 
        "short_term_average": 1202552
    }, 
    {
        "date": "2012-02-29", 
        "operating_revenue": 1117326, 
        "accumulated_operating_revenue": 2214617, 
        "long_term_average": 1189832, 
        "short_term_average": 1151170
    }, 
    {
        "date": "2012-03-31", 
        "operating_revenue": 1353145, 
        "accumulated_operating_revenue": 3567762, 
        "long_term_average": 1213162, 
        "short_term_average": 1189254
    }, 
    {
        "date": "2012-04-30", 
        "operating_revenue": 1221718, 
        "accumulated_operating_revenue": 4789480, 
        "long_term_average": 1214231, 
        "short_term_average": 1230729
    }, 
    {
        "date": "2012-05-31", 
        "operating_revenue": 1340794, 
        "accumulated_operating_revenue": 6130274, 
        "long_term_average": 1228294, 
        "short_term_average": 1305219
    }, 
    {
        "date": "2012-06-30", 
        "operating_revenue": 1302797, 
        "accumulated_operating_revenue": 7433071, 
        "long_term_average": 1235744, 
        "short_term_average": 1288436
    }, 
    {
        "date": "2012-07-31", 
        "operating_revenue": 1318430, 
        "accumulated_operating_revenue": 8751501, 
        "long_term_average": 1243261, 
        "short_term_average": 1320673
    }, 
    {
        "date": "2012-08-31", 
        "operating_revenue": 1214549, 
        "accumulated_operating_revenue": 9966050, 
        "long_term_average": 1240868, 
        "short_term_average": 1278592
    }, 
    {
        "accumulated_operating_revenue_yoy": 836.8681971122846, 
        "accumulated_operating_revenue": 11187724, 
        "long_term_average": 1243161, 
        "date": "2012-09-30", 
        "operating_revenue": 1221674, 
        "short_term_average": 1251551
    }, 
    {
        "accumulated_operating_revenue_yoy": 414.3525207870065, 
        "accumulated_operating_revenue": 12416511, 
        "long_term_average": 1243906, 
        "date": "2012-10-31", 
        "operating_revenue": 1228787, 
        "short_term_average": 1221670
    }, 
    {
        "accumulated_operating_revenue_yoy": 268.00691687190897, 
        "accumulated_operating_revenue": 13562825, 
        "long_term_average": 1233476, 
        "date": "2012-11-30", 
        "operating_revenue": 1146314, 
        "short_term_average": 1198925
    }, 
    {
        "accumulated_operating_revenue_yoy": 196.8436197486991, 
        "accumulated_operating_revenue": 14617693, 
        "long_term_average": 1218141, 
        "date": "2012-12-31", 
        "operating_revenue": 1054868, 
        "short_term_average": 1143323
    }, 
    {
        "accumulated_operating_revenue_yoy": -1.702921102970862, 
        "accumulated_operating_revenue": 1078605, 
        "long_term_average": 1216583, 
        "date": "2013-01-31", 
        "operating_revenue": 1078605, 
        "short_term_average": 1093262
    }, 
    {
        "accumulated_operating_revenue_yoy": -11.089276385036328, 
        "accumulated_operating_revenue": 1969032, 
        "long_term_average": 1197675, 
        "date": "2013-02-28", 
        "operating_revenue": 890427, 
        "short_term_average": 1007966
    }, 
    {
        "accumulated_operating_revenue_yoy": -13.825613928283333, 
        "accumulated_operating_revenue": 3074497, 
        "long_term_average": 1177035, 
        "date": "2013-03-31", 
        "operating_revenue": 1105465, 
        "short_term_average": 1024832
    }, 
    {
        "accumulated_operating_revenue_yoy": -8.501695382379717, 
        "accumulated_operating_revenue": 4382293, 
        "long_term_average": 1184208, 
        "date": "2013-04-30", 
        "operating_revenue": 1307796, 
        "short_term_average": 1101229
    }, 
    {
        "accumulated_operating_revenue_yoy": -7.943837420643842, 
        "accumulated_operating_revenue": 5643295, 
        "long_term_average": 1177559, 
        "date": "2013-05-31", 
        "operating_revenue": 1261002, 
        "short_term_average": 1224754
    }, 
    {
        "accumulated_operating_revenue_yoy": -8.944795495697539, 
        "accumulated_operating_revenue": 6768198, 
        "long_term_average": 1162735, 
        "date": "2013-06-30", 
        "operating_revenue": 1124903, 
        "short_term_average": 1231233
    }, 
    {
        "accumulated_operating_revenue_yoy": -9.444299897811815, 
        "accumulated_operating_revenue": 7924983, 
        "long_term_average": 1149264, 
        "date": "2013-07-31", 
        "operating_revenue": 1156785, 
        "short_term_average": 1180896
    }, 
    {
        "accumulated_operating_revenue_yoy": -9.094224893513477, 
        "accumulated_operating_revenue": 9059715, 
        "long_term_average": 1142613, 
        "date": "2013-08-31", 
        "operating_revenue": 1134732, 
        "short_term_average": 1138806
    }, 
    {
        "accumulated_operating_revenue_yoy": -8.623568118055111, 
        "accumulated_operating_revenue": 10222943, 
        "long_term_average": 1137742, 
        "date": "2013-09-30", 
        "operating_revenue": 1163228, 
        "short_term_average": 1151581
    }, 
    {
        "accumulated_operating_revenue_yoy": -7.448517542488385, 
        "accumulated_operating_revenue": 11491665, 
        "long_term_average": 1141070, 
        "date": "2013-10-31", 
        "operating_revenue": 1268722, 
        "short_term_average": 1188894
    }, 
    {
        "accumulated_operating_revenue_yoy": -5.596297231587077, 
        "accumulated_operating_revenue": 12803809, 
        "long_term_average": 1154889, 
        "date": "2013-11-30", 
        "operating_revenue": 1312144, 
        "short_term_average": 1248031
    }, 
    {
        "accumulated_operating_revenue_yoy": -4.081622182104932, 
        "accumulated_operating_revenue": 14021054, 
        "long_term_average": 1168421, 
        "date": "2013-12-31", 
        "operating_revenue": 1217245, 
        "short_term_average": 1266037
    }, 
    {
        "accumulated_operating_revenue_yoy": 17.659569536577337, 
        "accumulated_operating_revenue": 1269082, 
        "long_term_average": 1184294, 
        "date": "2014-01-31", 
        "operating_revenue": 1269082, 
        "short_term_average": 1266157
    }, 
    {
        "accumulated_operating_revenue_yoy": 13.911556541488407, 
        "accumulated_operating_revenue": 2242955, 
        "long_term_average": 1191248, 
        "date": "2014-02-28", 
        "operating_revenue": 973873, 
        "short_term_average": 1153400
    }, 
    {
        "accumulated_operating_revenue_yoy": 15.053974682687931, 
        "accumulated_operating_revenue": 3537331, 
        "long_term_average": 1206990, 
        "date": "2014-03-31", 
        "operating_revenue": 1294376, 
        "short_term_average": 1179110
    }, 
    {
        "accumulated_operating_revenue_yoy": 11.59189949188701, 
        "accumulated_operating_revenue": 4890284, 
        "long_term_average": 1210753, 
        "date": "2014-04-30", 
        "operating_revenue": 1352953, 
        "short_term_average": 1207067
    }, 
    {
        "accumulated_operating_revenue_yoy": 9.749162501694489, 
        "accumulated_operating_revenue": 6193469, 
        "long_term_average": 1214269, 
        "date": "2014-05-31", 
        "operating_revenue": 1303185, 
        "short_term_average": 1316838
    }, 
    {
        "accumulated_operating_revenue_yoy": 11.126373666964234, 
        "accumulated_operating_revenue": 7521253, 
        "long_term_average": 1231175, 
        "date": "2014-06-30", 
        "operating_revenue": 1327784, 
        "short_term_average": 1327974
    }, 
    {
        "accumulated_operating_revenue_yoy": 12.283143067940966, 
        "accumulated_operating_revenue": 8898420, 
        "long_term_average": 1249540, 
        "date": "2014-07-31", 
        "operating_revenue": 1377167, 
        "short_term_average": 1336045
    }, 
    {
        "accumulated_operating_revenue_yoy": 13.071989571415878, 
        "accumulated_operating_revenue": 10244000, 
        "long_term_average": 1267111, 
        "date": "2014-08-31", 
        "operating_revenue": 1345580, 
        "short_term_average": 1350177
    }, 
    {
        "accumulated_operating_revenue_yoy": 13.438449182392976, 
        "accumulated_operating_revenue": 11596748, 
        "long_term_average": 1282904, 
        "date": "2014-09-30", 
        "operating_revenue": 1352748, 
        "short_term_average": 1358498
    }, 
    {
        "accumulated_operating_revenue_yoy": 12.880231019612912, 
        "accumulated_operating_revenue": 12971818, 
        "long_term_average": 1291767, 
        "date": "2014-10-31", 
        "operating_revenue": 1375070, 
        "short_term_average": 1357799
    }, 
    {
        "accumulated_operating_revenue_yoy": 12.42734876785494, 
        "accumulated_operating_revenue": 14394983, 
        "long_term_average": 1301019, 
        "date": "2014-11-30", 
        "operating_revenue": 1423165, 
        "short_term_average": 1383661
    }, 
    {
        "accumulated_operating_revenue_yoy": 12.24765984069386, 
        "accumulated_operating_revenue": 15738305, 
        "long_term_average": 1311525, 
        "date": "2014-12-31", 
        "operating_revenue": 1343322, 
        "short_term_average": 1380519
    }, 
    {
        "accumulated_operating_revenue_yoy": 4.90709032198077, 
        "accumulated_operating_revenue": 1331357, 
        "long_term_average": 1316715, 
        "date": "2015-01-31", 
        "operating_revenue": 1331357, 
        "short_term_average": 1365948
    }, 
    {
        "accumulated_operating_revenue_yoy": 7.951028888230035, 
        "accumulated_operating_revenue": 2421293, 
        "long_term_average": 1326386, 
        "date": "2015-02-28", 
        "operating_revenue": 1089936, 
        "short_term_average": 1254871
    }, 
    {
        "accumulated_operating_revenue_yoy": 4.230279835276937, 
        "accumulated_operating_revenue": 3686970, 
        "long_term_average": 1323995, 
        "date": "2015-03-31", 
        "operating_revenue": 1265677, 
        "short_term_average": 1228990
    }, 
    {
        "accumulated_operating_revenue_yoy": 0.602010026411554, 
        "accumulated_operating_revenue": 4919724, 
        "long_term_average": 1313978, 
        "date": "2015-04-30", 
        "operating_revenue": 1232754, 
        "short_term_average": 1196122
    }, 
    {
        "accumulated_operating_revenue_yoy": -1.8711484630019137, 
        "accumulated_operating_revenue": 6077580, 
        "long_term_average": 1301868, 
        "date": "2015-05-31", 
        "operating_revenue": 1157856, 
        "short_term_average": 1218762
    }, 
    {
        "accumulated_operating_revenue_yoy": -3.212656189068497, 
        "accumulated_operating_revenue": 7279621, 
        "long_term_average": 1291389, 
        "date": "2015-06-30", 
        "operating_revenue": 1202041, 
        "short_term_average": 1197550
    }, 
    {
        "accumulated_operating_revenue_yoy": -4.95708226853756, 
        "accumulated_operating_revenue": 8457318, 
        "long_term_average": 1274766, 
        "date": "2015-07-31", 
        "operating_revenue": 1177697, 
        "short_term_average": 1179198
    }, 
    {
        "accumulated_operating_revenue_yoy": -5.904675907848497, 
        "accumulated_operating_revenue": 9639125, 
        "long_term_average": 1261119, 
        "date": "2015-08-31", 
        "operating_revenue": 1181807, 
        "short_term_average": 1187181
    }, 
    {
        "accumulated_operating_revenue_yoy": -5.9871698514100675, 
        "accumulated_operating_revenue": 10902431, 
        "long_term_average": 1253665, 
        "date": "2015-09-30", 
        "operating_revenue": 1263306, 
        "short_term_average": 1207603
    }
]