[
    {
        "date": "2012-01-31", 
        "operating_revenue": 176695, 
        "accumulated_operating_revenue": 176695, 
        "long_term_average": 176695, 
        "short_term_average": 176695
    }, 
    {
        "date": "2012-02-29", 
        "operating_revenue": 110165, 
        "accumulated_operating_revenue": 286860, 
        "long_term_average": 143430, 
        "short_term_average": 143430
    }, 
    {
        "date": "2012-03-31", 
        "operating_revenue": 153160, 
        "accumulated_operating_revenue": 440020, 
        "long_term_average": 146673, 
        "short_term_average": 146673
    }, 
    {
        "date": "2012-04-30", 
        "operating_revenue": 98957, 
        "accumulated_operating_revenue": 538977, 
        "long_term_average": 134744, 
        "short_term_average": 120760
    }, 
    {
        "date": "2012-05-31", 
        "operating_revenue": 105979, 
        "accumulated_operating_revenue": 644956, 
        "long_term_average": 128991, 
        "short_term_average": 119365
    }, 
    {
        "date": "2012-06-30", 
        "operating_revenue": 105403, 
        "accumulated_operating_revenue": 750359, 
        "long_term_average": 125059, 
        "short_term_average": 103446
    }, 
    {
        "date": "2012-07-31", 
        "operating_revenue": 152265, 
        "accumulated_operating_revenue": 902624, 
        "long_term_average": 128946, 
        "short_term_average": 121215
    }, 
    {
        "date": "2012-08-31", 
        "operating_revenue": 137158, 
        "accumulated_operating_revenue": 1039782, 
        "long_term_average": 129972, 
        "short_term_average": 131608
    }, 
    {
        "date": "2012-09-30", 
        "operating_revenue": 158567, 
        "accumulated_operating_revenue": 1198349, 
        "long_term_average": 133149, 
        "short_term_average": 149330
    }, 
    {
        "date": "2012-10-31", 
        "operating_revenue": 129185, 
        "accumulated_operating_revenue": 1327534, 
        "long_term_average": 132753, 
        "short_term_average": 141636
    }, 
    {
        "date": "2012-11-30", 
        "operating_revenue": 116554, 
        "accumulated_operating_revenue": 1444088, 
        "long_term_average": 131280, 
        "short_term_average": 134768
    }, 
    {
        "date": "2012-12-31", 
        "operating_revenue": 151964, 
        "accumulated_operating_revenue": 1596052, 
        "long_term_average": 133004, 
        "short_term_average": 132567
    }, 
    {
        "accumulated_operating_revenue_yoy": -43.00800814963638, 
        "accumulated_operating_revenue": 100702, 
        "long_term_average": 126671, 
        "date": "2013-01-31", 
        "operating_revenue": 100702, 
        "short_term_average": 123073
    }, 
    {
        "accumulated_operating_revenue_yoy": -1.8604894373562015, 
        "accumulated_operating_revenue": 281523, 
        "long_term_average": 132559, 
        "date": "2013-02-28", 
        "operating_revenue": 180821, 
        "short_term_average": 144495
    }, 
    {
        "accumulated_operating_revenue_yoy": -7.861006317894641, 
        "accumulated_operating_revenue": 405430, 
        "long_term_average": 130121, 
        "date": "2013-03-31", 
        "operating_revenue": 123907, 
        "short_term_average": 135143
    }, 
    {
        "accumulated_operating_revenue_yoy": -2.998272653564067, 
        "accumulated_operating_revenue": 522817, 
        "long_term_average": 131657, 
        "date": "2013-04-30", 
        "operating_revenue": 117387, 
        "short_term_average": 140705
    }, 
    {
        "accumulated_operating_revenue_yoy": -3.351856560757633, 
        "accumulated_operating_revenue": 623338, 
        "long_term_average": 131202, 
        "date": "2013-05-31", 
        "operating_revenue": 100521, 
        "short_term_average": 113938
    }, 
    {
        "accumulated_operating_revenue_yoy": -1.8628416531287022, 
        "accumulated_operating_revenue": 736381, 
        "long_term_average": 131839, 
        "date": "2013-06-30", 
        "operating_revenue": 113043, 
        "short_term_average": 110317
    }, 
    {
        "accumulated_operating_revenue_yoy": -1.463289254440387, 
        "accumulated_operating_revenue": 889416, 
        "long_term_average": 131903, 
        "date": "2013-07-31", 
        "operating_revenue": 153035, 
        "short_term_average": 122199
    }, 
    {
        "accumulated_operating_revenue_yoy": -0.981936598248479, 
        "accumulated_operating_revenue": 1029572, 
        "long_term_average": 132153, 
        "date": "2013-08-31", 
        "operating_revenue": 140156, 
        "short_term_average": 135411
    }, 
    {
        "accumulated_operating_revenue_yoy": -1.49388867516892, 
        "accumulated_operating_revenue": 1180447, 
        "long_term_average": 131512, 
        "date": "2013-09-30", 
        "operating_revenue": 150875, 
        "short_term_average": 148022
    }, 
    {
        "accumulated_operating_revenue_yoy": -2.0812272981332303, 
        "accumulated_operating_revenue": 1299905, 
        "long_term_average": 130701, 
        "date": "2013-10-31", 
        "operating_revenue": 119458, 
        "short_term_average": 136829
    }, 
    {
        "accumulated_operating_revenue_yoy": -2.055761144750181, 
        "accumulated_operating_revenue": 1414401, 
        "long_term_average": 130530, 
        "date": "2013-11-30", 
        "operating_revenue": 114496, 
        "short_term_average": 128276
    }, 
    {
        "accumulated_operating_revenue_yoy": -3.4121695283111078, 
        "accumulated_operating_revenue": 1541592, 
        "long_term_average": 128466, 
        "date": "2013-12-31", 
        "operating_revenue": 127191, 
        "short_term_average": 120381
    }, 
    {
        "accumulated_operating_revenue_yoy": 31.500863935175072, 
        "accumulated_operating_revenue": 132424, 
        "long_term_average": 131109, 
        "date": "2014-01-31", 
        "operating_revenue": 132424, 
        "short_term_average": 124703
    }, 
    {
        "accumulated_operating_revenue_yoy": -4.5871918102606175, 
        "accumulated_operating_revenue": 268609, 
        "long_term_average": 127389, 
        "date": "2014-02-28", 
        "operating_revenue": 136185, 
        "short_term_average": 131933
    }, 
    {
        "accumulated_operating_revenue_yoy": -1.0297708605677922, 
        "accumulated_operating_revenue": 401255, 
        "long_term_average": 128118, 
        "date": "2014-03-31", 
        "operating_revenue": 132646, 
        "short_term_average": 133751
    }, 
    {
        "accumulated_operating_revenue_yoy": -1.7614193876633697, 
        "accumulated_operating_revenue": 513608, 
        "long_term_average": 127698, 
        "date": "2014-04-30", 
        "operating_revenue": 112353, 
        "short_term_average": 127061
    }, 
    {
        "accumulated_operating_revenue_yoy": 0.1318706704869589, 
        "accumulated_operating_revenue": 624160, 
        "long_term_average": 128534, 
        "date": "2014-05-31", 
        "operating_revenue": 110552, 
        "short_term_average": 118517
    }, 
    {
        "accumulated_operating_revenue_yoy": 3.5840142534910595, 
        "accumulated_operating_revenue": 762773, 
        "long_term_average": 130665, 
        "date": "2014-06-30", 
        "operating_revenue": 138613, 
        "short_term_average": 120506
    }, 
    {
        "accumulated_operating_revenue_yoy": 1.9770276226197865, 
        "accumulated_operating_revenue": 907000, 
        "long_term_average": 129931, 
        "date": "2014-07-31", 
        "operating_revenue": 144227, 
        "short_term_average": 131130
    }, 
    {
        "accumulated_operating_revenue_yoy": 2.7205479558496153, 
        "accumulated_operating_revenue": 1057582, 
        "long_term_average": 130800, 
        "date": "2014-08-31", 
        "operating_revenue": 150582, 
        "short_term_average": 144474
    }, 
    {
        "accumulated_operating_revenue_yoy": 3.1471129157005775, 
        "accumulated_operating_revenue": 1217597, 
        "long_term_average": 131561, 
        "date": "2014-09-30", 
        "operating_revenue": 160015, 
        "short_term_average": 151608
    }, 
    {
        "accumulated_operating_revenue_yoy": 3.3827087364076607, 
        "accumulated_operating_revenue": 1343877, 
        "long_term_average": 132130, 
        "date": "2014-10-31", 
        "operating_revenue": 126280, 
        "short_term_average": 145625
    }, 
    {
        "accumulated_operating_revenue_yoy": 2.712455661442547, 
        "accumulated_operating_revenue": 1452766, 
        "long_term_average": 131663, 
        "date": "2014-11-30", 
        "operating_revenue": 108889, 
        "short_term_average": 131728
    }, 
    {
        "accumulated_operating_revenue_yoy": 2.198765951042818, 
        "accumulated_operating_revenue": 1575488, 
        "long_term_average": 131290, 
        "date": "2014-12-31", 
        "operating_revenue": 122722, 
        "short_term_average": 119297
    }, 
    {
        "accumulated_operating_revenue_yoy": -6.440675406270767, 
        "accumulated_operating_revenue": 123895, 
        "long_term_average": 130579, 
        "date": "2015-01-31", 
        "operating_revenue": 123895, 
        "short_term_average": 118502
    }, 
    {
        "accumulated_operating_revenue_yoy": 12.049856855131438, 
        "accumulated_operating_revenue": 300976, 
        "long_term_average": 133987, 
        "date": "2015-02-28", 
        "operating_revenue": 177081, 
        "short_term_average": 141232
    }, 
    {
        "accumulated_operating_revenue_yoy": 7.612864637200782, 
        "accumulated_operating_revenue": 431802, 
        "long_term_average": 133836, 
        "date": "2015-03-31", 
        "operating_revenue": 130826, 
        "short_term_average": 143934
    }, 
    {
        "accumulated_operating_revenue_yoy": 9.181710565255994, 
        "accumulated_operating_revenue": 560766, 
        "long_term_average": 135220, 
        "date": "2015-04-30", 
        "operating_revenue": 128964, 
        "short_term_average": 145623
    }, 
    {
        "accumulated_operating_revenue_yoy": 9.039989746218918, 
        "accumulated_operating_revenue": 680584, 
        "long_term_average": 135992, 
        "date": "2015-05-31", 
        "operating_revenue": 119818, 
        "short_term_average": 126536
    }, 
    {
        "accumulated_operating_revenue_yoy": 3.8973587161580183, 
        "accumulated_operating_revenue": 792501, 
        "long_term_average": 133768, 
        "date": "2015-06-30", 
        "operating_revenue": 111917, 
        "short_term_average": 120233
    }, 
    {
        "accumulated_operating_revenue_yoy": 0.3907386990077178, 
        "accumulated_operating_revenue": 910544, 
        "long_term_average": 131586, 
        "date": "2015-07-31", 
        "operating_revenue": 118043, 
        "short_term_average": 116592
    }, 
    {
        "accumulated_operating_revenue_yoy": -2.5806982342740326, 
        "accumulated_operating_revenue": 1030289, 
        "long_term_average": 129016, 
        "date": "2015-08-31", 
        "operating_revenue": 119745, 
        "short_term_average": 116568
    }, 
    {
        "accumulated_operating_revenue_yoy": -2.827208017102539, 
        "accumulated_operating_revenue": 1183173, 
        "long_term_average": 128422, 
        "date": "2015-09-30", 
        "operating_revenue": 152884, 
        "short_term_average": 130224
    }
]