[
    {
        "date": "2012-01-31", 
        "operating_revenue": 84342, 
        "accumulated_operating_revenue": 84342, 
        "long_term_average": 84342, 
        "short_term_average": 84342
    }, 
    {
        "date": "2012-02-29", 
        "operating_revenue": 73539, 
        "accumulated_operating_revenue": 157881, 
        "long_term_average": 78940, 
        "short_term_average": 78940
    }, 
    {
        "date": "2012-03-31", 
        "operating_revenue": 85931, 
        "accumulated_operating_revenue": 243812, 
        "long_term_average": 81270, 
        "short_term_average": 81270
    }, 
    {
        "date": "2012-04-30", 
        "operating_revenue": 70317, 
        "accumulated_operating_revenue": 314129, 
        "long_term_average": 78532, 
        "short_term_average": 76595
    }, 
    {
        "date": "2012-05-31", 
        "operating_revenue": 72893, 
        "accumulated_operating_revenue": 387022, 
        "long_term_average": 77404, 
        "short_term_average": 76380
    }, 
    {
        "date": "2012-06-30", 
        "operating_revenue": 81012, 
        "accumulated_operating_revenue": 468034, 
        "long_term_average": 78005, 
        "short_term_average": 74740
    }, 
    {
        "date": "2012-07-31", 
        "operating_revenue": 72949, 
        "accumulated_operating_revenue": 540983, 
        "long_term_average": 77283, 
        "short_term_average": 75618
    }, 
    {
        "date": "2012-08-31", 
        "operating_revenue": 74728, 
        "accumulated_operating_revenue": 615711, 
        "long_term_average": 76963, 
        "short_term_average": 76229
    }, 
    {
        "date": "2012-09-30", 
        "operating_revenue": 74317, 
        "accumulated_operating_revenue": 690028, 
        "long_term_average": 76669, 
        "short_term_average": 73998
    }, 
    {
        "date": "2012-10-31", 
        "operating_revenue": 82279, 
        "accumulated_operating_revenue": 772307, 
        "long_term_average": 77230, 
        "short_term_average": 77108
    }, 
    {
        "date": "2012-11-30", 
        "operating_revenue": 84716, 
        "accumulated_operating_revenue": 857023, 
        "long_term_average": 77911, 
        "short_term_average": 80437
    }, 
    {
        "date": "2012-12-31", 
        "operating_revenue": 94568, 
        "accumulated_operating_revenue": 951591, 
        "long_term_average": 79299, 
        "short_term_average": 87187
    }, 
    {
        "accumulated_operating_revenue_yoy": 1.1405942472315098, 
        "accumulated_operating_revenue": 85304, 
        "long_term_average": 79379, 
        "date": "2013-01-31", 
        "operating_revenue": 85304, 
        "short_term_average": 88196
    }, 
    {
        "accumulated_operating_revenue_yoy": 2.1706221774627723, 
        "accumulated_operating_revenue": 161308, 
        "long_term_average": 79584, 
        "date": "2013-02-28", 
        "operating_revenue": 76004, 
        "short_term_average": 85292
    }, 
    {
        "accumulated_operating_revenue_yoy": 2.851787442783784, 
        "accumulated_operating_revenue": 250765, 
        "long_term_average": 79878, 
        "date": "2013-03-31", 
        "operating_revenue": 89457, 
        "short_term_average": 83588
    }, 
    {
        "accumulated_operating_revenue_yoy": 4.177264754288843, 
        "accumulated_operating_revenue": 327251, 
        "long_term_average": 80392, 
        "date": "2013-04-30", 
        "operating_revenue": 76486, 
        "short_term_average": 80649
    }, 
    {
        "accumulated_operating_revenue_yoy": 5.361193937295554, 
        "accumulated_operating_revenue": 407771, 
        "long_term_average": 81028, 
        "date": "2013-05-31", 
        "operating_revenue": 80520, 
        "short_term_average": 82154
    }, 
    {
        "accumulated_operating_revenue_yoy": 4.814393826089558, 
        "accumulated_operating_revenue": 490567, 
        "long_term_average": 81177, 
        "date": "2013-06-30", 
        "operating_revenue": 82796, 
        "short_term_average": 79934
    }, 
    {
        "accumulated_operating_revenue_yoy": 4.235068384773644, 
        "accumulated_operating_revenue": 563894, 
        "long_term_average": 81208, 
        "date": "2013-07-31", 
        "operating_revenue": 73327, 
        "short_term_average": 78881
    }, 
    {
        "accumulated_operating_revenue_yoy": 3.640993907856121, 
        "accumulated_operating_revenue": 638129, 
        "long_term_average": 81167, 
        "date": "2013-08-31", 
        "operating_revenue": 74235, 
        "short_term_average": 76786
    }, 
    {
        "accumulated_operating_revenue_yoy": 3.705936570689885, 
        "accumulated_operating_revenue": 715600, 
        "long_term_average": 81430, 
        "date": "2013-09-30", 
        "operating_revenue": 77471, 
        "short_term_average": 75011
    }, 
    {
        "accumulated_operating_revenue_yoy": 3.20002278886505, 
        "accumulated_operating_revenue": 797021, 
        "long_term_average": 81358, 
        "date": "2013-10-31", 
        "operating_revenue": 81421, 
        "short_term_average": 77709
    }, 
    {
        "accumulated_operating_revenue_yoy": 3.5782003516825105, 
        "accumulated_operating_revenue": 887689, 
        "long_term_average": 81854, 
        "date": "2013-11-30", 
        "operating_revenue": 90668, 
        "short_term_average": 83186
    }, 
    {
        "accumulated_operating_revenue_yoy": 3.0376495784428394, 
        "accumulated_operating_revenue": 980497, 
        "long_term_average": 81708, 
        "date": "2013-12-31", 
        "operating_revenue": 92808, 
        "short_term_average": 88299
    }, 
    {
        "accumulated_operating_revenue_yoy": 8.732298602644658, 
        "accumulated_operating_revenue": 92753, 
        "long_term_average": 82328, 
        "date": "2014-01-31", 
        "operating_revenue": 92753, 
        "short_term_average": 92076
    }, 
    {
        "accumulated_operating_revenue_yoy": 5.194410692588092, 
        "accumulated_operating_revenue": 169687, 
        "long_term_average": 82406, 
        "date": "2014-02-28", 
        "operating_revenue": 76934, 
        "short_term_average": 87498
    }, 
    {
        "accumulated_operating_revenue_yoy": 3.125236775467071, 
        "accumulated_operating_revenue": 258602, 
        "long_term_average": 82361, 
        "date": "2014-03-31", 
        "operating_revenue": 88915, 
        "short_term_average": 86200
    }, 
    {
        "accumulated_operating_revenue_yoy": 2.9549183959712884, 
        "accumulated_operating_revenue": 336921, 
        "long_term_average": 82513, 
        "date": "2014-04-30", 
        "operating_revenue": 78319, 
        "short_term_average": 81389
    }, 
    {
        "accumulated_operating_revenue_yoy": 4.654818513332238, 
        "accumulated_operating_revenue": 426752, 
        "long_term_average": 83289, 
        "date": "2014-05-31", 
        "operating_revenue": 89831, 
        "short_term_average": 85688
    }, 
    {
        "accumulated_operating_revenue_yoy": 4.332537655406907, 
        "accumulated_operating_revenue": 511821, 
        "long_term_average": 83479, 
        "date": "2014-06-30", 
        "operating_revenue": 85069, 
        "short_term_average": 84406
    }, 
    {
        "accumulated_operating_revenue_yoy": 4.67623347650445, 
        "accumulated_operating_revenue": 590263, 
        "long_term_average": 83905, 
        "date": "2014-07-31", 
        "operating_revenue": 78442, 
        "short_term_average": 84447
    }, 
    {
        "accumulated_operating_revenue_yoy": 5.814498322439507, 
        "accumulated_operating_revenue": 675233, 
        "long_term_average": 84800, 
        "date": "2014-08-31", 
        "operating_revenue": 84970, 
        "short_term_average": 82827
    }, 
    {
        "accumulated_operating_revenue_yoy": 5.642677473448854, 
        "accumulated_operating_revenue": 755979, 
        "long_term_average": 85073, 
        "date": "2014-09-30", 
        "operating_revenue": 80746, 
        "short_term_average": 81386
    }, 
    {
        "accumulated_operating_revenue_yoy": 5.813021237834386, 
        "accumulated_operating_revenue": 843352, 
        "long_term_average": 85569, 
        "date": "2014-10-31", 
        "operating_revenue": 87373, 
        "short_term_average": 84363
    }, 
    {
        "accumulated_operating_revenue_yoy": 5.933722283367261, 
        "accumulated_operating_revenue": 940362, 
        "long_term_average": 86097, 
        "date": "2014-11-30", 
        "operating_revenue": 97010, 
        "short_term_average": 88376
    }, 
    {
        "accumulated_operating_revenue_yoy": 5.544637056513176, 
        "accumulated_operating_revenue": 1034862, 
        "long_term_average": 86238, 
        "date": "2014-12-31", 
        "operating_revenue": 94500, 
        "short_term_average": 92961
    }, 
    {
        "accumulated_operating_revenue_yoy": -12.266988668830118, 
        "accumulated_operating_revenue": 81375, 
        "long_term_average": 85290, 
        "date": "2015-01-31", 
        "operating_revenue": 81375, 
        "short_term_average": 90961
    }, 
    {
        "accumulated_operating_revenue_yoy": 0.8309416749662614, 
        "accumulated_operating_revenue": 171097, 
        "long_term_average": 86356, 
        "date": "2015-02-28", 
        "operating_revenue": 89722, 
        "short_term_average": 88532
    }, 
    {
        "accumulated_operating_revenue_yoy": 3.5680311830534954, 
        "accumulated_operating_revenue": 267829, 
        "long_term_average": 87007, 
        "date": "2015-03-31", 
        "operating_revenue": 96732, 
        "short_term_average": 89276
    }, 
    {
        "accumulated_operating_revenue_yoy": 3.6697029867535718, 
        "accumulated_operating_revenue": 349285, 
        "long_term_average": 87268, 
        "date": "2015-04-30", 
        "operating_revenue": 81456, 
        "short_term_average": 89303
    }, 
    {
        "accumulated_operating_revenue_yoy": 1.4891552939412118, 
        "accumulated_operating_revenue": 433107, 
        "long_term_average": 86768, 
        "date": "2015-05-31", 
        "operating_revenue": 83822, 
        "short_term_average": 87336
    }, 
    {
        "accumulated_operating_revenue_yoy": 0.6199433004898197, 
        "accumulated_operating_revenue": 514994, 
        "long_term_average": 86502, 
        "date": "2015-06-30", 
        "operating_revenue": 81887, 
        "short_term_average": 82388
    }, 
    {
        "accumulated_operating_revenue_yoy": 0.34086500424387095, 
        "accumulated_operating_revenue": 592275, 
        "long_term_average": 86406, 
        "date": "2015-07-31", 
        "operating_revenue": 77281, 
        "short_term_average": 80996
    }, 
    {
        "accumulated_operating_revenue_yoy": -0.6874664004869431, 
        "accumulated_operating_revenue": 670591, 
        "long_term_average": 85851, 
        "date": "2015-08-31", 
        "operating_revenue": 78316, 
        "short_term_average": 79161
    }, 
    {
        "accumulated_operating_revenue_yoy": -0.8259488689500635, 
        "accumulated_operating_revenue": 749735, 
        "long_term_average": 85718, 
        "date": "2015-09-30", 
        "operating_revenue": 79144, 
        "short_term_average": 78247
    }
]