[
    {
        "date": "2012-01-31", 
        "operating_revenue": 98592, 
        "accumulated_operating_revenue": 98592, 
        "long_term_average": 98592, 
        "short_term_average": 98592
    }, 
    {
        "date": "2012-02-29", 
        "operating_revenue": 423530, 
        "accumulated_operating_revenue": 522122, 
        "long_term_average": 261061, 
        "short_term_average": 261061
    }, 
    {
        "date": "2012-03-31", 
        "operating_revenue": 102000, 
        "accumulated_operating_revenue": 624122, 
        "long_term_average": 208040, 
        "short_term_average": 208040
    }, 
    {
        "date": "2012-04-30", 
        "operating_revenue": 166183, 
        "accumulated_operating_revenue": 790305, 
        "long_term_average": 197576, 
        "short_term_average": 230571
    }, 
    {
        "date": "2012-05-31", 
        "operating_revenue": 202844, 
        "accumulated_operating_revenue": 993149, 
        "long_term_average": 198629, 
        "short_term_average": 157009
    }, 
    {
        "date": "2012-06-30", 
        "operating_revenue": 276601, 
        "accumulated_operating_revenue": 1269750, 
        "long_term_average": 211625, 
        "short_term_average": 215209
    }, 
    {
        "date": "2012-07-31", 
        "operating_revenue": 358948, 
        "accumulated_operating_revenue": 1628698, 
        "long_term_average": 232671, 
        "short_term_average": 279464
    }, 
    {
        "date": "2012-08-31", 
        "operating_revenue": 306076, 
        "accumulated_operating_revenue": 1934774, 
        "long_term_average": 241846, 
        "short_term_average": 313875
    }, 
    {
        "date": "2012-09-30", 
        "operating_revenue": 318570, 
        "accumulated_operating_revenue": 2253344, 
        "long_term_average": 250371, 
        "short_term_average": 327864
    }, 
    {
        "date": "2012-10-31", 
        "operating_revenue": 464461, 
        "accumulated_operating_revenue": 2717805, 
        "long_term_average": 271780, 
        "short_term_average": 363035
    }, 
    {
        "date": "2012-11-30", 
        "operating_revenue": 133229, 
        "accumulated_operating_revenue": 2851034, 
        "long_term_average": 259184, 
        "short_term_average": 305420
    }, 
    {
        "date": "2012-12-31", 
        "operating_revenue": 136100, 
        "accumulated_operating_revenue": 2987134, 
        "long_term_average": 248927, 
        "short_term_average": 244596
    }, 
    {
        "accumulated_operating_revenue_yoy": 5.742859461213891, 
        "accumulated_operating_revenue": 104254, 
        "long_term_average": 249399, 
        "date": "2013-01-31", 
        "operating_revenue": 104254, 
        "short_term_average": 124527
    }, 
    {
        "accumulated_operating_revenue_yoy": -10.496588919830998, 
        "accumulated_operating_revenue": 467317, 
        "long_term_average": 244360, 
        "date": "2013-02-28", 
        "operating_revenue": 363063, 
        "short_term_average": 201139
    }, 
    {
        "accumulated_operating_revenue_yoy": 12.334447431752125, 
        "accumulated_operating_revenue": 701104, 
        "long_term_average": 255343, 
        "date": "2013-03-31", 
        "operating_revenue": 233787, 
        "short_term_average": 233701
    }, 
    {
        "accumulated_operating_revenue_yoy": 11.135194640044034, 
        "accumulated_operating_revenue": 878307, 
        "long_term_average": 256261, 
        "date": "2013-04-30", 
        "operating_revenue": 177203, 
        "short_term_average": 258017
    }, 
    {
        "accumulated_operating_revenue_yoy": 13.861968345132503, 
        "accumulated_operating_revenue": 1130819, 
        "long_term_average": 260400, 
        "date": "2013-05-31", 
        "operating_revenue": 252512, 
        "short_term_average": 221167
    }, 
    {
        "accumulated_operating_revenue_yoy": 19.170702894270526, 
        "accumulated_operating_revenue": 1513170, 
        "long_term_average": 269212, 
        "date": "2013-06-30", 
        "operating_revenue": 382351, 
        "short_term_average": 270688
    }, 
    {
        "accumulated_operating_revenue_yoy": 13.971405380248516, 
        "accumulated_operating_revenue": 1856250, 
        "long_term_average": 267890, 
        "date": "2013-07-31", 
        "operating_revenue": 343080, 
        "short_term_average": 325981
    }, 
    {
        "accumulated_operating_revenue_yoy": 16.936138277648965, 
        "accumulated_operating_revenue": 2262450, 
        "long_term_average": 276234, 
        "date": "2013-08-31", 
        "operating_revenue": 406200, 
        "short_term_average": 377210
    }, 
    {
        "accumulated_operating_revenue_yoy": 13.325528636550832, 
        "accumulated_operating_revenue": 2553614, 
        "long_term_average": 273950, 
        "date": "2013-09-30", 
        "operating_revenue": 291164, 
        "short_term_average": 346814
    }, 
    {
        "accumulated_operating_revenue_yoy": 5.021552318874974, 
        "accumulated_operating_revenue": 2854281, 
        "long_term_average": 260300, 
        "date": "2013-10-31", 
        "operating_revenue": 300667, 
        "short_term_average": 332677
    }, 
    {
        "accumulated_operating_revenue_yoy": 5.52732797995394, 
        "accumulated_operating_revenue": 3008620, 
        "long_term_average": 262060, 
        "date": "2013-11-30", 
        "operating_revenue": 154339, 
        "short_term_average": 248723
    }, 
    {
        "accumulated_operating_revenue_yoy": 3.963531599185038, 
        "accumulated_operating_revenue": 3105530, 
        "long_term_average": 258794, 
        "date": "2013-12-31", 
        "operating_revenue": 96910, 
        "short_term_average": 183972
    }, 
    {
        "accumulated_operating_revenue_yoy": 3.336083027989334, 
        "accumulated_operating_revenue": 107732, 
        "long_term_average": 259084, 
        "date": "2014-01-31", 
        "operating_revenue": 107732, 
        "short_term_average": 119660
    }, 
    {
        "accumulated_operating_revenue_yoy": -18.77312402501942, 
        "accumulated_operating_revenue": 379587, 
        "long_term_average": 251483, 
        "date": "2014-02-28", 
        "operating_revenue": 271855, 
        "short_term_average": 158832
    }, 
    {
        "accumulated_operating_revenue_yoy": -26.35800109541523, 
        "accumulated_operating_revenue": 516307, 
        "long_term_average": 243394, 
        "date": "2014-03-31", 
        "operating_revenue": 136720, 
        "short_term_average": 172102
    }, 
    {
        "accumulated_operating_revenue_yoy": -18.80071546737075, 
        "accumulated_operating_revenue": 713179, 
        "long_term_average": 245033, 
        "date": "2014-04-30", 
        "operating_revenue": 196872, 
        "short_term_average": 201815
    }, 
    {
        "accumulated_operating_revenue_yoy": -12.054537463555176, 
        "accumulated_operating_revenue": 994504, 
        "long_term_average": 247434, 
        "date": "2014-05-31", 
        "operating_revenue": 281325, 
        "short_term_average": 204972
    }, 
    {
        "accumulated_operating_revenue_yoy": -11.552832794728946, 
        "accumulated_operating_revenue": 1338356, 
        "long_term_average": 244226, 
        "date": "2014-06-30", 
        "operating_revenue": 343852, 
        "short_term_average": 274016
    }, 
    {
        "accumulated_operating_revenue_yoy": -3.3025185185185184, 
        "accumulated_operating_revenue": 1794947, 
        "long_term_average": 253685, 
        "date": "2014-07-31", 
        "operating_revenue": 456591, 
        "short_term_average": 360589
    }, 
    {
        "accumulated_operating_revenue_yoy": -4.522972883378638, 
        "accumulated_operating_revenue": 2160120, 
        "long_term_average": 250266, 
        "date": "2014-08-31", 
        "operating_revenue": 365173, 
        "short_term_average": 388538
    }, 
    {
        "accumulated_operating_revenue_yoy": -6.15504144322517, 
        "accumulated_operating_revenue": 2396438, 
        "long_term_average": 245696, 
        "date": "2014-09-30", 
        "operating_revenue": 236318, 
        "short_term_average": 352694
    }, 
    {
        "accumulated_operating_revenue_yoy": -6.254710030301852, 
        "accumulated_operating_revenue": 2675754, 
        "long_term_average": 243916, 
        "date": "2014-10-31", 
        "operating_revenue": 279316, 
        "short_term_average": 293602
    }, 
    {
        "accumulated_operating_revenue_yoy": -7.307935199526694, 
        "accumulated_operating_revenue": 2788752, 
        "long_term_average": 240471, 
        "date": "2014-11-30", 
        "operating_revenue": 112998, 
        "short_term_average": 209544
    }, 
    {
        "accumulated_operating_revenue_yoy": -7.188467024952263, 
        "accumulated_operating_revenue": 2882290, 
        "long_term_average": 240190, 
        "date": "2014-12-31", 
        "operating_revenue": 93538, 
        "short_term_average": 161950
    }, 
    {
        "accumulated_operating_revenue_yoy": -4.725615416032377, 
        "accumulated_operating_revenue": 102641, 
        "long_term_average": 239766, 
        "date": "2015-01-31", 
        "operating_revenue": 102641, 
        "short_term_average": 103059
    }, 
    {
        "accumulated_operating_revenue_yoy": 9.707392508173356, 
        "accumulated_operating_revenue": 416435, 
        "long_term_average": 243261, 
        "date": "2015-02-28", 
        "operating_revenue": 313794, 
        "short_term_average": 169991
    }, 
    {
        "accumulated_operating_revenue_yoy": 14.234360564547838, 
        "accumulated_operating_revenue": 589800, 
        "long_term_average": 246315, 
        "date": "2015-03-31", 
        "operating_revenue": 173365, 
        "short_term_average": 196600
    }, 
    {
        "accumulated_operating_revenue_yoy": 14.3338488654321, 
        "accumulated_operating_revenue": 815405, 
        "long_term_average": 248709, 
        "date": "2015-04-30", 
        "operating_revenue": 225605, 
        "short_term_average": 237588
    }, 
    {
        "accumulated_operating_revenue_yoy": 14.117489723520467, 
        "accumulated_operating_revenue": 1134903, 
        "long_term_average": 251890, 
        "date": "2015-05-31", 
        "operating_revenue": 319498, 
        "short_term_average": 239489
    }, 
    {
        "accumulated_operating_revenue_yoy": 9.818538565224797, 
        "accumulated_operating_revenue": 1469763, 
        "long_term_average": 251141, 
        "date": "2015-06-30", 
        "operating_revenue": 334860, 
        "short_term_average": 293321
    }, 
    {
        "accumulated_operating_revenue_yoy": 2.991620365392404, 
        "accumulated_operating_revenue": 1848645, 
        "long_term_average": 244665, 
        "date": "2015-07-31", 
        "operating_revenue": 378882, 
        "short_term_average": 344413
    }, 
    {
        "accumulated_operating_revenue_yoy": -0.6969057274595856, 
        "accumulated_operating_revenue": 2145066, 
        "long_term_average": 238936, 
        "date": "2015-08-31", 
        "operating_revenue": 296421, 
        "short_term_average": 336721
    }, 
    {
        "accumulated_operating_revenue_yoy": 1.314742964349589, 
        "accumulated_operating_revenue": 2427945, 
        "long_term_average": 242816, 
        "date": "2015-09-30", 
        "operating_revenue": 282879, 
        "short_term_average": 319394
    }
]