[
    {
        "date": "2012-01-31", 
        "operating_revenue": 548918, 
        "accumulated_operating_revenue": 548918, 
        "long_term_average": 548918, 
        "short_term_average": 548918
    }, 
    {
        "date": "2012-02-29", 
        "operating_revenue": 604527, 
        "accumulated_operating_revenue": 1153445, 
        "long_term_average": 576722, 
        "short_term_average": 576722
    }, 
    {
        "date": "2012-03-31", 
        "operating_revenue": 627697, 
        "accumulated_operating_revenue": 1781142, 
        "long_term_average": 593714, 
        "short_term_average": 593714
    }, 
    {
        "date": "2012-04-30", 
        "operating_revenue": 503010, 
        "accumulated_operating_revenue": 2284152, 
        "long_term_average": 571038, 
        "short_term_average": 578411
    }, 
    {
        "date": "2012-05-31", 
        "operating_revenue": 561823, 
        "accumulated_operating_revenue": 2845975, 
        "long_term_average": 569195, 
        "short_term_average": 564176
    }, 
    {
        "date": "2012-06-30", 
        "operating_revenue": 618437, 
        "accumulated_operating_revenue": 3464412, 
        "long_term_average": 577402, 
        "short_term_average": 561090
    }, 
    {
        "date": "2012-07-31", 
        "operating_revenue": 536941, 
        "accumulated_operating_revenue": 4001353, 
        "long_term_average": 571621, 
        "short_term_average": 572400
    }, 
    {
        "date": "2012-08-31", 
        "operating_revenue": 554342, 
        "accumulated_operating_revenue": 4555695, 
        "long_term_average": 569461, 
        "short_term_average": 569906
    }, 
    {
        "date": "2012-09-30", 
        "operating_revenue": 552467, 
        "accumulated_operating_revenue": 5108162, 
        "long_term_average": 567573, 
        "short_term_average": 547916
    }, 
    {
        "date": "2012-10-31", 
        "operating_revenue": 708988, 
        "accumulated_operating_revenue": 5817150, 
        "long_term_average": 581715, 
        "short_term_average": 605265
    }, 
    {
        "date": "2012-11-30", 
        "operating_revenue": 549348, 
        "accumulated_operating_revenue": 6366498, 
        "long_term_average": 578772, 
        "short_term_average": 603601
    }, 
    {
        "date": "2012-12-31", 
        "operating_revenue": 542772, 
        "accumulated_operating_revenue": 6909270, 
        "long_term_average": 575772, 
        "short_term_average": 600369
    }, 
    {
        "accumulated_operating_revenue_yoy": 16.057043128481848, 
        "accumulated_operating_revenue": 637058, 
        "long_term_average": 583117, 
        "date": "2013-01-31", 
        "operating_revenue": 637058, 
        "short_term_average": 576392
    }, 
    {
        "accumulated_operating_revenue_yoy": 3.735071893328247, 
        "accumulated_operating_revenue": 1196527, 
        "long_term_average": 579362, 
        "date": "2013-02-28", 
        "operating_revenue": 559469, 
        "short_term_average": 579766
    }, 
    {
        "accumulated_operating_revenue_yoy": 2.858727715140062, 
        "accumulated_operating_revenue": 1832060, 
        "long_term_average": 580015, 
        "date": "2013-03-31", 
        "operating_revenue": 635533, 
        "short_term_average": 610686
    }, 
    {
        "accumulated_operating_revenue_yoy": 6.668645519212382, 
        "accumulated_operating_revenue": 2436474, 
        "long_term_average": 588466, 
        "date": "2013-04-30", 
        "operating_revenue": 604414, 
        "short_term_average": 599805
    }, 
    {
        "accumulated_operating_revenue_yoy": 7.267913456723969, 
        "accumulated_operating_revenue": 3052818, 
        "long_term_average": 593009, 
        "date": "2013-05-31", 
        "operating_revenue": 616344, 
        "short_term_average": 618763
    }, 
    {
        "accumulated_operating_revenue_yoy": 3.0191559202542884, 
        "accumulated_operating_revenue": 3569008, 
        "long_term_average": 584488, 
        "date": "2013-06-30", 
        "operating_revenue": 516190, 
        "short_term_average": 578982
    }, 
    {
        "accumulated_operating_revenue_yoy": 2.1732149100566733, 
        "accumulated_operating_revenue": 4088311, 
        "long_term_average": 583019, 
        "date": "2013-07-31", 
        "operating_revenue": 519303, 
        "short_term_average": 550612
    }, 
    {
        "accumulated_operating_revenue_yoy": 1.5506525349041145, 
        "accumulated_operating_revenue": 4626338, 
        "long_term_average": 581659, 
        "date": "2013-08-31", 
        "operating_revenue": 538027, 
        "short_term_average": 524506
    }, 
    {
        "accumulated_operating_revenue_yoy": 1.5984418661741737, 
        "accumulated_operating_revenue": 5189813, 
        "long_term_average": 582576, 
        "date": "2013-09-30", 
        "operating_revenue": 563475, 
        "short_term_average": 540268
    }, 
    {
        "accumulated_operating_revenue_yoy": -0.7011680977798407, 
        "accumulated_operating_revenue": 5776362, 
        "long_term_average": 572373, 
        "date": "2013-10-31", 
        "operating_revenue": 586549, 
        "short_term_average": 562683
    }, 
    {
        "accumulated_operating_revenue_yoy": 0.21693244857690994, 
        "accumulated_operating_revenue": 6380309, 
        "long_term_average": 576923, 
        "date": "2013-11-30", 
        "operating_revenue": 603947, 
        "short_term_average": 584657
    }, 
    {
        "accumulated_operating_revenue_yoy": 6.560099692152717, 
        "accumulated_operating_revenue": 7362525, 
        "long_term_average": 613543, 
        "date": "2013-12-31", 
        "operating_revenue": 982216, 
        "short_term_average": 724237
    }, 
    {
        "accumulated_operating_revenue_yoy": 4.868002599449343, 
        "accumulated_operating_revenue": 668070, 
        "long_term_average": 616128, 
        "date": "2014-01-31", 
        "operating_revenue": 668070, 
        "short_term_average": 751411
    }, 
    {
        "accumulated_operating_revenue_yoy": 6.717190669328815, 
        "accumulated_operating_revenue": 1276900, 
        "long_term_average": 620241, 
        "date": "2014-02-28", 
        "operating_revenue": 608830, 
        "short_term_average": 753038
    }, 
    {
        "accumulated_operating_revenue_yoy": 7.828837483488532, 
        "accumulated_operating_revenue": 1975489, 
        "long_term_average": 625496, 
        "date": "2014-03-31", 
        "operating_revenue": 698589, 
        "short_term_average": 658496
    }, 
    {
        "accumulated_operating_revenue_yoy": 7.484175903375123, 
        "accumulated_operating_revenue": 2618824, 
        "long_term_average": 628739, 
        "date": "2014-04-30", 
        "operating_revenue": 643335, 
        "short_term_average": 650251
    }, 
    {
        "accumulated_operating_revenue_yoy": 11.872276696481743, 
        "accumulated_operating_revenue": 3415257, 
        "long_term_average": 643747, 
        "date": "2014-05-31", 
        "operating_revenue": 796433, 
        "short_term_average": 712785
    }, 
    {
        "accumulated_operating_revenue_yoy": 15.90660486051026, 
        "accumulated_operating_revenue": 4136716, 
        "long_term_average": 660852, 
        "date": "2014-06-30", 
        "operating_revenue": 721459, 
        "short_term_average": 720409
    }, 
    {
        "accumulated_operating_revenue_yoy": 18.130005276017407, 
        "accumulated_operating_revenue": 4829522, 
        "long_term_average": 675311, 
        "date": "2014-07-31", 
        "operating_revenue": 692806, 
        "short_term_average": 736899
    }, 
    {
        "accumulated_operating_revenue_yoy": 18.16209710574541, 
        "accumulated_operating_revenue": 5466578, 
        "long_term_average": 683563, 
        "date": "2014-08-31", 
        "operating_revenue": 637056, 
        "short_term_average": 683773
    }, 
    {
        "accumulated_operating_revenue_yoy": 16.449301737846817, 
        "accumulated_operating_revenue": 6043501, 
        "long_term_average": 684684, 
        "date": "2014-09-30", 
        "operating_revenue": 576923, 
        "short_term_average": 635595
    }, 
    {
        "accumulated_operating_revenue_yoy": 14.773035346468937, 
        "accumulated_operating_revenue": 6629706, 
        "long_term_average": 684655, 
        "date": "2014-10-31", 
        "operating_revenue": 586205, 
        "short_term_average": 600061
    }, 
    {
        "accumulated_operating_revenue_yoy": 13.33074934145039, 
        "accumulated_operating_revenue": 7230852, 
        "long_term_average": 684422, 
        "date": "2014-11-30", 
        "operating_revenue": 601146, 
        "short_term_average": 588091
    }, 
    {
        "accumulated_operating_revenue_yoy": 7.6712540874224535, 
        "accumulated_operating_revenue": 7927323, 
        "long_term_average": 660610, 
        "date": "2014-12-31", 
        "operating_revenue": 696471, 
        "short_term_average": 627940
    }, 
    {
        "accumulated_operating_revenue_yoy": -13.516547667160628, 
        "accumulated_operating_revenue": 577770, 
        "long_term_average": 653085, 
        "date": "2015-01-31", 
        "operating_revenue": 577770, 
        "short_term_average": 625129
    }, 
    {
        "accumulated_operating_revenue_yoy": -16.618529250528624, 
        "accumulated_operating_revenue": 1064698, 
        "long_term_average": 642926, 
        "date": "2015-02-28", 
        "operating_revenue": 486928, 
        "short_term_average": 587056
    }, 
    {
        "accumulated_operating_revenue_yoy": -5.974571359293825, 
        "accumulated_operating_revenue": 1857462, 
        "long_term_average": 650774, 
        "date": "2015-03-31", 
        "operating_revenue": 792764, 
        "short_term_average": 619154
    }, 
    {
        "accumulated_operating_revenue_yoy": -3.169628810488983, 
        "accumulated_operating_revenue": 2535817, 
        "long_term_average": 653693, 
        "date": "2015-04-30", 
        "operating_revenue": 678355, 
        "short_term_average": 652682
    }, 
    {
        "accumulated_operating_revenue_yoy": -7.2288556908016, 
        "accumulated_operating_revenue": 3168373, 
        "long_term_average": 640036, 
        "date": "2015-05-31", 
        "operating_revenue": 632556, 
        "short_term_average": 701225
    }, 
    {
        "accumulated_operating_revenue_yoy": -10.033055206110355, 
        "accumulated_operating_revenue": 3721677, 
        "long_term_average": 626023, 
        "date": "2015-06-30", 
        "operating_revenue": 553304, 
        "short_term_average": 621405
    }, 
    {
        "accumulated_operating_revenue_yoy": -10.282839585366833, 
        "accumulated_operating_revenue": 4332910, 
        "long_term_average": 619225, 
        "date": "2015-07-31", 
        "operating_revenue": 611233, 
        "short_term_average": 599031
    }, 
    {
        "accumulated_operating_revenue_yoy": -8.797221954941465, 
        "accumulated_operating_revenue": 4985671, 
        "long_term_average": 620534, 
        "date": "2015-08-31", 
        "operating_revenue": 652761, 
        "short_term_average": 605766
    }
]