[
    {
        "date": "2011-09-30", 
        "operating_revenue": 1493904, 
        "accumulated_operating_revenue": 1493904, 
        "long_term_average": 1493904, 
        "short_term_average": 1493904
    }, 
    {
        "date": "2011-10-31", 
        "operating_revenue": 1494819, 
        "accumulated_operating_revenue": 2988723, 
        "long_term_average": 1494361, 
        "short_term_average": 1494361
    }, 
    {
        "date": "2011-11-30", 
        "operating_revenue": 1546644, 
        "accumulated_operating_revenue": 4535367, 
        "long_term_average": 1511789, 
        "short_term_average": 1511789
    }, 
    {
        "date": "2011-12-31", 
        "operating_revenue": 1773765, 
        "accumulated_operating_revenue": 6309132, 
        "long_term_average": 1577283, 
        "short_term_average": 1605076
    }, 
    {
        "date": "2012-01-31", 
        "operating_revenue": 1442130, 
        "accumulated_operating_revenue": 1442130, 
        "long_term_average": 1550252, 
        "short_term_average": 1587513
    }, 
    {
        "date": "2012-02-29", 
        "operating_revenue": 1525658, 
        "accumulated_operating_revenue": 2967788, 
        "long_term_average": 1546153, 
        "short_term_average": 1580517
    }, 
    {
        "date": "2012-03-31", 
        "operating_revenue": 1696599, 
        "accumulated_operating_revenue": 4664387, 
        "long_term_average": 1567645, 
        "short_term_average": 1554795
    }, 
    {
        "date": "2012-04-30", 
        "operating_revenue": 1602973, 
        "accumulated_operating_revenue": 6267360, 
        "long_term_average": 1572061, 
        "short_term_average": 1608410
    }, 
    {
        "date": "2012-05-31", 
        "operating_revenue": 1645636, 
        "accumulated_operating_revenue": 7912996, 
        "long_term_average": 1580236, 
        "short_term_average": 1648402
    }, 
    {
        "date": "2012-06-30", 
        "operating_revenue": 1836705, 
        "accumulated_operating_revenue": 9749701, 
        "long_term_average": 1605883, 
        "short_term_average": 1695104
    }, 
    {
        "date": "2012-07-31", 
        "operating_revenue": 1780714, 
        "accumulated_operating_revenue": 11530415, 
        "long_term_average": 1621777, 
        "short_term_average": 1754351
    }, 
    {
        "date": "2012-08-31", 
        "operating_revenue": 1717587, 
        "accumulated_operating_revenue": 13248002, 
        "long_term_average": 1629761, 
        "short_term_average": 1778335
    }, 
    {
        "accumulated_operating_revenue_yoy": 916.627574462616, 
        "accumulated_operating_revenue": 15187440, 
        "long_term_average": 1666889, 
        "date": "2012-09-30", 
        "operating_revenue": 1939438, 
        "short_term_average": 1812579
    }, 
    {
        "accumulated_operating_revenue_yoy": 471.7191255261863, 
        "accumulated_operating_revenue": 17087101, 
        "long_term_average": 1700625, 
        "date": "2012-10-31", 
        "operating_revenue": 1899661, 
        "short_term_average": 1852228
    }, 
    {
        "accumulated_operating_revenue_yoy": 325.39507828142683, 
        "accumulated_operating_revenue": 19293228, 
        "long_term_average": 1755582, 
        "date": "2012-11-30", 
        "operating_revenue": 2206127, 
        "short_term_average": 2015075
    }, 
    {
        "accumulated_operating_revenue_yoy": 239.3905056987237, 
        "accumulated_operating_revenue": 21412595, 
        "long_term_average": 1784382, 
        "date": "2012-12-31", 
        "operating_revenue": 2119367, 
        "short_term_average": 2075051
    }, 
    {
        "accumulated_operating_revenue_yoy": 58.57225076796128, 
        "accumulated_operating_revenue": 2286818, 
        "long_term_average": 1854773, 
        "date": "2013-01-31", 
        "operating_revenue": 2286818, 
        "short_term_average": 2204104
    }, 
    {
        "accumulated_operating_revenue_yoy": 43.023861542670836, 
        "accumulated_operating_revenue": 4244645, 
        "long_term_average": 1890787, 
        "date": "2013-02-28", 
        "operating_revenue": 1957827, 
        "short_term_average": 2121337
    }, 
    {
        "accumulated_operating_revenue_yoy": 39.114314485483305, 
        "accumulated_operating_revenue": 6488830, 
        "long_term_average": 1936419, 
        "date": "2013-03-31", 
        "operating_revenue": 2244185, 
        "short_term_average": 2162943
    }, 
    {
        "accumulated_operating_revenue_yoy": 42.07120701539404, 
        "accumulated_operating_revenue": 8904114, 
        "long_term_average": 2004112, 
        "date": "2013-04-30", 
        "operating_revenue": 2415284, 
        "short_term_average": 2205765
    }, 
    {
        "accumulated_operating_revenue_yoy": 42.490189556521955, 
        "accumulated_operating_revenue": 11275243, 
        "long_term_average": 2064570, 
        "date": "2013-05-31", 
        "operating_revenue": 2371129, 
        "short_term_average": 2343532
    }, 
    {
        "accumulated_operating_revenue_yoy": 38.340621932918765, 
        "accumulated_operating_revenue": 13487797, 
        "long_term_average": 2095890, 
        "date": "2013-06-30", 
        "operating_revenue": 2212554, 
        "short_term_average": 2332989
    }, 
    {
        "accumulated_operating_revenue_yoy": 38.26300267596613, 
        "accumulated_operating_revenue": 15942298, 
        "long_term_average": 2152039, 
        "date": "2013-07-31", 
        "operating_revenue": 2454501, 
        "short_term_average": 2346061
    }, 
    {
        "accumulated_operating_revenue_yoy": 38.958017971313716, 
        "accumulated_operating_revenue": 18409161, 
        "long_term_average": 2214479, 
        "date": "2013-08-31", 
        "operating_revenue": 2466863, 
        "short_term_average": 2377972
    }, 
    {
        "accumulated_operating_revenue_yoy": 37.746506323646386, 
        "accumulated_operating_revenue": 20920168, 
        "long_term_average": 2262110, 
        "date": "2013-09-30", 
        "operating_revenue": 2511007, 
        "short_term_average": 2477457
    }, 
    {
        "accumulated_operating_revenue_yoy": 37.26075593513493, 
        "accumulated_operating_revenue": 23453884, 
        "long_term_average": 2314948, 
        "date": "2013-10-31", 
        "operating_revenue": 2533716, 
        "short_term_average": 2503862
    }, 
    {
        "accumulated_operating_revenue_yoy": 37.53645579682156, 
        "accumulated_operating_revenue": 26535222, 
        "long_term_average": 2387882, 
        "date": "2013-11-30", 
        "operating_revenue": 3081338, 
        "short_term_average": 2708687
    }, 
    {
        "accumulated_operating_revenue_yoy": 42.02706397799986, 
        "accumulated_operating_revenue": 30411680, 
        "long_term_average": 2534306, 
        "date": "2013-12-31", 
        "operating_revenue": 3876458, 
        "short_term_average": 3163837
    }, 
    {
        "accumulated_operating_revenue_yoy": 36.5322032623497, 
        "accumulated_operating_revenue": 3122243, 
        "long_term_average": 2603925, 
        "date": "2014-01-31", 
        "operating_revenue": 3122243, 
        "short_term_average": 3360013
    }, 
    {
        "accumulated_operating_revenue_yoy": 29.867633217854493, 
        "accumulated_operating_revenue": 5512420, 
        "long_term_average": 2639954, 
        "date": "2014-02-28", 
        "operating_revenue": 2390177, 
        "short_term_average": 3129626
    }, 
    {
        "accumulated_operating_revenue_yoy": 30.17638002536667, 
        "accumulated_operating_revenue": 8446924, 
        "long_term_average": 2697481, 
        "date": "2014-03-31", 
        "operating_revenue": 2934504, 
        "short_term_average": 2815641
    }, 
    {
        "accumulated_operating_revenue_yoy": 25.306156232950293, 
        "accumulated_operating_revenue": 11157403, 
        "long_term_average": 2722080, 
        "date": "2014-04-30", 
        "operating_revenue": 2710479, 
        "short_term_average": 2678386
    }, 
    {
        "accumulated_operating_revenue_yoy": 23.303409070651515, 
        "accumulated_operating_revenue": 13902759, 
        "long_term_average": 2753266, 
        "date": "2014-05-31", 
        "operating_revenue": 2745356, 
        "short_term_average": 2796779
    }, 
    {
        "accumulated_operating_revenue_yoy": 25.016939386024273, 
        "accumulated_operating_revenue": 16862031, 
        "long_term_average": 2815492, 
        "date": "2014-06-30", 
        "operating_revenue": 2959272, 
        "short_term_average": 2805035
    }, 
    {
        "accumulated_operating_revenue_yoy": 24.772564156058305, 
        "accumulated_operating_revenue": 19891614, 
        "long_term_average": 2863416, 
        "date": "2014-07-31", 
        "operating_revenue": 3029583, 
        "short_term_average": 2911403
    }, 
    {
        "accumulated_operating_revenue_yoy": 24.28875493022197, 
        "accumulated_operating_revenue": 22880517, 
        "long_term_average": 2906919, 
        "date": "2014-08-31", 
        "operating_revenue": 2988903, 
        "short_term_average": 2992586
    }, 
    {
        "accumulated_operating_revenue_yoy": 23.762901904038248, 
        "accumulated_operating_revenue": 25891407, 
        "long_term_average": 2948576, 
        "date": "2014-09-30", 
        "operating_revenue": 3010890, 
        "short_term_average": 3009792
    }, 
    {
        "accumulated_operating_revenue_yoy": 21.787257070086984, 
        "accumulated_operating_revenue": 28563842, 
        "long_term_average": 2960136, 
        "date": "2014-10-31", 
        "operating_revenue": 2672435, 
        "short_term_average": 2890742
    }, 
    {
        "accumulated_operating_revenue_yoy": 18.969541690663075, 
        "accumulated_operating_revenue": 31568832, 
        "long_term_average": 2953774, 
        "date": "2014-11-30", 
        "operating_revenue": 3004990, 
        "short_term_average": 2896105
    }, 
    {
        "accumulated_operating_revenue_yoy": 13.616459202516928, 
        "accumulated_operating_revenue": 34552674, 
        "long_term_average": 2879389, 
        "date": "2014-12-31", 
        "operating_revenue": 2983842, 
        "short_term_average": 2887089
    }, 
    {
        "accumulated_operating_revenue_yoy": -4.05910110135566, 
        "accumulated_operating_revenue": 2995508, 
        "long_term_average": 2868828, 
        "date": "2015-01-31", 
        "operating_revenue": 2995508, 
        "short_term_average": 2994780
    }, 
    {
        "accumulated_operating_revenue_yoy": 5.076626962386756, 
        "accumulated_operating_revenue": 5792265, 
        "long_term_average": 2902709, 
        "date": "2015-02-28", 
        "operating_revenue": 2796757, 
        "short_term_average": 2925369
    }, 
    {
        "accumulated_operating_revenue_yoy": 0.6644430564309565, 
        "accumulated_operating_revenue": 8503049, 
        "long_term_average": 2884066, 
        "date": "2015-03-31", 
        "operating_revenue": 2710784, 
        "short_term_average": 2834349
    }, 
    {
        "accumulated_operating_revenue_yoy": 2.641896147338229, 
        "accumulated_operating_revenue": 11452170, 
        "long_term_average": 2903953, 
        "date": "2015-04-30", 
        "operating_revenue": 2949121, 
        "short_term_average": 2818887
    }, 
    {
        "accumulated_operating_revenue_yoy": 3.797569964350241, 
        "accumulated_operating_revenue": 14430726, 
        "long_term_average": 2923386, 
        "date": "2015-05-31", 
        "operating_revenue": 2978556, 
        "short_term_average": 2879487
    }, 
    {
        "accumulated_operating_revenue_yoy": 4.348693226812357, 
        "accumulated_operating_revenue": 17595309, 
        "long_term_average": 2940496, 
        "date": "2015-06-30", 
        "operating_revenue": 3164583, 
        "short_term_average": 3030753
    }, 
    {
        "accumulated_operating_revenue_yoy": 3.5825298037655466, 
        "accumulated_operating_revenue": 20604237, 
        "long_term_average": 2938774, 
        "date": "2015-07-31", 
        "operating_revenue": 3008928, 
        "short_term_average": 3050689
    }, 
    {
        "accumulated_operating_revenue_yoy": 3.679860031134786, 
        "accumulated_operating_revenue": 23722488, 
        "long_term_average": 2949553, 
        "date": "2015-08-31", 
        "operating_revenue": 3118251, 
        "short_term_average": 3097254
    }, 
    {
        "accumulated_operating_revenue_yoy": 3.9301610762211574, 
        "accumulated_operating_revenue": 26908981, 
        "long_term_average": 2964187, 
        "date": "2015-09-30", 
        "operating_revenue": 3186493, 
        "short_term_average": 3104557
    }
]