[
    {
        "date": "2012-07-31", 
        "operating_revenue": 76376, 
        "accumulated_operating_revenue": 76376, 
        "long_term_average": 76376, 
        "short_term_average": 76376
    }, 
    {
        "date": "2012-08-31", 
        "operating_revenue": 42391, 
        "accumulated_operating_revenue": 118767, 
        "long_term_average": 59383, 
        "short_term_average": 59383
    }, 
    {
        "date": "2012-09-30", 
        "operating_revenue": 41913, 
        "accumulated_operating_revenue": 160680, 
        "long_term_average": 53560, 
        "short_term_average": 53560
    }, 
    {
        "date": "2012-10-31", 
        "operating_revenue": 32729, 
        "accumulated_operating_revenue": 193409, 
        "long_term_average": 48352, 
        "short_term_average": 39011
    }, 
    {
        "date": "2012-11-30", 
        "operating_revenue": 32702, 
        "accumulated_operating_revenue": 226111, 
        "long_term_average": 45222, 
        "short_term_average": 35781
    }, 
    {
        "date": "2012-12-31", 
        "operating_revenue": 49363, 
        "accumulated_operating_revenue": 275474, 
        "long_term_average": 45912, 
        "short_term_average": 38264
    }, 
    {
        "date": "2013-01-31", 
        "operating_revenue": 53195, 
        "accumulated_operating_revenue": 53195, 
        "long_term_average": 46952, 
        "short_term_average": 45086
    }, 
    {
        "date": "2013-02-28", 
        "operating_revenue": 30786, 
        "accumulated_operating_revenue": 83981, 
        "long_term_average": 44931, 
        "short_term_average": 44448
    }, 
    {
        "date": "2013-03-31", 
        "operating_revenue": 58528, 
        "accumulated_operating_revenue": 142509, 
        "long_term_average": 46442, 
        "short_term_average": 47503
    }, 
    {
        "date": "2013-04-30", 
        "operating_revenue": 28292, 
        "accumulated_operating_revenue": 170801, 
        "long_term_average": 44627, 
        "short_term_average": 39202
    }, 
    {
        "date": "2013-05-31", 
        "operating_revenue": 27902, 
        "accumulated_operating_revenue": 198703, 
        "long_term_average": 43107, 
        "short_term_average": 38240
    }, 
    {
        "date": "2013-06-30", 
        "operating_revenue": 37220, 
        "accumulated_operating_revenue": 235923, 
        "long_term_average": 42616, 
        "short_term_average": 31138
    }, 
    {
        "accumulated_operating_revenue_yoy": 250.40064941866555, 
        "accumulated_operating_revenue": 267622, 
        "long_term_average": 38893, 
        "date": "2013-07-31", 
        "operating_revenue": 31699, 
        "short_term_average": 32273
    }, 
    {
        "accumulated_operating_revenue_yoy": 146.57270117120075, 
        "accumulated_operating_revenue": 292847, 
        "long_term_average": 37462, 
        "date": "2013-08-31", 
        "operating_revenue": 25225, 
        "short_term_average": 31381
    }, 
    {
        "accumulated_operating_revenue_yoy": 113.38374408762759, 
        "accumulated_operating_revenue": 342865, 
        "long_term_average": 38138, 
        "date": "2013-09-30", 
        "operating_revenue": 50018, 
        "short_term_average": 35647
    }, 
    {
        "accumulated_operating_revenue_yoy": 101.67262123272442, 
        "accumulated_operating_revenue": 390053, 
        "long_term_average": 39343, 
        "date": "2013-10-31", 
        "operating_revenue": 47188, 
        "short_term_average": 40810
    }, 
    {
        "accumulated_operating_revenue_yoy": 88.86520337356431, 
        "accumulated_operating_revenue": 427045, 
        "long_term_average": 39700, 
        "date": "2013-11-30", 
        "operating_revenue": 36992, 
        "short_term_average": 44732
    }, 
    {
        "accumulated_operating_revenue_yoy": 76.72484517595127, 
        "accumulated_operating_revenue": 486831, 
        "long_term_average": 40569, 
        "date": "2013-12-31", 
        "operating_revenue": 59786, 
        "short_term_average": 47988
    }, 
    {
        "accumulated_operating_revenue_yoy": -23.049158755522136, 
        "accumulated_operating_revenue": 40934, 
        "long_term_average": 39547, 
        "date": "2014-01-31", 
        "operating_revenue": 40934, 
        "short_term_average": 45904
    }, 
    {
        "accumulated_operating_revenue_yoy": -9.692668579797811, 
        "accumulated_operating_revenue": 75841, 
        "long_term_average": 39890, 
        "date": "2014-02-28", 
        "operating_revenue": 34907, 
        "short_term_average": 45209
    }, 
    {
        "accumulated_operating_revenue_yoy": -5.184233978204885, 
        "accumulated_operating_revenue": 135121, 
        "long_term_average": 39953, 
        "date": "2014-03-31", 
        "operating_revenue": 59280, 
        "short_term_average": 45040
    }, 
    {
        "accumulated_operating_revenue_yoy": 1.481255964543533, 
        "accumulated_operating_revenue": 173331, 
        "long_term_average": 40780, 
        "date": "2014-04-30", 
        "operating_revenue": 38210, 
        "short_term_average": 44132
    }, 
    {
        "accumulated_operating_revenue_yoy": 6.787013784391781, 
        "accumulated_operating_revenue": 212189, 
        "long_term_average": 41693, 
        "date": "2014-05-31", 
        "operating_revenue": 38858, 
        "short_term_average": 45449
    }, 
    {
        "accumulated_operating_revenue_yoy": 8.100524323614062, 
        "accumulated_operating_revenue": 255034, 
        "long_term_average": 42161, 
        "date": "2014-06-30", 
        "operating_revenue": 42845, 
        "short_term_average": 39971
    }, 
    {
        "accumulated_operating_revenue_yoy": 8.60654206305909, 
        "accumulated_operating_revenue": 290655, 
        "long_term_average": 42488, 
        "date": "2014-07-31", 
        "operating_revenue": 35621, 
        "short_term_average": 39108
    }, 
    {
        "accumulated_operating_revenue_yoy": 11.904168388271009, 
        "accumulated_operating_revenue": 327708, 
        "long_term_average": 43474, 
        "date": "2014-08-31", 
        "operating_revenue": 37053, 
        "short_term_average": 38506
    }, 
    {
        "accumulated_operating_revenue_yoy": 11.360447989733569, 
        "accumulated_operating_revenue": 381816, 
        "long_term_average": 43815, 
        "date": "2014-09-30", 
        "operating_revenue": 54108, 
        "short_term_average": 42260
    }, 
    {
        "accumulated_operating_revenue_yoy": 12.328324612296278, 
        "accumulated_operating_revenue": 438140, 
        "long_term_average": 44576, 
        "date": "2014-10-31", 
        "operating_revenue": 56324, 
        "short_term_average": 49161
    }, 
    {
        "accumulated_operating_revenue_yoy": 10.109707407884414, 
        "accumulated_operating_revenue": 470218, 
        "long_term_average": 44167, 
        "date": "2014-11-30", 
        "operating_revenue": 32078, 
        "short_term_average": 47503
    }, 
    {
        "accumulated_operating_revenue_yoy": 7.316296620387773, 
        "accumulated_operating_revenue": 522449, 
        "long_term_average": 43537, 
        "date": "2014-12-31", 
        "operating_revenue": 52231, 
        "short_term_average": 46877
    }, 
    {
        "accumulated_operating_revenue_yoy": 30.654223872575365, 
        "accumulated_operating_revenue": 53482, 
        "long_term_average": 44583, 
        "date": "2015-01-31", 
        "operating_revenue": 53482, 
        "short_term_average": 45930
    }, 
    {
        "accumulated_operating_revenue_yoy": 10.772537281945121, 
        "accumulated_operating_revenue": 84011, 
        "long_term_average": 44218, 
        "date": "2015-02-28", 
        "operating_revenue": 30529, 
        "short_term_average": 45414
    }, 
    {
        "accumulated_operating_revenue_yoy": 10.685977753272992, 
        "accumulated_operating_revenue": 149560, 
        "long_term_average": 44740, 
        "date": "2015-03-31", 
        "operating_revenue": 65549, 
        "short_term_average": 49853
    }, 
    {
        "accumulated_operating_revenue_yoy": 7.899914037304348, 
        "accumulated_operating_revenue": 187024, 
        "long_term_average": 44678, 
        "date": "2015-04-30", 
        "operating_revenue": 37464, 
        "short_term_average": 44514
    }, 
    {
        "accumulated_operating_revenue_yoy": 6.556419041514876, 
        "accumulated_operating_revenue": 226101, 
        "long_term_average": 44696, 
        "date": "2015-05-31", 
        "operating_revenue": 39077, 
        "short_term_average": 47363
    }, 
    {
        "accumulated_operating_revenue_yoy": 7.738968137581656, 
        "accumulated_operating_revenue": 274771, 
        "long_term_average": 45182, 
        "date": "2015-06-30", 
        "operating_revenue": 48670, 
        "short_term_average": 41737
    }, 
    {
        "accumulated_operating_revenue_yoy": 11.267310041114035, 
        "accumulated_operating_revenue": 323404, 
        "long_term_average": 46266, 
        "date": "2015-07-31", 
        "operating_revenue": 48633, 
        "short_term_average": 45460
    }, 
    {
        "accumulated_operating_revenue_yoy": 15.958109048299097, 
        "accumulated_operating_revenue": 380004, 
        "long_term_average": 47895, 
        "date": "2015-08-31", 
        "operating_revenue": 56600, 
        "short_term_average": 51301
    }
]