[
    {
        "date": "2012-01-31", 
        "operating_revenue": 2856487, 
        "accumulated_operating_revenue": 2856487, 
        "long_term_average": 2856487, 
        "short_term_average": 2856487
    }, 
    {
        "date": "2012-02-29", 
        "operating_revenue": 2724848, 
        "accumulated_operating_revenue": 5581335, 
        "long_term_average": 2790667, 
        "short_term_average": 2790667
    }, 
    {
        "date": "2012-03-31", 
        "operating_revenue": 2787897, 
        "accumulated_operating_revenue": 8369232, 
        "long_term_average": 2789744, 
        "short_term_average": 2789744
    }, 
    {
        "date": "2012-04-30", 
        "operating_revenue": 3109848, 
        "accumulated_operating_revenue": 11479080, 
        "long_term_average": 2869770, 
        "short_term_average": 2874197
    }, 
    {
        "date": "2012-05-31", 
        "operating_revenue": 3219300, 
        "accumulated_operating_revenue": 14698380, 
        "long_term_average": 2939676, 
        "short_term_average": 3039015
    }, 
    {
        "date": "2012-06-30", 
        "operating_revenue": 3582871, 
        "accumulated_operating_revenue": 18281251, 
        "long_term_average": 3046875, 
        "short_term_average": 3304006
    }, 
    {
        "date": "2012-07-31", 
        "operating_revenue": 2705078, 
        "accumulated_operating_revenue": 20986329, 
        "long_term_average": 2998047, 
        "short_term_average": 3169083
    }, 
    {
        "date": "2012-08-31", 
        "operating_revenue": 2903711, 
        "accumulated_operating_revenue": 23890040, 
        "long_term_average": 2986255, 
        "short_term_average": 3063886
    }, 
    {
        "date": "2012-09-30", 
        "operating_revenue": 2882461, 
        "accumulated_operating_revenue": 26772501, 
        "long_term_average": 2974722, 
        "short_term_average": 2830416
    }, 
    {
        "date": "2012-10-31", 
        "operating_revenue": 3126808, 
        "accumulated_operating_revenue": 29899309, 
        "long_term_average": 2989930, 
        "short_term_average": 2970993
    }, 
    {
        "date": "2012-11-30", 
        "operating_revenue": 2689264, 
        "accumulated_operating_revenue": 32588573, 
        "long_term_average": 2962597, 
        "short_term_average": 2899511
    }, 
    {
        "date": "2012-12-31", 
        "operating_revenue": 3212116, 
        "accumulated_operating_revenue": 35800689, 
        "long_term_average": 2983390, 
        "short_term_average": 3009396
    }, 
    {
        "accumulated_operating_revenue_yoy": 24.133454834557273, 
        "accumulated_operating_revenue": 3545856, 
        "long_term_average": 3040838, 
        "date": "2013-01-31", 
        "operating_revenue": 3545856, 
        "short_term_average": 3149078
    }, 
    {
        "accumulated_operating_revenue_yoy": 13.683070448199222, 
        "accumulated_operating_revenue": 6345033, 
        "long_term_average": 3047032, 
        "date": "2013-02-28", 
        "operating_revenue": 2799177, 
        "short_term_average": 3185716
    }, 
    {
        "accumulated_operating_revenue_yoy": 16.555413925674422, 
        "accumulated_operating_revenue": 9754793, 
        "long_term_average": 3098854, 
        "date": "2013-03-31", 
        "operating_revenue": 3409760, 
        "short_term_average": 3251597
    }, 
    {
        "accumulated_operating_revenue_yoy": 10.840171860462686, 
        "accumulated_operating_revenue": 12723432, 
        "long_term_average": 3087086, 
        "date": "2013-04-30", 
        "operating_revenue": 2968639, 
        "short_term_average": 3059192
    }, 
    {
        "accumulated_operating_revenue_yoy": 7.224272334774308, 
        "accumulated_operating_revenue": 15760231, 
        "long_term_average": 3071878, 
        "date": "2013-05-31", 
        "operating_revenue": 3036799, 
        "short_term_average": 3138399
    }, 
    {
        "accumulated_operating_revenue_yoy": 2.2338132111418414, 
        "accumulated_operating_revenue": 18689620, 
        "long_term_average": 3017421, 
        "date": "2013-06-30", 
        "operating_revenue": 2929389, 
        "short_term_average": 2978275
    }, 
    {
        "accumulated_operating_revenue_yoy": 3.0197182175119814, 
        "accumulated_operating_revenue": 21620057, 
        "long_term_average": 3036201, 
        "date": "2013-07-31", 
        "operating_revenue": 2930437, 
        "short_term_average": 2965541
    }, 
    {
        "accumulated_operating_revenue_yoy": 3.2143562756696933, 
        "accumulated_operating_revenue": 24657951, 
        "long_term_average": 3047383, 
        "date": "2013-08-31", 
        "operating_revenue": 3037894, 
        "short_term_average": 2965906
    }, 
    {
        "accumulated_operating_revenue_yoy": 2.447272296301343, 
        "accumulated_operating_revenue": 27427697, 
        "long_term_average": 3037990, 
        "date": "2013-09-30", 
        "operating_revenue": 2769746, 
        "short_term_average": 2912692
    }, 
    {
        "accumulated_operating_revenue_yoy": 0.19020506460533923, 
        "accumulated_operating_revenue": 29956179, 
        "long_term_average": 2988129, 
        "date": "2013-10-31", 
        "operating_revenue": 2528482, 
        "short_term_average": 2778707
    }, 
    {
        "accumulated_operating_revenue_yoy": -0.568754575415131, 
        "accumulated_operating_revenue": 32403224, 
        "long_term_average": 2967945, 
        "date": "2013-11-30", 
        "operating_revenue": 2447045, 
        "short_term_average": 2581757
    }, 
    {
        "accumulated_operating_revenue_yoy": -2.1615002996171384, 
        "accumulated_operating_revenue": 35026857, 
        "long_term_average": 2918904, 
        "date": "2013-12-31", 
        "operating_revenue": 2623633, 
        "short_term_average": 2533053
    }, 
    {
        "accumulated_operating_revenue_yoy": -7.618470688036965, 
        "accumulated_operating_revenue": 3275716, 
        "long_term_average": 2896393, 
        "date": "2014-01-31", 
        "operating_revenue": 3275716, 
        "short_term_average": 2782131
    }, 
    {
        "accumulated_operating_revenue_yoy": -0.5157735192236195, 
        "accumulated_operating_revenue": 6312307, 
        "long_term_average": 2916177, 
        "date": "2014-02-28", 
        "operating_revenue": 3036591, 
        "short_term_average": 2978646
    }, 
    {
        "accumulated_operating_revenue_yoy": -10.186018298901883, 
        "accumulated_operating_revenue": 8761168, 
        "long_term_average": 2836102, 
        "date": "2014-03-31", 
        "operating_revenue": 2448861, 
        "short_term_average": 2920389
    }, 
    {
        "accumulated_operating_revenue_yoy": -9.290826563147428, 
        "accumulated_operating_revenue": 11541320, 
        "long_term_average": 2820395, 
        "date": "2014-04-30", 
        "operating_revenue": 2780152, 
        "short_term_average": 2755201
    }, 
    {
        "accumulated_operating_revenue_yoy": -10.772824332333709, 
        "accumulated_operating_revenue": 14062409, 
        "long_term_average": 2777419, 
        "date": "2014-05-31", 
        "operating_revenue": 2521089, 
        "short_term_average": 2583367
    }, 
    {
        "accumulated_operating_revenue_yoy": -9.534779198292956, 
        "accumulated_operating_revenue": 16907606, 
        "long_term_average": 2770403, 
        "date": "2014-06-30", 
        "operating_revenue": 2845197, 
        "short_term_average": 2715479
    }, 
    {
        "accumulated_operating_revenue_yoy": -10.079487764532722, 
        "accumulated_operating_revenue": 19440866, 
        "long_term_average": 2737305, 
        "date": "2014-07-31", 
        "operating_revenue": 2533260, 
        "short_term_average": 2633182
    }, 
    {
        "accumulated_operating_revenue_yoy": -1.5659005892257634, 
        "accumulated_operating_revenue": 24271832, 
        "long_term_average": 2886728, 
        "date": "2014-08-31", 
        "operating_revenue": 4830966, 
        "short_term_average": 3403141
    }, 
    {
        "accumulated_operating_revenue_yoy": -1.4569834281018927, 
        "accumulated_operating_revenue": 27028080, 
        "long_term_average": 2885603, 
        "date": "2014-09-30", 
        "operating_revenue": 2756248, 
        "short_term_average": 3373491
    }, 
    {
        "accumulated_operating_revenue_yoy": -1.307816994951192, 
        "accumulated_operating_revenue": 29564407, 
        "long_term_average": 2886257, 
        "date": "2014-10-31", 
        "operating_revenue": 2536327, 
        "short_term_average": 3374513
    }, 
    {
        "accumulated_operating_revenue_yoy": 0.05976257177372227, 
        "accumulated_operating_revenue": 32422589, 
        "long_term_average": 2920518, 
        "date": "2014-11-30", 
        "operating_revenue": 2858182, 
        "short_term_average": 2716919
    }, 
    {
        "accumulated_operating_revenue_yoy": 1.2977441852690352, 
        "accumulated_operating_revenue": 35481416, 
        "long_term_average": 2956784, 
        "date": "2014-12-31", 
        "operating_revenue": 3058827, 
        "short_term_average": 2817778
    }, 
    {
        "accumulated_operating_revenue_yoy": 2.4255765762355463, 
        "accumulated_operating_revenue": 3355171, 
        "long_term_average": 2963405, 
        "date": "2015-01-31", 
        "operating_revenue": 3355171, 
        "short_term_average": 3090726
    }, 
    {
        "accumulated_operating_revenue_yoy": 2.931669831647922, 
        "accumulated_operating_revenue": 6497363, 
        "long_term_average": 2972206, 
        "date": "2015-02-28", 
        "operating_revenue": 3142192, 
        "short_term_average": 3185396
    }, 
    {
        "accumulated_operating_revenue_yoy": 8.645959077602438, 
        "accumulated_operating_revenue": 9518655, 
        "long_term_average": 3019908, 
        "date": "2015-03-31", 
        "operating_revenue": 3021292, 
        "short_term_average": 3172885
    }, 
    {
        "accumulated_operating_revenue_yoy": 13.219215826265973, 
        "accumulated_operating_revenue": 13066992, 
        "long_term_average": 3083924, 
        "date": "2015-04-30", 
        "operating_revenue": 3548337, 
        "short_term_average": 3237273
    }, 
    {
        "accumulated_operating_revenue_yoy": 17.433058589036914, 
        "accumulated_operating_revenue": 16513917, 
        "long_term_average": 3161077, 
        "date": "2015-05-31", 
        "operating_revenue": 3446925, 
        "short_term_average": 3338851
    }, 
    {
        "accumulated_operating_revenue_yoy": 16.42493325193407, 
        "accumulated_operating_revenue": 19684669, 
        "long_term_average": 3188206, 
        "date": "2015-06-30", 
        "operating_revenue": 3170752, 
        "short_term_average": 3388671
    }, 
    {
        "accumulated_operating_revenue_yoy": 17.295253205284165, 
        "accumulated_operating_revenue": 22803213, 
        "long_term_average": 3236980, 
        "date": "2015-07-31", 
        "operating_revenue": 3118544, 
        "short_term_average": 3245407
    }, 
    {
        "accumulated_operating_revenue_yoy": 6.618198412052291, 
        "accumulated_operating_revenue": 25878190, 
        "long_term_average": 3090647, 
        "date": "2015-08-31", 
        "operating_revenue": 3074977, 
        "short_term_average": 3121424
    }, 
    {
        "accumulated_operating_revenue_yoy": 8.265785065013867, 
        "accumulated_operating_revenue": 29262163, 
        "long_term_average": 3142958, 
        "date": "2015-09-30", 
        "operating_revenue": 3383973, 
        "short_term_average": 3192498
    }, 
    {
        "accumulated_operating_revenue_yoy": 8.702281767396856, 
        "accumulated_operating_revenue": 32137185, 
        "long_term_average": 3171182, 
        "date": "2015-10-31", 
        "operating_revenue": 2875022, 
        "short_term_average": 3111324
    }
]