[
    {
        "date": "2012-01-31", 
        "operating_revenue": 83737, 
        "accumulated_operating_revenue": 83737, 
        "long_term_average": 83737, 
        "short_term_average": 83737
    }, 
    {
        "date": "2012-02-29", 
        "operating_revenue": 57779, 
        "accumulated_operating_revenue": 141516, 
        "long_term_average": 70758, 
        "short_term_average": 70758
    }, 
    {
        "date": "2012-03-31", 
        "operating_revenue": 79479, 
        "accumulated_operating_revenue": 220995, 
        "long_term_average": 73665, 
        "short_term_average": 73665
    }, 
    {
        "date": "2012-04-30", 
        "operating_revenue": 92185, 
        "accumulated_operating_revenue": 313180, 
        "long_term_average": 78295, 
        "short_term_average": 76481
    }, 
    {
        "date": "2012-05-31", 
        "operating_revenue": 106560, 
        "accumulated_operating_revenue": 419740, 
        "long_term_average": 83948, 
        "short_term_average": 92741
    }, 
    {
        "date": "2012-06-30", 
        "operating_revenue": 104588, 
        "accumulated_operating_revenue": 524328, 
        "long_term_average": 87388, 
        "short_term_average": 101111
    }, 
    {
        "date": "2012-07-31", 
        "operating_revenue": 133342, 
        "accumulated_operating_revenue": 657670, 
        "long_term_average": 93952, 
        "short_term_average": 114830
    }, 
    {
        "date": "2012-08-31", 
        "operating_revenue": 135010, 
        "accumulated_operating_revenue": 792680, 
        "long_term_average": 99085, 
        "short_term_average": 124313
    }, 
    {
        "date": "2012-09-30", 
        "operating_revenue": 131772, 
        "accumulated_operating_revenue": 924452, 
        "long_term_average": 102716, 
        "short_term_average": 133374
    }, 
    {
        "date": "2012-10-31", 
        "operating_revenue": 127440, 
        "accumulated_operating_revenue": 1051892, 
        "long_term_average": 105189, 
        "short_term_average": 131407
    }, 
    {
        "date": "2012-11-30", 
        "operating_revenue": 124374, 
        "accumulated_operating_revenue": 1176266, 
        "long_term_average": 106933, 
        "short_term_average": 127862
    }, 
    {
        "date": "2012-12-31", 
        "operating_revenue": 138683, 
        "accumulated_operating_revenue": 1314949, 
        "long_term_average": 109579, 
        "short_term_average": 130165
    }, 
    {
        "accumulated_operating_revenue_yoy": 79.64818419575576, 
        "accumulated_operating_revenue": 150432, 
        "long_term_average": 115137, 
        "date": "2013-01-31", 
        "operating_revenue": 150432, 
        "short_term_average": 137829
    }, 
    {
        "accumulated_operating_revenue_yoy": 102.39407558155969, 
        "accumulated_operating_revenue": 286420, 
        "long_term_average": 121654, 
        "date": "2013-02-28", 
        "operating_revenue": 135988, 
        "short_term_average": 141701
    }, 
    {
        "accumulated_operating_revenue_yoy": 100.3873390800697, 
        "accumulated_operating_revenue": 442846, 
        "long_term_average": 128066, 
        "date": "2013-03-31", 
        "operating_revenue": 156426, 
        "short_term_average": 147615
    }, 
    {
        "accumulated_operating_revenue_yoy": 87.04451114375121, 
        "accumulated_operating_revenue": 585786, 
        "long_term_average": 132296, 
        "date": "2013-04-30", 
        "operating_revenue": 142940, 
        "short_term_average": 145118
    }, 
    {
        "accumulated_operating_revenue_yoy": 83.64487539905656, 
        "accumulated_operating_revenue": 770831, 
        "long_term_average": 138836, 
        "date": "2013-05-31", 
        "operating_revenue": 185045, 
        "short_term_average": 161470
    }, 
    {
        "accumulated_operating_revenue_yoy": 80.56350223524205, 
        "accumulated_operating_revenue": 946745, 
        "long_term_average": 144780, 
        "date": "2013-06-30", 
        "operating_revenue": 175914, 
        "short_term_average": 167966
    }, 
    {
        "accumulated_operating_revenue_yoy": 66.86468897775481, 
        "accumulated_operating_revenue": 1097419, 
        "long_term_average": 146224, 
        "date": "2013-07-31", 
        "operating_revenue": 150674, 
        "short_term_average": 170544
    }, 
    {
        "accumulated_operating_revenue_yoy": 59.516198213654945, 
        "accumulated_operating_revenue": 1264453, 
        "long_term_average": 148893, 
        "date": "2013-08-31", 
        "operating_revenue": 167034, 
        "short_term_average": 164540
    }, 
    {
        "accumulated_operating_revenue_yoy": 54.30784940700004, 
        "accumulated_operating_revenue": 1426502, 
        "long_term_average": 151416, 
        "date": "2013-09-30", 
        "operating_revenue": 162049, 
        "short_term_average": 159919
    }, 
    {
        "accumulated_operating_revenue_yoy": 52.03053165153837, 
        "accumulated_operating_revenue": 1599197, 
        "long_term_average": 155187, 
        "date": "2013-10-31", 
        "operating_revenue": 172695, 
        "short_term_average": 167259
    }, 
    {
        "accumulated_operating_revenue_yoy": 48.942671130509595, 
        "accumulated_operating_revenue": 1751962, 
        "long_term_average": 157553, 
        "date": "2013-11-30", 
        "operating_revenue": 152765, 
        "short_term_average": 162503
    }, 
    {
        "accumulated_operating_revenue_yoy": 43.855084874014125, 
        "accumulated_operating_revenue": 1891621, 
        "long_term_average": 157635, 
        "date": "2013-12-31", 
        "operating_revenue": 139659, 
        "short_term_average": 155039
    }, 
    {
        "accumulated_operating_revenue_yoy": 3.9825303126994256, 
        "accumulated_operating_revenue": 156423, 
        "long_term_average": 158134, 
        "date": "2014-01-31", 
        "operating_revenue": 156423, 
        "short_term_average": 149615
    }, 
    {
        "accumulated_operating_revenue_yoy": 3.2253334264367015, 
        "accumulated_operating_revenue": 295658, 
        "long_term_average": 158404, 
        "date": "2014-02-28", 
        "operating_revenue": 139235, 
        "short_term_average": 145105
    }, 
    {
        "accumulated_operating_revenue_yoy": 0.16281054813637247, 
        "accumulated_operating_revenue": 443567, 
        "long_term_average": 157695, 
        "date": "2014-03-31", 
        "operating_revenue": 147909, 
        "short_term_average": 147855
    }, 
    {
        "accumulated_operating_revenue_yoy": 2.6962064644767887, 
        "accumulated_operating_revenue": 601580, 
        "long_term_average": 158951, 
        "date": "2014-04-30", 
        "operating_revenue": 158013, 
        "short_term_average": 148385
    }, 
    {
        "accumulated_operating_revenue_yoy": 1.6081345975966197, 
        "accumulated_operating_revenue": 783227, 
        "long_term_average": 158668, 
        "date": "2014-05-31", 
        "operating_revenue": 181647, 
        "short_term_average": 162523
    }, 
    {
        "accumulated_operating_revenue_yoy": 2.7834316526625438, 
        "accumulated_operating_revenue": 973097, 
        "long_term_average": 159831, 
        "date": "2014-06-30", 
        "operating_revenue": 189870, 
        "short_term_average": 176510
    }, 
    {
        "accumulated_operating_revenue_yoy": 8.119050244254929, 
        "accumulated_operating_revenue": 1186519, 
        "long_term_average": 165060, 
        "date": "2014-07-31", 
        "operating_revenue": 213422, 
        "short_term_average": 194979
    }, 
    {
        "accumulated_operating_revenue_yoy": 7.9886717813948005, 
        "accumulated_operating_revenue": 1365466, 
        "long_term_average": 166052, 
        "date": "2014-08-31", 
        "operating_revenue": 178947, 
        "short_term_average": 194079
    }, 
    {
        "accumulated_operating_revenue_yoy": 9.379166660824872, 
        "accumulated_operating_revenue": 1560296, 
        "long_term_average": 168784, 
        "date": "2014-09-30", 
        "operating_revenue": 194830, 
        "short_term_average": 195733
    }, 
    {
        "accumulated_operating_revenue_yoy": 7.497825471158337, 
        "accumulated_operating_revenue": 1719102, 
        "long_term_average": 167627, 
        "date": "2014-10-31", 
        "operating_revenue": 158806, 
        "short_term_average": 177527
    }, 
    {
        "accumulated_operating_revenue_yoy": 6.336096330856492, 
        "accumulated_operating_revenue": 1862968, 
        "long_term_average": 166885, 
        "date": "2014-11-30", 
        "operating_revenue": 143866, 
        "short_term_average": 165834
    }, 
    {
        "accumulated_operating_revenue_yoy": 6.3476774681609065, 
        "accumulated_operating_revenue": 2011695, 
        "long_term_average": 167641, 
        "date": "2014-12-31", 
        "operating_revenue": 148727, 
        "short_term_average": 150466
    }, 
    {
        "accumulated_operating_revenue_yoy": 0.28896006341778385, 
        "accumulated_operating_revenue": 156875, 
        "long_term_average": 167678, 
        "date": "2015-01-31", 
        "operating_revenue": 156875, 
        "short_term_average": 149822
    }, 
    {
        "accumulated_operating_revenue_yoy": 0.5289895757936535, 
        "accumulated_operating_revenue": 297222, 
        "long_term_average": 167771, 
        "date": "2015-02-28", 
        "operating_revenue": 140347, 
        "short_term_average": 148649
    }, 
    {
        "accumulated_operating_revenue_yoy": 0.42789477125214453, 
        "accumulated_operating_revenue": 445465, 
        "long_term_average": 167799, 
        "date": "2015-03-31", 
        "operating_revenue": 148243, 
        "short_term_average": 148488
    }, 
    {
        "accumulated_operating_revenue_yoy": 0.8136906147145848, 
        "accumulated_operating_revenue": 606475, 
        "long_term_average": 168049, 
        "date": "2015-04-30", 
        "operating_revenue": 161010, 
        "short_term_average": 149866
    }, 
    {
        "accumulated_operating_revenue_yoy": -0.18296100619616024, 
        "accumulated_operating_revenue": 781794, 
        "long_term_average": 167521, 
        "date": "2015-05-31", 
        "operating_revenue": 175319, 
        "short_term_average": 161524
    }, 
    {
        "accumulated_operating_revenue_yoy": -0.20254918060583887, 
        "accumulated_operating_revenue": 971126, 
        "long_term_average": 167477, 
        "date": "2015-06-30", 
        "operating_revenue": 189332, 
        "short_term_average": 175220
    }, 
    {
        "accumulated_operating_revenue_yoy": -2.4451357289685207, 
        "accumulated_operating_revenue": 1157507, 
        "long_term_average": 165223, 
        "date": "2015-07-31", 
        "operating_revenue": 186381, 
        "short_term_average": 183677
    }, 
    {
        "accumulated_operating_revenue_yoy": -1.812494782001163, 
        "accumulated_operating_revenue": 1340717, 
        "long_term_average": 165578, 
        "date": "2015-08-31", 
        "operating_revenue": 183210, 
        "short_term_average": 186307
    }, 
    {
        "accumulated_operating_revenue_yoy": -3.525484907991817, 
        "accumulated_operating_revenue": 1505288, 
        "long_term_average": 163057, 
        "date": "2015-09-30", 
        "operating_revenue": 164571, 
        "short_term_average": 178054
    }
]