[
    {
        "date": "2012-01-31", 
        "operating_revenue": 4283680, 
        "accumulated_operating_revenue": 4283680, 
        "long_term_average": 4283680, 
        "short_term_average": 4283680
    }, 
    {
        "date": "2012-02-29", 
        "operating_revenue": 3681944, 
        "accumulated_operating_revenue": 7965624, 
        "long_term_average": 3982812, 
        "short_term_average": 3982812
    }, 
    {
        "date": "2012-03-31", 
        "operating_revenue": 3932974, 
        "accumulated_operating_revenue": 11898598, 
        "long_term_average": 3966199, 
        "short_term_average": 3966199
    }, 
    {
        "date": "2012-04-30", 
        "operating_revenue": 4092156, 
        "accumulated_operating_revenue": 15990754, 
        "long_term_average": 3997688, 
        "short_term_average": 3902358
    }, 
    {
        "date": "2012-05-31", 
        "operating_revenue": 4382624, 
        "accumulated_operating_revenue": 20373378, 
        "long_term_average": 4074675, 
        "short_term_average": 4135918
    }, 
    {
        "date": "2012-06-30", 
        "operating_revenue": 4542948, 
        "accumulated_operating_revenue": 24916326, 
        "long_term_average": 4152721, 
        "short_term_average": 4339242
    }, 
    {
        "date": "2012-07-31", 
        "operating_revenue": 4634512, 
        "accumulated_operating_revenue": 29550838, 
        "long_term_average": 4221548, 
        "short_term_average": 4520028
    }, 
    {
        "date": "2012-08-31", 
        "operating_revenue": 4460463, 
        "accumulated_operating_revenue": 34011301, 
        "long_term_average": 4251412, 
        "short_term_average": 4545974
    }, 
    {
        "date": "2012-09-30", 
        "operating_revenue": 4249575, 
        "accumulated_operating_revenue": 38260876, 
        "long_term_average": 4251208, 
        "short_term_average": 4448183
    }, 
    {
        "date": "2012-10-31", 
        "operating_revenue": 4367632, 
        "accumulated_operating_revenue": 42628508, 
        "long_term_average": 4262850, 
        "short_term_average": 4359223
    }, 
    {
        "date": "2012-11-30", 
        "operating_revenue": 4076357, 
        "accumulated_operating_revenue": 46704865, 
        "long_term_average": 4245896, 
        "short_term_average": 4231188
    }, 
    {
        "date": "2012-12-31", 
        "operating_revenue": 4141302, 
        "accumulated_operating_revenue": 50846167, 
        "long_term_average": 4237180, 
        "short_term_average": 4195097
    }, 
    {
        "accumulated_operating_revenue_yoy": -3.260771112688156, 
        "accumulated_operating_revenue": 4143999, 
        "long_term_average": 4225540, 
        "date": "2013-01-31", 
        "operating_revenue": 4143999, 
        "short_term_average": 4120552
    }, 
    {
        "accumulated_operating_revenue_yoy": 3.19811731008142, 
        "accumulated_operating_revenue": 8220374, 
        "long_term_average": 4258409, 
        "date": "2013-02-28", 
        "operating_revenue": 4076375, 
        "short_term_average": 4120558
    }, 
    {
        "accumulated_operating_revenue_yoy": 4.435589806462913, 
        "accumulated_operating_revenue": 12426371, 
        "long_term_average": 4281161, 
        "date": "2013-03-31", 
        "operating_revenue": 4205997, 
        "short_term_average": 4142123
    }, 
    {
        "accumulated_operating_revenue_yoy": 3.4465854455643554, 
        "accumulated_operating_revenue": 16541889, 
        "long_term_average": 4283108, 
        "date": "2013-04-30", 
        "operating_revenue": 4115518, 
        "short_term_average": 4132630
    }, 
    {
        "accumulated_operating_revenue_yoy": 3.975325054097558, 
        "accumulated_operating_revenue": 21183286, 
        "long_term_average": 4304672, 
        "date": "2013-05-31", 
        "operating_revenue": 4641397, 
        "short_term_average": 4320970
    }, 
    {
        "accumulated_operating_revenue_yoy": 4.38562651652575, 
        "accumulated_operating_revenue": 26009063, 
        "long_term_average": 4328242, 
        "date": "2013-06-30", 
        "operating_revenue": 4825777, 
        "short_term_average": 4527564
    }, 
    {
        "accumulated_operating_revenue_yoy": 4.2885450490439565, 
        "accumulated_operating_revenue": 30818139, 
        "long_term_average": 4342789, 
        "date": "2013-07-31", 
        "operating_revenue": 4809076, 
        "short_term_average": 4758750
    }, 
    {
        "accumulated_operating_revenue_yoy": 4.7768916572759155, 
        "accumulated_operating_revenue": 35635984, 
        "long_term_average": 4372570, 
        "date": "2013-08-31", 
        "operating_revenue": 4817845, 
        "short_term_average": 4817566
    }, 
    {
        "accumulated_operating_revenue_yoy": 5.329815239985618, 
        "accumulated_operating_revenue": 40300110, 
        "long_term_average": 4407116, 
        "date": "2013-09-30", 
        "operating_revenue": 4664126, 
        "short_term_average": 4763682
    }, 
    {
        "accumulated_operating_revenue_yoy": 5.776165095902488, 
        "accumulated_operating_revenue": 45090801, 
        "long_term_average": 4442371, 
        "date": "2013-10-31", 
        "operating_revenue": 4790691, 
        "short_term_average": 4757554
    }, 
    {
        "accumulated_operating_revenue_yoy": 5.807534183002135, 
        "accumulated_operating_revenue": 49417266, 
        "long_term_average": 4463214, 
        "date": "2013-11-30", 
        "operating_revenue": 4326465, 
        "short_term_average": 4593760
    }, 
    {
        "accumulated_operating_revenue_yoy": 5.656261169106415, 
        "accumulated_operating_revenue": 53722159, 
        "long_term_average": 4476846, 
        "date": "2013-12-31", 
        "operating_revenue": 4304893, 
        "short_term_average": 4474016
    }, 
    {
        "accumulated_operating_revenue_yoy": 7.323529759539035, 
        "accumulated_operating_revenue": 4447486, 
        "long_term_average": 4502137, 
        "date": "2014-01-31", 
        "operating_revenue": 4447486, 
        "short_term_average": 4359614
    }, 
    {
        "accumulated_operating_revenue_yoy": 4.3630861564206205, 
        "accumulated_operating_revenue": 8579036, 
        "long_term_average": 4506735, 
        "date": "2014-02-28", 
        "operating_revenue": 4131550, 
        "short_term_average": 4294643
    }, 
    {
        "accumulated_operating_revenue_yoy": 5.1143893901123665, 
        "accumulated_operating_revenue": 13061904, 
        "long_term_average": 4529807, 
        "date": "2014-03-31", 
        "operating_revenue": 4482868, 
        "short_term_average": 4353968
    }, 
    {
        "accumulated_operating_revenue_yoy": 5.990168353807719, 
        "accumulated_operating_revenue": 17532776, 
        "long_term_average": 4559420, 
        "date": "2014-04-30", 
        "operating_revenue": 4470872, 
        "short_term_average": 4361763
    }, 
    {
        "accumulated_operating_revenue_yoy": 5.740620222943693, 
        "accumulated_operating_revenue": 22399338, 
        "long_term_average": 4578184, 
        "date": "2014-05-31", 
        "operating_revenue": 4866562, 
        "short_term_average": 4606767
    }, 
    {
        "accumulated_operating_revenue_yoy": 4.995843179740846, 
        "accumulated_operating_revenue": 27308435, 
        "long_term_average": 4585127, 
        "date": "2014-06-30", 
        "operating_revenue": 4909097, 
        "short_term_average": 4748843
    }, 
    {
        "accumulated_operating_revenue_yoy": 5.430525834152412, 
        "accumulated_operating_revenue": 32491726, 
        "long_term_average": 4616312, 
        "date": "2014-07-31", 
        "operating_revenue": 5183291, 
        "short_term_average": 4986316
    }, 
    {
        "accumulated_operating_revenue_yoy": 5.368088053917636, 
        "accumulated_operating_revenue": 37548955, 
        "long_term_average": 4636260, 
        "date": "2014-08-31", 
        "operating_revenue": 5057229, 
        "short_term_average": 5049872
    }, 
    {
        "accumulated_operating_revenue_yoy": 5.317246032330929, 
        "accumulated_operating_revenue": 42442966, 
        "long_term_average": 4655417, 
        "date": "2014-09-30", 
        "operating_revenue": 4894011, 
        "short_term_average": 5044843
    }, 
    {
        "accumulated_operating_revenue_yoy": 4.5525117196299085, 
        "accumulated_operating_revenue": 47143565, 
        "long_term_average": 4647910, 
        "date": "2014-10-31", 
        "operating_revenue": 4700599, 
        "short_term_average": 4883946
    }, 
    {
        "accumulated_operating_revenue_yoy": 4.492905374409018, 
        "accumulated_operating_revenue": 51637537, 
        "long_term_average": 4661869, 
        "date": "2014-11-30", 
        "operating_revenue": 4493972, 
        "short_term_average": 4696194
    }, 
    {
        "accumulated_operating_revenue_yoy": 4.365948881540669, 
        "accumulated_operating_revenue": 56067641, 
        "long_term_average": 4672303, 
        "date": "2014-12-31", 
        "operating_revenue": 4430104, 
        "short_term_average": 4541558
    }, 
    {
        "accumulated_operating_revenue_yoy": 0.3151668155897512, 
        "accumulated_operating_revenue": 4461503, 
        "long_term_average": 4673471, 
        "date": "2015-01-31", 
        "operating_revenue": 4461503, 
        "short_term_average": 4461859
    }, 
    {
        "accumulated_operating_revenue_yoy": 3.07613815818001, 
        "accumulated_operating_revenue": 8842939, 
        "long_term_average": 4694295, 
        "date": "2015-02-28", 
        "operating_revenue": 4381436, 
        "short_term_average": 4424347
    }, 
    {
        "accumulated_operating_revenue_yoy": 2.3774941233682316, 
        "accumulated_operating_revenue": 13372450, 
        "long_term_average": 4698182, 
        "date": "2015-03-31", 
        "operating_revenue": 4529511, 
        "short_term_average": 4457483
    }, 
    {
        "accumulated_operating_revenue_yoy": 2.715468446069236, 
        "accumulated_operating_revenue": 18008873, 
        "long_term_average": 4711978, 
        "date": "2015-04-30", 
        "operating_revenue": 4636423, 
        "short_term_average": 4515790
    }, 
    {
        "accumulated_operating_revenue_yoy": 2.4879619210174875, 
        "accumulated_operating_revenue": 22956625, 
        "long_term_average": 4718744, 
        "date": "2015-05-31", 
        "operating_revenue": 4947752, 
        "short_term_average": 4704562
    }, 
    {
        "accumulated_operating_revenue_yoy": 2.7521057138572753, 
        "accumulated_operating_revenue": 28059992, 
        "long_term_average": 4734933, 
        "date": "2015-06-30", 
        "operating_revenue": 5103367, 
        "short_term_average": 4895847
    }, 
    {
        "accumulated_operating_revenue_yoy": 2.6719602399700157, 
        "accumulated_operating_revenue": 33359892, 
        "long_term_average": 4744650, 
        "date": "2015-07-31", 
        "operating_revenue": 5299900, 
        "short_term_average": 5117006
    }, 
    {
        "accumulated_operating_revenue_yoy": 2.629316847832383, 
        "accumulated_operating_revenue": 38536236, 
        "long_term_average": 4754576, 
        "date": "2015-08-31", 
        "operating_revenue": 5176344, 
        "short_term_average": 5193203
    }
]