[
    {
        "date": "2012-01-31", 
        "operating_revenue": 574725, 
        "accumulated_operating_revenue": 574725, 
        "long_term_average": 574725, 
        "short_term_average": 574725
    }, 
    {
        "date": "2012-02-29", 
        "operating_revenue": 475999, 
        "accumulated_operating_revenue": 1050724, 
        "long_term_average": 525362, 
        "short_term_average": 525362
    }, 
    {
        "date": "2012-03-31", 
        "operating_revenue": 451110, 
        "accumulated_operating_revenue": 1501834, 
        "long_term_average": 500611, 
        "short_term_average": 500611
    }, 
    {
        "date": "2012-04-30", 
        "operating_revenue": 487076, 
        "accumulated_operating_revenue": 1988910, 
        "long_term_average": 497227, 
        "short_term_average": 471395
    }, 
    {
        "date": "2012-05-31", 
        "operating_revenue": 500841, 
        "accumulated_operating_revenue": 2489751, 
        "long_term_average": 497950, 
        "short_term_average": 479675
    }, 
    {
        "date": "2012-06-30", 
        "operating_revenue": 504135, 
        "accumulated_operating_revenue": 2993886, 
        "long_term_average": 498981, 
        "short_term_average": 497350
    }, 
    {
        "date": "2012-07-31", 
        "operating_revenue": 551956, 
        "accumulated_operating_revenue": 3545842, 
        "long_term_average": 506548, 
        "short_term_average": 518977
    }, 
    {
        "date": "2012-08-31", 
        "operating_revenue": 548027, 
        "accumulated_operating_revenue": 4093869, 
        "long_term_average": 511733, 
        "short_term_average": 534706
    }, 
    {
        "date": "2012-09-30", 
        "operating_revenue": 575424, 
        "accumulated_operating_revenue": 4669293, 
        "long_term_average": 518810, 
        "short_term_average": 558469
    }, 
    {
        "date": "2012-10-31", 
        "operating_revenue": 530380, 
        "accumulated_operating_revenue": 5199673, 
        "long_term_average": 519967, 
        "short_term_average": 551277
    }, 
    {
        "date": "2012-11-30", 
        "operating_revenue": 469578, 
        "accumulated_operating_revenue": 5669251, 
        "long_term_average": 515386, 
        "short_term_average": 525127
    }, 
    {
        "date": "2012-12-31", 
        "operating_revenue": 603563, 
        "accumulated_operating_revenue": 6272814, 
        "long_term_average": 522734, 
        "short_term_average": 534507
    }, 
    {
        "accumulated_operating_revenue_yoy": -4.6220366262125365, 
        "accumulated_operating_revenue": 548161, 
        "long_term_average": 520520, 
        "date": "2013-01-31", 
        "operating_revenue": 548161, 
        "short_term_average": 540434
    }, 
    {
        "accumulated_operating_revenue_yoy": 4.700473197528561, 
        "accumulated_operating_revenue": 1100113, 
        "long_term_average": 526850, 
        "date": "2013-02-28", 
        "operating_revenue": 551952, 
        "short_term_average": 567892
    }, 
    {
        "accumulated_operating_revenue_yoy": 9.44252161024454, 
        "accumulated_operating_revenue": 1643645, 
        "long_term_average": 534552, 
        "date": "2013-03-31", 
        "operating_revenue": 543532, 
        "short_term_average": 547881
    }, 
    {
        "accumulated_operating_revenue_yoy": 8.36156487724432, 
        "accumulated_operating_revenue": 2155214, 
        "long_term_average": 536593, 
        "date": "2013-04-30", 
        "operating_revenue": 511569, 
        "short_term_average": 535684
    }, 
    {
        "accumulated_operating_revenue_yoy": 8.721635215730409, 
        "accumulated_operating_revenue": 2706898, 
        "long_term_average": 540830, 
        "date": "2013-05-31", 
        "operating_revenue": 551684, 
        "short_term_average": 535595
    }, 
    {
        "accumulated_operating_revenue_yoy": 11.411256140013347, 
        "accumulated_operating_revenue": 3335526, 
        "long_term_average": 551204, 
        "date": "2013-06-30", 
        "operating_revenue": 628628, 
        "short_term_average": 563960
    }, 
    {
        "accumulated_operating_revenue_yoy": 10.935653647286033, 
        "accumulated_operating_revenue": 3933603, 
        "long_term_average": 555047, 
        "date": "2013-07-31", 
        "operating_revenue": 598077, 
        "short_term_average": 592796
    }, 
    {
        "accumulated_operating_revenue_yoy": 11.321759440763737, 
        "accumulated_operating_revenue": 4557367, 
        "long_term_average": 561359, 
        "date": "2013-08-31", 
        "operating_revenue": 623764, 
        "short_term_average": 616823
    }, 
    {
        "accumulated_operating_revenue_yoy": 12.144193992538057, 
        "accumulated_operating_revenue": 5236341, 
        "long_term_average": 569988, 
        "date": "2013-09-30", 
        "operating_revenue": 678974, 
        "short_term_average": 633605
    }, 
    {
        "accumulated_operating_revenue_yoy": 12.60033082849633, 
        "accumulated_operating_revenue": 5854849, 
        "long_term_average": 577332, 
        "date": "2013-10-31", 
        "operating_revenue": 618508, 
        "short_term_average": 640415
    }, 
    {
        "accumulated_operating_revenue_yoy": 14.449986426778421, 
        "accumulated_operating_revenue": 6488457, 
        "long_term_average": 591001, 
        "date": "2013-11-30", 
        "operating_revenue": 633608, 
        "short_term_average": 643696
    }, 
    {
        "accumulated_operating_revenue_yoy": 15.569503575269408, 
        "accumulated_operating_revenue": 7249460, 
        "long_term_average": 604121, 
        "date": "2013-12-31", 
        "operating_revenue": 761003, 
        "short_term_average": 671039
    }, 
    {
        "accumulated_operating_revenue_yoy": 31.939338989822335, 
        "accumulated_operating_revenue": 723240, 
        "long_term_average": 618711, 
        "date": "2014-01-31", 
        "operating_revenue": 723240, 
        "short_term_average": 705950
    }, 
    {
        "accumulated_operating_revenue_yoy": 24.047893261874005, 
        "accumulated_operating_revenue": 1364667, 
        "long_term_average": 626167, 
        "date": "2014-02-28", 
        "operating_revenue": 641427, 
        "short_term_average": 708556
    }, 
    {
        "accumulated_operating_revenue_yoy": 22.82171636819386, 
        "accumulated_operating_revenue": 2018753, 
        "long_term_average": 635380, 
        "date": "2014-03-31", 
        "operating_revenue": 654086, 
        "short_term_average": 672917
    }, 
    {
        "accumulated_operating_revenue_yoy": 24.133055928552803, 
        "accumulated_operating_revenue": 2675333, 
        "long_term_average": 647464, 
        "date": "2014-04-30", 
        "operating_revenue": 656580, 
        "short_term_average": 650697
    }, 
    {
        "accumulated_operating_revenue_yoy": 24.45526207489163, 
        "accumulated_operating_revenue": 3368877, 
        "long_term_average": 659286, 
        "date": "2014-05-31", 
        "operating_revenue": 693544, 
        "short_term_average": 668070
    }, 
    {
        "accumulated_operating_revenue_yoy": 23.775410534950108, 
        "accumulated_operating_revenue": 4128561, 
        "long_term_average": 670207, 
        "date": "2014-06-30", 
        "operating_revenue": 759684, 
        "short_term_average": 703269
    }, 
    {
        "accumulated_operating_revenue_yoy": 25.34190664385806, 
        "accumulated_operating_revenue": 4930453, 
        "long_term_average": 687192, 
        "date": "2014-07-31", 
        "operating_revenue": 801892, 
        "short_term_average": 751706
    }, 
    {
        "accumulated_operating_revenue_yoy": 26.452774156656684, 
        "accumulated_operating_revenue": 5762917, 
        "long_term_average": 704584, 
        "date": "2014-08-31", 
        "operating_revenue": 832464, 
        "short_term_average": 798013
    }, 
    {
        "accumulated_operating_revenue_yoy": 25.960360488363914, 
        "accumulated_operating_revenue": 6595714, 
        "long_term_average": 717402, 
        "date": "2014-09-30", 
        "operating_revenue": 832797, 
        "short_term_average": 822384
    }, 
    {
        "accumulated_operating_revenue_yoy": 26.3517812329575, 
        "accumulated_operating_revenue": 7397706, 
        "long_term_average": 732693, 
        "date": "2014-10-31", 
        "operating_revenue": 801992, 
        "short_term_average": 822417
    }, 
    {
        "accumulated_operating_revenue_yoy": 26.125286797770254, 
        "accumulated_operating_revenue": 8183585, 
        "long_term_average": 745382, 
        "date": "2014-11-30", 
        "operating_revenue": 785879, 
        "short_term_average": 806889
    }, 
    {
        "accumulated_operating_revenue_yoy": 26.458950045934454, 
        "accumulated_operating_revenue": 9167591, 
        "long_term_average": 763965, 
        "date": "2014-12-31", 
        "operating_revenue": 984006, 
        "short_term_average": 857292
    }, 
    {
        "accumulated_operating_revenue_yoy": 15.895000276533377, 
        "accumulated_operating_revenue": 838199, 
        "long_term_average": 773545, 
        "date": "2015-01-31", 
        "operating_revenue": 838199, 
        "short_term_average": 869361
    }, 
    {
        "accumulated_operating_revenue_yoy": 25.09359426145719, 
        "accumulated_operating_revenue": 1707111, 
        "long_term_average": 792502, 
        "date": "2015-02-28", 
        "operating_revenue": 868912, 
        "short_term_average": 897039
    }, 
    {
        "accumulated_operating_revenue_yoy": 24.560260715402034, 
        "accumulated_operating_revenue": 2514564, 
        "long_term_average": 805283, 
        "date": "2015-03-31", 
        "operating_revenue": 807453, 
        "short_term_average": 838188
    }, 
    {
        "accumulated_operating_revenue_yoy": 24.63439130754938, 
        "accumulated_operating_revenue": 3334385, 
        "long_term_average": 818886, 
        "date": "2015-04-30", 
        "operating_revenue": 819821, 
        "short_term_average": 832062
    }, 
    {
        "accumulated_operating_revenue_yoy": 24.294178742649255, 
        "accumulated_operating_revenue": 4187318, 
        "long_term_average": 832169, 
        "date": "2015-05-31", 
        "operating_revenue": 852933, 
        "short_term_average": 826735
    }, 
    {
        "accumulated_operating_revenue_yoy": 23.122778130200814, 
        "accumulated_operating_revenue": 5083199, 
        "long_term_average": 843519, 
        "date": "2015-06-30", 
        "operating_revenue": 895881, 
        "short_term_average": 856211
    }, 
    {
        "accumulated_operating_revenue_yoy": 21.620305477001807, 
        "accumulated_operating_revenue": 5996432, 
        "long_term_average": 852797, 
        "date": "2015-07-31", 
        "operating_revenue": 913233, 
        "short_term_average": 887349
    }, 
    {
        "accumulated_operating_revenue_yoy": 19.300434137781266, 
        "accumulated_operating_revenue": 6875185, 
        "long_term_average": 856654, 
        "date": "2015-08-31", 
        "operating_revenue": 878753, 
        "short_term_average": 895955
    }
]