[
    {
        "date": "2011-09-30", 
        "operating_revenue": 151845, 
        "accumulated_operating_revenue": 151845, 
        "long_term_average": 151845, 
        "short_term_average": 151845
    }, 
    {
        "date": "2011-10-31", 
        "operating_revenue": 167879, 
        "accumulated_operating_revenue": 319724, 
        "long_term_average": 159862, 
        "short_term_average": 159862
    }, 
    {
        "date": "2011-11-30", 
        "operating_revenue": 123171, 
        "accumulated_operating_revenue": 442895, 
        "long_term_average": 147631, 
        "short_term_average": 147631
    }, 
    {
        "date": "2011-12-31", 
        "operating_revenue": 119147, 
        "accumulated_operating_revenue": 562042, 
        "long_term_average": 140510, 
        "short_term_average": 136732
    }, 
    {
        "date": "2012-01-31", 
        "operating_revenue": 127610, 
        "accumulated_operating_revenue": 127610, 
        "long_term_average": 137930, 
        "short_term_average": 123309
    }, 
    {
        "date": "2012-02-29", 
        "operating_revenue": 90580, 
        "accumulated_operating_revenue": 218190, 
        "long_term_average": 130038, 
        "short_term_average": 112445
    }, 
    {
        "date": "2012-03-31", 
        "operating_revenue": 77846, 
        "accumulated_operating_revenue": 296036, 
        "long_term_average": 122582, 
        "short_term_average": 98678
    }, 
    {
        "date": "2012-04-30", 
        "operating_revenue": 96768, 
        "accumulated_operating_revenue": 392804, 
        "long_term_average": 119355, 
        "short_term_average": 88398
    }, 
    {
        "date": "2012-05-31", 
        "operating_revenue": 113226, 
        "accumulated_operating_revenue": 506030, 
        "long_term_average": 118674, 
        "short_term_average": 95946
    }, 
    {
        "date": "2012-06-30", 
        "operating_revenue": 111596, 
        "accumulated_operating_revenue": 617626, 
        "long_term_average": 117966, 
        "short_term_average": 107196
    }, 
    {
        "date": "2012-07-31", 
        "operating_revenue": 170896, 
        "accumulated_operating_revenue": 788522, 
        "long_term_average": 122778, 
        "short_term_average": 131906
    }, 
    {
        "date": "2012-08-31", 
        "operating_revenue": 146636, 
        "accumulated_operating_revenue": 935158, 
        "long_term_average": 124766, 
        "short_term_average": 143042
    }, 
    {
        "accumulated_operating_revenue_yoy": 584.9254173663933, 
        "accumulated_operating_revenue": 1040025, 
        "long_term_average": 120851, 
        "date": "2012-09-30", 
        "operating_revenue": 104867, 
        "short_term_average": 140799
    }, 
    {
        "accumulated_operating_revenue_yoy": 261.17119765798003, 
        "accumulated_operating_revenue": 1154751, 
        "long_term_average": 116422, 
        "date": "2012-10-31", 
        "operating_revenue": 114726, 
        "short_term_average": 122076
    }, 
    {
        "accumulated_operating_revenue_yoy": 181.24205511464342, 
        "accumulated_operating_revenue": 1245607, 
        "long_term_average": 113729, 
        "date": "2012-11-30", 
        "operating_revenue": 90856, 
        "short_term_average": 103483
    }, 
    {
        "accumulated_operating_revenue_yoy": 139.71091128421008, 
        "accumulated_operating_revenue": 1347276, 
        "long_term_average": 112273, 
        "date": "2012-12-31", 
        "operating_revenue": 101669, 
        "short_term_average": 102417
    }, 
    {
        "accumulated_operating_revenue_yoy": -47.09348797116213, 
        "accumulated_operating_revenue": 67514, 
        "long_term_average": 107265, 
        "date": "2013-01-31", 
        "operating_revenue": 67514, 
        "short_term_average": 86679
    }, 
    {
        "accumulated_operating_revenue_yoy": -4.814611118749713, 
        "accumulated_operating_revenue": 207685, 
        "long_term_average": 111397, 
        "date": "2013-02-28", 
        "operating_revenue": 140171, 
        "short_term_average": 103118
    }, 
    {
        "accumulated_operating_revenue_yoy": 0.8988771635882122, 
        "accumulated_operating_revenue": 298697, 
        "long_term_average": 112494, 
        "date": "2013-03-31", 
        "operating_revenue": 91012, 
        "short_term_average": 99565
    }, 
    {
        "accumulated_operating_revenue_yoy": 3.0134621847028034, 
        "accumulated_operating_revenue": 404641, 
        "long_term_average": 113259, 
        "date": "2013-04-30", 
        "operating_revenue": 105944, 
        "short_term_average": 112375
    }, 
    {
        "accumulated_operating_revenue_yoy": 3.5968223227871867, 
        "accumulated_operating_revenue": 524231, 
        "long_term_average": 113789, 
        "date": "2013-05-31", 
        "operating_revenue": 119590, 
        "short_term_average": 105515
    }, 
    {
        "accumulated_operating_revenue_yoy": 12.240579250225865, 
        "accumulated_operating_revenue": 693227, 
        "long_term_average": 118573, 
        "date": "2013-06-30", 
        "operating_revenue": 168996, 
        "short_term_average": 131510
    }, 
    {
        "accumulated_operating_revenue_yoy": 11.866631495379965, 
        "accumulated_operating_revenue": 882093, 
        "long_term_average": 120070, 
        "date": "2013-07-31", 
        "operating_revenue": 188866, 
        "short_term_average": 159150
    }, 
    {
        "accumulated_operating_revenue_yoy": 14.548771437553867, 
        "accumulated_operating_revenue": 1071212, 
        "long_term_average": 123610, 
        "date": "2013-08-31", 
        "operating_revenue": 189119, 
        "short_term_average": 182327
    }, 
    {
        "accumulated_operating_revenue_yoy": 16.39614432345376, 
        "accumulated_operating_revenue": 1210549, 
        "long_term_average": 126483, 
        "date": "2013-09-30", 
        "operating_revenue": 139337, 
        "short_term_average": 172440
    }, 
    {
        "accumulated_operating_revenue_yoy": 16.62418997688679, 
        "accumulated_operating_revenue": 1346719, 
        "long_term_average": 128270, 
        "date": "2013-10-31", 
        "operating_revenue": 136170, 
        "short_term_average": 154875
    }, 
    {
        "accumulated_operating_revenue_yoy": 17.655970141465165, 
        "accumulated_operating_revenue": 1465531, 
        "long_term_average": 130600, 
        "date": "2013-11-30", 
        "operating_revenue": 118812, 
        "short_term_average": 131439
    }, 
    {
        "accumulated_operating_revenue_yoy": 17.017077421404377, 
        "accumulated_operating_revenue": 1576543, 
        "long_term_average": 131378, 
        "date": "2013-12-31", 
        "operating_revenue": 111012, 
        "short_term_average": 121998
    }, 
    {
        "accumulated_operating_revenue_yoy": 64.14817667446752, 
        "accumulated_operating_revenue": 110823, 
        "long_term_average": 134987, 
        "date": "2014-01-31", 
        "operating_revenue": 110823, 
        "short_term_average": 113549
    }, 
    {
        "accumulated_operating_revenue_yoy": 24.50152875749332, 
        "accumulated_operating_revenue": 258571, 
        "long_term_average": 135619, 
        "date": "2014-02-28", 
        "operating_revenue": 147748, 
        "short_term_average": 123194
    }, 
    {
        "accumulated_operating_revenue_yoy": 24.300545368718133, 
        "accumulated_operating_revenue": 371282, 
        "long_term_average": 137427, 
        "date": "2014-03-31", 
        "operating_revenue": 112711, 
        "short_term_average": 123760
    }, 
    {
        "accumulated_operating_revenue_yoy": 23.462773174245815, 
        "accumulated_operating_revenue": 499581, 
        "long_term_average": 139290, 
        "date": "2014-04-30", 
        "operating_revenue": 128299, 
        "short_term_average": 129586
    }, 
    {
        "accumulated_operating_revenue_yoy": 21.194854939902445, 
        "accumulated_operating_revenue": 635341, 
        "long_term_average": 140637, 
        "date": "2014-05-31", 
        "operating_revenue": 135760, 
        "short_term_average": 125590
    }, 
    {
        "accumulated_operating_revenue_yoy": 13.257273591478693, 
        "accumulated_operating_revenue": 785130, 
        "long_term_average": 139037, 
        "date": "2014-06-30", 
        "operating_revenue": 149789, 
        "short_term_average": 137949
    }, 
    {
        "accumulated_operating_revenue_yoy": 11.269333278917303, 
        "accumulated_operating_revenue": 981499, 
        "long_term_average": 139662, 
        "date": "2014-07-31", 
        "operating_revenue": 196369, 
        "short_term_average": 160639
    }, 
    {
        "accumulated_operating_revenue_yoy": 9.257924668506327, 
        "accumulated_operating_revenue": 1170384, 
        "long_term_average": 139642, 
        "date": "2014-08-31", 
        "operating_revenue": 188885, 
        "short_term_average": 178347
    }, 
    {
        "accumulated_operating_revenue_yoy": 7.541536939025185, 
        "accumulated_operating_revenue": 1301843, 
        "long_term_average": 138986, 
        "date": "2014-09-30", 
        "operating_revenue": 131459, 
        "short_term_average": 172237
    }, 
    {
        "accumulated_operating_revenue_yoy": 7.9198407388623755, 
        "accumulated_operating_revenue": 1453377, 
        "long_term_average": 140266, 
        "date": "2014-10-31", 
        "operating_revenue": 151534, 
        "short_term_average": 157292
    }, 
    {
        "accumulated_operating_revenue_yoy": 6.743903745468366, 
        "accumulated_operating_revenue": 1564365, 
        "long_term_average": 139614, 
        "date": "2014-11-30", 
        "operating_revenue": 110988, 
        "short_term_average": 131327
    }, 
    {
        "accumulated_operating_revenue_yoy": 6.155176230524635, 
        "accumulated_operating_revenue": 1673582, 
        "long_term_average": 139465, 
        "date": "2014-12-31", 
        "operating_revenue": 109217, 
        "short_term_average": 123913
    }, 
    {
        "accumulated_operating_revenue_yoy": 0.6009582848325709, 
        "accumulated_operating_revenue": 111489, 
        "long_term_average": 139520, 
        "date": "2015-01-31", 
        "operating_revenue": 111489, 
        "short_term_average": 110564
    }, 
    {
        "accumulated_operating_revenue_yoy": 13.296928116455442, 
        "accumulated_operating_revenue": 292953, 
        "long_term_average": 142330, 
        "date": "2015-02-28", 
        "operating_revenue": 181464, 
        "short_term_average": 134056
    }, 
    {
        "accumulated_operating_revenue_yoy": 6.4748627727711, 
        "accumulated_operating_revenue": 395322, 
        "long_term_average": 141468, 
        "date": "2015-03-31", 
        "operating_revenue": 102369, 
        "short_term_average": 131774
    }, 
    {
        "accumulated_operating_revenue_yoy": 2.1315862692936682, 
        "accumulated_operating_revenue": 510230, 
        "long_term_average": 140352, 
        "date": "2015-04-30", 
        "operating_revenue": 114908, 
        "short_term_average": 132913
    }, 
    {
        "accumulated_operating_revenue_yoy": -0.8471041535175599, 
        "accumulated_operating_revenue": 629959, 
        "long_term_average": 139016, 
        "date": "2015-05-31", 
        "operating_revenue": 119729, 
        "short_term_average": 112335
    }, 
    {
        "accumulated_operating_revenue_yoy": -3.7181103766255266, 
        "accumulated_operating_revenue": 755938, 
        "long_term_average": 137032, 
        "date": "2015-06-30", 
        "operating_revenue": 125979, 
        "short_term_average": 120205
    }, 
    {
        "accumulated_operating_revenue_yoy": -5.003367298387467, 
        "accumulated_operating_revenue": 932391, 
        "long_term_average": 135372, 
        "date": "2015-07-31", 
        "operating_revenue": 176453, 
        "short_term_average": 140720
    }, 
    {
        "accumulated_operating_revenue_yoy": -5.998800393716934, 
        "accumulated_operating_revenue": 1100175, 
        "long_term_average": 133614, 
        "date": "2015-08-31", 
        "operating_revenue": 167784, 
        "short_term_average": 156738
    }
]