[
    {
        "date": "2011-09-30", 
        "operating_revenue": 391572, 
        "accumulated_operating_revenue": 391572, 
        "long_term_average": 391572, 
        "short_term_average": 391572
    }, 
    {
        "date": "2011-10-31", 
        "operating_revenue": 285203, 
        "accumulated_operating_revenue": 676775, 
        "long_term_average": 338387, 
        "short_term_average": 338387
    }, 
    {
        "date": "2011-11-30", 
        "operating_revenue": 308299, 
        "accumulated_operating_revenue": 985074, 
        "long_term_average": 328358, 
        "short_term_average": 328358
    }, 
    {
        "date": "2011-12-31", 
        "operating_revenue": 349639, 
        "accumulated_operating_revenue": 1334713, 
        "long_term_average": 333678, 
        "short_term_average": 314380
    }, 
    {
        "date": "2012-01-31", 
        "operating_revenue": 321914, 
        "accumulated_operating_revenue": 321914, 
        "long_term_average": 331325, 
        "short_term_average": 326617
    }, 
    {
        "date": "2012-02-29", 
        "operating_revenue": 172066, 
        "accumulated_operating_revenue": 493980, 
        "long_term_average": 304782, 
        "short_term_average": 281206
    }, 
    {
        "date": "2012-03-31", 
        "operating_revenue": 189687, 
        "accumulated_operating_revenue": 683667, 
        "long_term_average": 288340, 
        "short_term_average": 227889
    }, 
    {
        "date": "2012-04-30", 
        "operating_revenue": 193376, 
        "accumulated_operating_revenue": 877043, 
        "long_term_average": 276469, 
        "short_term_average": 185043
    }, 
    {
        "date": "2012-05-31", 
        "operating_revenue": 125015, 
        "accumulated_operating_revenue": 1002058, 
        "long_term_average": 259641, 
        "short_term_average": 169359
    }, 
    {
        "date": "2012-06-30", 
        "operating_revenue": 97584, 
        "accumulated_operating_revenue": 1099642, 
        "long_term_average": 243435, 
        "short_term_average": 138658
    }, 
    {
        "date": "2012-07-31", 
        "operating_revenue": 120267, 
        "accumulated_operating_revenue": 1219909, 
        "long_term_average": 232238, 
        "short_term_average": 114288
    }, 
    {
        "date": "2012-08-31", 
        "operating_revenue": 222288, 
        "accumulated_operating_revenue": 1442197, 
        "long_term_average": 231409, 
        "short_term_average": 146713
    }, 
    {
        "accumulated_operating_revenue_yoy": 334.83829282992656, 
        "accumulated_operating_revenue": 1702705, 
        "long_term_average": 220487, 
        "date": "2012-09-30", 
        "operating_revenue": 260508, 
        "short_term_average": 201021
    }, 
    {
        "accumulated_operating_revenue_yoy": 199.3392190905397, 
        "accumulated_operating_revenue": 2025853, 
        "long_term_average": 223649, 
        "date": "2012-10-31", 
        "operating_revenue": 323148, 
        "short_term_average": 268648
    }, 
    {
        "accumulated_operating_revenue_yoy": 138.8063231797814, 
        "accumulated_operating_revenue": 2352419, 
        "long_term_average": 225171, 
        "date": "2012-11-30", 
        "operating_revenue": 326566, 
        "short_term_average": 303407
    }, 
    {
        "accumulated_operating_revenue_yoy": 102.47738652429399, 
        "accumulated_operating_revenue": 2702492, 
        "long_term_average": 225207, 
        "date": "2012-12-31", 
        "operating_revenue": 350073, 
        "short_term_average": 333262
    }, 
    {
        "accumulated_operating_revenue_yoy": -26.10573010182844, 
        "accumulated_operating_revenue": 237876, 
        "long_term_average": 218204, 
        "date": "2013-01-31", 
        "operating_revenue": 237876, 
        "short_term_average": 304838
    }, 
    {
        "accumulated_operating_revenue_yoy": -0.7312036924571845, 
        "accumulated_operating_revenue": 490368, 
        "long_term_average": 224906, 
        "date": "2013-02-28", 
        "operating_revenue": 252492, 
        "short_term_average": 280147
    }, 
    {
        "accumulated_operating_revenue_yoy": -0.3352509335685355, 
        "accumulated_operating_revenue": 681375, 
        "long_term_average": 225016, 
        "date": "2013-03-31", 
        "operating_revenue": 191007, 
        "short_term_average": 227125
    }, 
    {
        "accumulated_operating_revenue_yoy": -7.103186502828255, 
        "accumulated_operating_revenue": 814745, 
        "long_term_average": 220016, 
        "date": "2013-04-30", 
        "operating_revenue": 133370, 
        "short_term_average": 192289
    }, 
    {
        "accumulated_operating_revenue_yoy": -6.5106011827658685, 
        "accumulated_operating_revenue": 936818, 
        "long_term_average": 219771, 
        "date": "2013-05-31", 
        "operating_revenue": 122073, 
        "short_term_average": 148816
    }, 
    {
        "accumulated_operating_revenue_yoy": -5.015632360350005, 
        "accumulated_operating_revenue": 1044488, 
        "long_term_average": 220611, 
        "date": "2013-06-30", 
        "operating_revenue": 107670, 
        "short_term_average": 121037
    }, 
    {
        "accumulated_operating_revenue_yoy": -6.517207431046086, 
        "accumulated_operating_revenue": 1140405, 
        "long_term_average": 218582, 
        "date": "2013-07-31", 
        "operating_revenue": 95917, 
        "short_term_average": 108553
    }, 
    {
        "accumulated_operating_revenue_yoy": -10.504043483657226, 
        "accumulated_operating_revenue": 1290708, 
        "long_term_average": 212583, 
        "date": "2013-08-31", 
        "operating_revenue": 150303, 
        "short_term_average": 117963
    }, 
    {
        "accumulated_operating_revenue_yoy": -13.429983467482623, 
        "accumulated_operating_revenue": 1474032, 
        "long_term_average": 206151, 
        "date": "2013-09-30", 
        "operating_revenue": 183324, 
        "short_term_average": 143181
    }, 
    {
        "accumulated_operating_revenue_yoy": -18.304881943556616, 
        "accumulated_operating_revenue": 1655023, 
        "long_term_average": 194305, 
        "date": "2013-10-31", 
        "operating_revenue": 180991, 
        "short_term_average": 171539
    }, 
    {
        "accumulated_operating_revenue_yoy": -20.291623218482762, 
        "accumulated_operating_revenue": 1875075, 
        "long_term_average": 185429, 
        "date": "2013-11-30", 
        "operating_revenue": 220052, 
        "short_term_average": 194789
    }, 
    {
        "accumulated_operating_revenue_yoy": -22.6121668445272, 
        "accumulated_operating_revenue": 2091400, 
        "long_term_average": 174283, 
        "date": "2013-12-31", 
        "operating_revenue": 216325, 
        "short_term_average": 205789
    }, 
    {
        "accumulated_operating_revenue_yoy": 9.45408532176428, 
        "accumulated_operating_revenue": 260365, 
        "long_term_average": 176157, 
        "date": "2014-01-31", 
        "operating_revenue": 260365, 
        "short_term_average": 232247
    }, 
    {
        "accumulated_operating_revenue_yoy": -19.43887039937353, 
        "accumulated_operating_revenue": 395046, 
        "long_term_average": 166339, 
        "date": "2014-02-28", 
        "operating_revenue": 134681, 
        "short_term_average": 203790
    }, 
    {
        "accumulated_operating_revenue_yoy": -21.46468537882957, 
        "accumulated_operating_revenue": 535120, 
        "long_term_average": 162095, 
        "date": "2014-03-31", 
        "operating_revenue": 140074, 
        "short_term_average": 178373
    }, 
    {
        "accumulated_operating_revenue_yoy": -20.865915102271263, 
        "accumulated_operating_revenue": 644741, 
        "long_term_average": 160116, 
        "date": "2014-04-30", 
        "operating_revenue": 109621, 
        "short_term_average": 128125
    }, 
    {
        "accumulated_operating_revenue_yoy": -20.568029222324935, 
        "accumulated_operating_revenue": 744133, 
        "long_term_average": 158226, 
        "date": "2014-05-31", 
        "operating_revenue": 99392, 
        "short_term_average": 116362
    }, 
    {
        "accumulated_operating_revenue_yoy": -21.226572253582617, 
        "accumulated_operating_revenue": 822779, 
        "long_term_average": 155807, 
        "date": "2014-06-30", 
        "operating_revenue": 78646, 
        "short_term_average": 95886
    }, 
    {
        "accumulated_operating_revenue_yoy": -21.41765425440962, 
        "accumulated_operating_revenue": 896157, 
        "long_term_average": 153929, 
        "date": "2014-07-31", 
        "operating_revenue": 73378, 
        "short_term_average": 83805
    }, 
    {
        "accumulated_operating_revenue_yoy": -24.257306842446162, 
        "accumulated_operating_revenue": 977617, 
        "long_term_average": 148192, 
        "date": "2014-08-31", 
        "operating_revenue": 81460, 
        "short_term_average": 77828
    }, 
    {
        "accumulated_operating_revenue_yoy": -25.626377174986704, 
        "accumulated_operating_revenue": 1096291, 
        "long_term_average": 142804, 
        "date": "2014-09-30", 
        "operating_revenue": 118674, 
        "short_term_average": 91170
    }, 
    {
        "accumulated_operating_revenue_yoy": -25.66465843677097, 
        "accumulated_operating_revenue": 1230267, 
        "long_term_average": 138887, 
        "date": "2014-10-31", 
        "operating_revenue": 133976, 
        "short_term_average": 111370
    }, 
    {
        "accumulated_operating_revenue_yoy": -25.325760302921218, 
        "accumulated_operating_revenue": 1400198, 
        "long_term_average": 134710, 
        "date": "2014-11-30", 
        "operating_revenue": 169931, 
        "short_term_average": 140860
    }, 
    {
        "accumulated_operating_revenue_yoy": -24.383809888113227, 
        "accumulated_operating_revenue": 1581437, 
        "long_term_average": 131786, 
        "date": "2014-12-31", 
        "operating_revenue": 181239, 
        "short_term_average": 161715
    }, 
    {
        "accumulated_operating_revenue_yoy": -46.56578265127801, 
        "accumulated_operating_revenue": 139124, 
        "long_term_average": 121683, 
        "date": "2015-01-31", 
        "operating_revenue": 139124, 
        "short_term_average": 163431
    }, 
    {
        "accumulated_operating_revenue_yoy": -23.496757339651587, 
        "accumulated_operating_revenue": 302223, 
        "long_term_average": 124051, 
        "date": "2015-02-28", 
        "operating_revenue": 163099, 
        "short_term_average": 161154
    }, 
    {
        "accumulated_operating_revenue_yoy": -23.581813425026162, 
        "accumulated_operating_revenue": 408929, 
        "long_term_average": 121270, 
        "date": "2015-03-31", 
        "operating_revenue": 106706, 
        "short_term_average": 136309
    }, 
    {
        "accumulated_operating_revenue_yoy": -22.55727493675755, 
        "accumulated_operating_revenue": 499305, 
        "long_term_average": 119666, 
        "date": "2015-04-30", 
        "operating_revenue": 90376, 
        "short_term_average": 120060
    }, 
    {
        "accumulated_operating_revenue_yoy": -23.056362236320656, 
        "accumulated_operating_revenue": 572563, 
        "long_term_average": 117488, 
        "date": "2015-05-31", 
        "operating_revenue": 73258, 
        "short_term_average": 90113
    }, 
    {
        "accumulated_operating_revenue_yoy": -23.495008987832698, 
        "accumulated_operating_revenue": 629467, 
        "long_term_average": 115677, 
        "date": "2015-06-30", 
        "operating_revenue": 56904, 
        "short_term_average": 73512
    }, 
    {
        "accumulated_operating_revenue_yoy": -22.654289371170453, 
        "accumulated_operating_revenue": 693139, 
        "long_term_average": 114868, 
        "date": "2015-07-31", 
        "operating_revenue": 63672, 
        "short_term_average": 64611
    }, 
    {
        "accumulated_operating_revenue_yoy": -22.865600741394637, 
        "accumulated_operating_revenue": 754079, 
        "long_term_average": 113158, 
        "date": "2015-08-31", 
        "operating_revenue": 60940, 
        "short_term_average": 60505
    }
]