[
    {
        "date": "2011-09-30", 
        "operating_revenue": 2124840, 
        "accumulated_operating_revenue": 2124840, 
        "long_term_average": 2124840, 
        "short_term_average": 2124840
    }, 
    {
        "date": "2011-10-31", 
        "operating_revenue": 2504474, 
        "accumulated_operating_revenue": 4629314, 
        "long_term_average": 2314657, 
        "short_term_average": 2314657
    }, 
    {
        "date": "2011-11-30", 
        "operating_revenue": 2997509, 
        "accumulated_operating_revenue": 7626823, 
        "long_term_average": 2542274, 
        "short_term_average": 2542274
    }, 
    {
        "date": "2011-12-31", 
        "operating_revenue": 2970386, 
        "accumulated_operating_revenue": 10597209, 
        "long_term_average": 2649302, 
        "short_term_average": 2824123
    }, 
    {
        "date": "2012-01-31", 
        "operating_revenue": 826329, 
        "accumulated_operating_revenue": 826329, 
        "long_term_average": 2284707, 
        "short_term_average": 2264741
    }, 
    {
        "date": "2012-02-29", 
        "operating_revenue": 530105, 
        "accumulated_operating_revenue": 1356434, 
        "long_term_average": 1992273, 
        "short_term_average": 1442273
    }, 
    {
        "date": "2012-03-31", 
        "operating_revenue": 545024, 
        "accumulated_operating_revenue": 1901458, 
        "long_term_average": 1785523, 
        "short_term_average": 633819
    }, 
    {
        "date": "2012-04-30", 
        "operating_revenue": 551959, 
        "accumulated_operating_revenue": 2453417, 
        "long_term_average": 1631328, 
        "short_term_average": 542362
    }, 
    {
        "date": "2012-05-31", 
        "operating_revenue": 554977, 
        "accumulated_operating_revenue": 3008394, 
        "long_term_average": 1511733, 
        "short_term_average": 550653
    }, 
    {
        "date": "2012-06-30", 
        "operating_revenue": 579046, 
        "accumulated_operating_revenue": 3587440, 
        "long_term_average": 1418464, 
        "short_term_average": 561994
    }, 
    {
        "date": "2012-07-31", 
        "operating_revenue": 480816, 
        "accumulated_operating_revenue": 4068256, 
        "long_term_average": 1333224, 
        "short_term_average": 538279
    }, 
    {
        "date": "2012-08-31", 
        "operating_revenue": 552334, 
        "accumulated_operating_revenue": 4620590, 
        "long_term_average": 1268149, 
        "short_term_average": 537398
    }, 
    {
        "accumulated_operating_revenue_yoy": 146.51545528133883, 
        "accumulated_operating_revenue": 5238059, 
        "long_term_average": 1142535, 
        "date": "2012-09-30", 
        "operating_revenue": 617469, 
        "short_term_average": 550206
    }, 
    {
        "accumulated_operating_revenue_yoy": 27.33128493768191, 
        "accumulated_operating_revenue": 5894565, 
        "long_term_average": 988538, 
        "date": "2012-10-31", 
        "operating_revenue": 656506, 
        "short_term_average": 608769
    }, 
    {
        "accumulated_operating_revenue_yoy": -11.800365630617101, 
        "accumulated_operating_revenue": 6726830, 
        "long_term_average": 808101, 
        "date": "2012-11-30", 
        "operating_revenue": 832265, 
        "short_term_average": 702080
    }, 
    {
        "accumulated_operating_revenue_yoy": -29.696724864065622, 
        "accumulated_operating_revenue": 7450185, 
        "long_term_average": 620848, 
        "date": "2012-12-31", 
        "operating_revenue": 723355, 
        "short_term_average": 737375
    }, 
    {
        "accumulated_operating_revenue_yoy": -15.04279772342493, 
        "accumulated_operating_revenue": 702026, 
        "long_term_average": 610490, 
        "date": "2013-01-31", 
        "operating_revenue": 702026, 
        "short_term_average": 752548
    }, 
    {
        "accumulated_operating_revenue_yoy": 0.9499172093887355, 
        "accumulated_operating_revenue": 1369319, 
        "long_term_average": 621922, 
        "date": "2013-02-28", 
        "operating_revenue": 667293, 
        "short_term_average": 697558
    }, 
    {
        "accumulated_operating_revenue_yoy": 0.8127447463998679, 
        "accumulated_operating_revenue": 1916912, 
        "long_term_average": 622136, 
        "date": "2013-03-31", 
        "operating_revenue": 547593, 
        "short_term_average": 638970
    }, 
    {
        "accumulated_operating_revenue_yoy": 1.3468154822437441, 
        "accumulated_operating_revenue": 2486460, 
        "long_term_average": 623602, 
        "date": "2013-04-30", 
        "operating_revenue": 569548, 
        "short_term_average": 594811
    }, 
    {
        "accumulated_operating_revenue_yoy": 0.12903894902064025, 
        "accumulated_operating_revenue": 3012276, 
        "long_term_average": 621172, 
        "date": "2013-05-31", 
        "operating_revenue": 525816, 
        "short_term_average": 547652
    }, 
    {
        "accumulated_operating_revenue_yoy": -0.19576634034297438, 
        "accumulated_operating_revenue": 3580417, 
        "long_term_average": 620263, 
        "date": "2013-06-30", 
        "operating_revenue": 568141, 
        "short_term_average": 554501
    }, 
    {
        "accumulated_operating_revenue_yoy": -0.3289124381553177, 
        "accumulated_operating_revenue": 4054875, 
        "long_term_average": 619733, 
        "date": "2013-07-31", 
        "operating_revenue": 474458, 
        "short_term_average": 522805
    }, 
    {
        "accumulated_operating_revenue_yoy": -0.3991698029905272, 
        "accumulated_operating_revenue": 4602146, 
        "long_term_average": 619311, 
        "date": "2013-08-31", 
        "operating_revenue": 547271, 
        "short_term_average": 529956
    }, 
    {
        "accumulated_operating_revenue_yoy": -2.000378384435914, 
        "accumulated_operating_revenue": 5133278, 
        "long_term_average": 612117, 
        "date": "2013-09-30", 
        "operating_revenue": 531132, 
        "short_term_average": 517620
    }, 
    {
        "accumulated_operating_revenue_yoy": -2.812726638861392, 
        "accumulated_operating_revenue": 5728767, 
        "long_term_average": 607032, 
        "date": "2013-10-31", 
        "operating_revenue": 595489, 
        "short_term_average": 557964
    }, 
    {
        "accumulated_operating_revenue_yoy": -3.8428353325414792, 
        "accumulated_operating_revenue": 6468329, 
        "long_term_average": 599307, 
        "date": "2013-11-30", 
        "operating_revenue": 739562, 
        "short_term_average": 622061
    }, 
    {
        "accumulated_operating_revenue_yoy": -3.957176902318533, 
        "accumulated_operating_revenue": 7155368, 
        "long_term_average": 596280, 
        "date": "2013-12-31", 
        "operating_revenue": 687039, 
        "short_term_average": 674030
    }, 
    {
        "accumulated_operating_revenue_yoy": 18.765401851213486, 
        "accumulated_operating_revenue": 833764, 
        "long_term_average": 607258, 
        "date": "2014-01-31", 
        "operating_revenue": 833764, 
        "short_term_average": 753455
    }, 
    {
        "accumulated_operating_revenue_yoy": 0.8755447050687238, 
        "accumulated_operating_revenue": 1381308, 
        "long_term_average": 597279, 
        "date": "2014-02-28", 
        "operating_revenue": 547544, 
        "short_term_average": 689449
    }, 
    {
        "accumulated_operating_revenue_yoy": 5.921502917191817, 
        "accumulated_operating_revenue": 2030422, 
        "long_term_average": 605739, 
        "date": "2014-03-31", 
        "operating_revenue": 649114, 
        "short_term_average": 676807
    }, 
    {
        "accumulated_operating_revenue_yoy": 3.950154034249495, 
        "accumulated_operating_revenue": 2584679, 
        "long_term_average": 604465, 
        "date": "2014-04-30", 
        "operating_revenue": 554257, 
        "short_term_average": 583638
    }, 
    {
        "accumulated_operating_revenue_yoy": 5.684870841848489, 
        "accumulated_operating_revenue": 3183520, 
        "long_term_average": 610551, 
        "date": "2014-05-31", 
        "operating_revenue": 598841, 
        "short_term_average": 600737
    }, 
    {
        "accumulated_operating_revenue_yoy": 5.5842936730554005, 
        "accumulated_operating_revenue": 3780358, 
        "long_term_average": 612942, 
        "date": "2014-06-30", 
        "operating_revenue": 596838, 
        "short_term_average": 583312
    }, 
    {
        "accumulated_operating_revenue_yoy": 4.976602238046795, 
        "accumulated_operating_revenue": 4256670, 
        "long_term_average": 613096, 
        "date": "2014-07-31", 
        "operating_revenue": 476312, 
        "short_term_average": 557330
    }, 
    {
        "accumulated_operating_revenue_yoy": 4.773012416381401, 
        "accumulated_operating_revenue": 4821807, 
        "long_term_average": 614585, 
        "date": "2014-08-31", 
        "operating_revenue": 565137, 
        "short_term_average": 546095
    }, 
    {
        "accumulated_operating_revenue_yoy": 5.131009853742579, 
        "accumulated_operating_revenue": 5396667, 
        "long_term_average": 618229, 
        "date": "2014-09-30", 
        "operating_revenue": 574860, 
        "short_term_average": 538769
    }, 
    {
        "accumulated_operating_revenue_yoy": 5.153901354340297, 
        "accumulated_operating_revenue": 6024022, 
        "long_term_average": 620885, 
        "date": "2014-10-31", 
        "operating_revenue": 627355, 
        "short_term_average": 589117
    }, 
    {
        "accumulated_operating_revenue_yoy": 5.46306472660868, 
        "accumulated_operating_revenue": 6821698, 
        "long_term_average": 625728, 
        "date": "2014-11-30", 
        "operating_revenue": 797676, 
        "short_term_average": 666630
    }, 
    {
        "accumulated_operating_revenue_yoy": 6.271669046232144, 
        "accumulated_operating_revenue": 7604129, 
        "long_term_average": 633677, 
        "date": "2014-12-31", 
        "operating_revenue": 782431, 
        "short_term_average": 735820
    }, 
    {
        "accumulated_operating_revenue_yoy": -19.326931841624248, 
        "accumulated_operating_revenue": 672623, 
        "long_term_average": 620249, 
        "date": "2015-01-31", 
        "operating_revenue": 672623, 
        "short_term_average": 750910
    }, 
    {
        "accumulated_operating_revenue_yoy": 7.170377642061003, 
        "accumulated_operating_revenue": 1480353, 
        "long_term_average": 641931, 
        "date": "2015-02-28", 
        "operating_revenue": 807730, 
        "short_term_average": 754261
    }, 
    {
        "accumulated_operating_revenue_yoy": 5.557859400656612, 
        "accumulated_operating_revenue": 2143270, 
        "long_term_average": 643081, 
        "date": "2015-03-31", 
        "operating_revenue": 662917, 
        "short_term_average": 714423
    }, 
    {
        "accumulated_operating_revenue_yoy": 3.54848706551181, 
        "accumulated_operating_revenue": 2676396, 
        "long_term_average": 641320, 
        "date": "2015-04-30", 
        "operating_revenue": 533126, 
        "short_term_average": 667924
    }, 
    {
        "accumulated_operating_revenue_yoy": 3.2179788410313113, 
        "accumulated_operating_revenue": 3285965, 
        "long_term_average": 642214, 
        "date": "2015-05-31", 
        "operating_revenue": 609569, 
        "short_term_average": 601870
    }, 
    {
        "accumulated_operating_revenue_yoy": 1.4087554670748115, 
        "accumulated_operating_revenue": 3833614, 
        "long_term_average": 638115, 
        "date": "2015-06-30", 
        "operating_revenue": 547649, 
        "short_term_average": 563448
    }, 
    {
        "accumulated_operating_revenue_yoy": 0.7612288479022334, 
        "accumulated_operating_revenue": 4289073, 
        "long_term_average": 636377, 
        "date": "2015-07-31", 
        "operating_revenue": 455459, 
        "short_term_average": 537559
    }, 
    {
        "accumulated_operating_revenue_yoy": -0.3068144369942638, 
        "accumulated_operating_revenue": 4807013, 
        "long_term_average": 632444, 
        "date": "2015-08-31", 
        "operating_revenue": 517940, 
        "short_term_average": 507016
    }
]