[
    {
        "date": "2012-01-31", 
        "operating_revenue": 459730, 
        "accumulated_operating_revenue": 459730, 
        "long_term_average": 459730, 
        "short_term_average": 459730
    }, 
    {
        "date": "2012-02-29", 
        "operating_revenue": 695402, 
        "accumulated_operating_revenue": 1155132, 
        "long_term_average": 577566, 
        "short_term_average": 577566
    }, 
    {
        "date": "2012-03-31", 
        "operating_revenue": 610247, 
        "accumulated_operating_revenue": 1765379, 
        "long_term_average": 588459, 
        "short_term_average": 588459
    }, 
    {
        "date": "2012-04-30", 
        "operating_revenue": 376210, 
        "accumulated_operating_revenue": 2141589, 
        "long_term_average": 535397, 
        "short_term_average": 560619
    }, 
    {
        "date": "2012-05-31", 
        "operating_revenue": 506485, 
        "accumulated_operating_revenue": 2648074, 
        "long_term_average": 529614, 
        "short_term_average": 497647
    }, 
    {
        "date": "2012-06-30", 
        "operating_revenue": 402922, 
        "accumulated_operating_revenue": 3050996, 
        "long_term_average": 508499, 
        "short_term_average": 428539
    }, 
    {
        "date": "2012-07-31", 
        "operating_revenue": 507227, 
        "accumulated_operating_revenue": 3558223, 
        "long_term_average": 508317, 
        "short_term_average": 472211
    }, 
    {
        "date": "2012-08-31", 
        "operating_revenue": 502311, 
        "accumulated_operating_revenue": 4060534, 
        "long_term_average": 507566, 
        "short_term_average": 470820
    }, 
    {
        "date": "2012-09-30", 
        "operating_revenue": 485636, 
        "accumulated_operating_revenue": 4546170, 
        "long_term_average": 505130, 
        "short_term_average": 498391
    }, 
    {
        "date": "2012-10-31", 
        "operating_revenue": 417943, 
        "accumulated_operating_revenue": 4964113, 
        "long_term_average": 496411, 
        "short_term_average": 468630
    }, 
    {
        "date": "2012-11-30", 
        "operating_revenue": 444494, 
        "accumulated_operating_revenue": 5408607, 
        "long_term_average": 491691, 
        "short_term_average": 449357
    }, 
    {
        "date": "2012-12-31", 
        "operating_revenue": 464350, 
        "accumulated_operating_revenue": 5872957, 
        "long_term_average": 489413, 
        "short_term_average": 442262
    }, 
    {
        "accumulated_operating_revenue_yoy": 14.646640419376592, 
        "accumulated_operating_revenue": 527065, 
        "long_term_average": 495024, 
        "date": "2013-01-31", 
        "operating_revenue": 527065, 
        "short_term_average": 478636
    }, 
    {
        "accumulated_operating_revenue_yoy": -23.855195769834097, 
        "accumulated_operating_revenue": 879573, 
        "long_term_average": 466449, 
        "date": "2013-02-28", 
        "operating_revenue": 352508, 
        "short_term_average": 447974
    }, 
    {
        "accumulated_operating_revenue_yoy": -22.446058325152844, 
        "accumulated_operating_revenue": 1369121, 
        "long_term_average": 456391, 
        "date": "2013-03-31", 
        "operating_revenue": 489548, 
        "short_term_average": 456373
    }, 
    {
        "accumulated_operating_revenue_yoy": -14.704735595858962, 
        "accumulated_operating_revenue": 1826674, 
        "long_term_average": 463170, 
        "date": "2013-04-30", 
        "operating_revenue": 457553, 
        "short_term_average": 433203
    }, 
    {
        "accumulated_operating_revenue_yoy": -10.132534060604046, 
        "accumulated_operating_revenue": 2379757, 
        "long_term_average": 467053, 
        "date": "2013-05-31", 
        "operating_revenue": 553083, 
        "short_term_average": 500061
    }, 
    {
        "accumulated_operating_revenue_yoy": -8.492374293509398, 
        "accumulated_operating_revenue": 2791894, 
        "long_term_average": 467821, 
        "date": "2013-06-30", 
        "operating_revenue": 412137, 
        "short_term_average": 474257
    }, 
    {
        "accumulated_operating_revenue_yoy": -7.247044381422975, 
        "accumulated_operating_revenue": 3300357, 
        "long_term_average": 467924, 
        "date": "2013-07-31", 
        "operating_revenue": 508463, 
        "short_term_average": 491227
    }, 
    {
        "accumulated_operating_revenue_yoy": -5.490607885563819, 
        "accumulated_operating_revenue": 3837586, 
        "long_term_average": 470834, 
        "date": "2013-08-31", 
        "operating_revenue": 537229, 
        "short_term_average": 485943
    }, 
    {
        "accumulated_operating_revenue_yoy": -4.313411069097723, 
        "accumulated_operating_revenue": 4350075, 
        "long_term_average": 473071, 
        "date": "2013-09-30", 
        "operating_revenue": 512489, 
        "short_term_average": 519393
    }, 
    {
        "accumulated_operating_revenue_yoy": -1.0764057949526935, 
        "accumulated_operating_revenue": 4910679, 
        "long_term_average": 484960, 
        "date": "2013-10-31", 
        "operating_revenue": 560604, 
        "short_term_average": 536774
    }, 
    {
        "accumulated_operating_revenue_yoy": -0.9598035131781621, 
        "accumulated_operating_revenue": 5356695, 
        "long_term_average": 485087, 
        "date": "2013-11-30", 
        "operating_revenue": 446016, 
        "short_term_average": 506369
    }, 
    {
        "accumulated_operating_revenue_yoy": 1.6669967105156738, 
        "accumulated_operating_revenue": 5970859, 
        "long_term_average": 497571, 
        "date": "2013-12-31", 
        "operating_revenue": 614164, 
        "short_term_average": 540261
    }, 
    {
        "accumulated_operating_revenue_yoy": -6.696896967167238, 
        "accumulated_operating_revenue": 491768, 
        "long_term_average": 494630, 
        "date": "2014-01-31", 
        "operating_revenue": 491768, 
        "short_term_average": 517316
    }, 
    {
        "accumulated_operating_revenue_yoy": 15.88316148858594, 
        "accumulated_operating_revenue": 1019277, 
        "long_term_average": 509213, 
        "date": "2014-02-28", 
        "operating_revenue": 527509, 
        "short_term_average": 544480
    }, 
    {
        "accumulated_operating_revenue_yoy": 20.326618319345037, 
        "accumulated_operating_revenue": 1647417, 
        "long_term_average": 520762, 
        "date": "2014-03-31", 
        "operating_revenue": 628140, 
        "short_term_average": 549139
    }, 
    {
        "accumulated_operating_revenue_yoy": 14.625762451318627, 
        "accumulated_operating_revenue": 2093839, 
        "long_term_average": 519835, 
        "date": "2014-04-30", 
        "operating_revenue": 446422, 
        "short_term_average": 534023
    }, 
    {
        "accumulated_operating_revenue_yoy": 19.939388769525628, 
        "accumulated_operating_revenue": 2854266, 
        "long_term_average": 537114, 
        "date": "2014-05-31", 
        "operating_revenue": 760427, 
        "short_term_average": 611663
    }, 
    {
        "accumulated_operating_revenue_yoy": 25.521062046051888, 
        "accumulated_operating_revenue": 3504415, 
        "long_term_average": 556948, 
        "date": "2014-06-30", 
        "operating_revenue": 650149, 
        "short_term_average": 618999
    }, 
    {
        "accumulated_operating_revenue_yoy": 24.690298655569684, 
        "accumulated_operating_revenue": 4115225, 
        "long_term_average": 565477, 
        "date": "2014-07-31", 
        "operating_revenue": 610810, 
        "short_term_average": 673795
    }, 
    {
        "accumulated_operating_revenue_yoy": 20.766101398118504, 
        "accumulated_operating_revenue": 4634503, 
        "long_term_average": 563981, 
        "date": "2014-08-31", 
        "operating_revenue": 519278, 
        "short_term_average": 593412
    }, 
    {
        "accumulated_operating_revenue_yoy": 20.71550490508784, 
        "accumulated_operating_revenue": 5251215, 
        "long_term_average": 572666, 
        "date": "2014-09-30", 
        "operating_revenue": 616712, 
        "short_term_average": 582266
    }, 
    {
        "accumulated_operating_revenue_yoy": 7.656960121866188, 
        "accumulated_operating_revenue": 5766855, 
        "long_term_average": 568919, 
        "date": "2014-11-30", 
        "operating_revenue": 515640, 
        "short_term_average": 550543
    }, 
    {
        "accumulated_operating_revenue_yoy": 7.851416353995296, 
        "accumulated_operating_revenue": 6439656, 
        "long_term_average": 587818, 
        "date": "2014-12-31", 
        "operating_revenue": 672801, 
        "short_term_average": 601717
    }, 
    {
        "accumulated_operating_revenue_yoy": 11.397244228986025, 
        "accumulated_operating_revenue": 547816, 
        "long_term_average": 582289, 
        "date": "2015-01-31", 
        "operating_revenue": 547816, 
        "short_term_average": 578752
    }, 
    {
        "accumulated_operating_revenue_yoy": -5.154536009347802, 
        "accumulated_operating_revenue": 966738, 
        "long_term_average": 576218, 
        "date": "2015-02-28", 
        "operating_revenue": 418922, 
        "short_term_average": 546513
    }, 
    {
        "accumulated_operating_revenue_yoy": 0.1867165386784281, 
        "accumulated_operating_revenue": 1650493, 
        "long_term_average": 589239, 
        "date": "2015-03-31", 
        "operating_revenue": 683755, 
        "short_term_average": 550164
    }, 
    {
        "accumulated_operating_revenue_yoy": 11.951730768220479, 
        "accumulated_operating_revenue": 2344089, 
        "long_term_average": 594694, 
        "date": "2015-04-30", 
        "operating_revenue": 693596, 
        "short_term_average": 598757
    }, 
    {
        "accumulated_operating_revenue_yoy": 2.658231573371227, 
        "accumulated_operating_revenue": 2930139, 
        "long_term_average": 606329, 
        "date": "2015-05-31", 
        "operating_revenue": 586050, 
        "short_term_average": 654467
    }, 
    {
        "accumulated_operating_revenue_yoy": -4.246728769281035, 
        "accumulated_operating_revenue": 3355592, 
        "long_term_average": 578415, 
        "date": "2015-06-30", 
        "operating_revenue": 425453, 
        "short_term_average": 568366
    }, 
    {
        "accumulated_operating_revenue_yoy": -11.516065342721236, 
        "accumulated_operating_revenue": 3641313, 
        "long_term_average": 548046, 
        "date": "2015-07-31", 
        "operating_revenue": 285721, 
        "short_term_average": 432408
    }, 
    {
        "accumulated_operating_revenue_yoy": -11.770258860550959, 
        "accumulated_operating_revenue": 4089010, 
        "long_term_average": 534453, 
        "date": "2015-08-31", 
        "operating_revenue": 447697, 
        "short_term_average": 386290
    }, 
    {
        "accumulated_operating_revenue_yoy": -11.332977225270723, 
        "accumulated_operating_revenue": 4656096, 
        "long_term_average": 538437, 
        "date": "2015-09-30", 
        "operating_revenue": 567086, 
        "short_term_average": 433501
    }
]