[
    {
        "date": "2011-09-30", 
        "operating_revenue": -1530, 
        "accumulated_operating_revenue": -1530, 
        "long_term_average": -1530, 
        "short_term_average": -1530
    }, 
    {
        "date": "2011-10-31", 
        "operating_revenue": 62039, 
        "accumulated_operating_revenue": 60509, 
        "long_term_average": 30254, 
        "short_term_average": 30254
    }, 
    {
        "date": "2011-11-30", 
        "operating_revenue": -13587, 
        "accumulated_operating_revenue": 46922, 
        "long_term_average": 15640, 
        "short_term_average": 15640
    }, 
    {
        "date": "2011-12-31", 
        "operating_revenue": 44688, 
        "accumulated_operating_revenue": 91610, 
        "long_term_average": 22902, 
        "short_term_average": 31046
    }, 
    {
        "date": "2012-01-31", 
        "operating_revenue": 104518, 
        "accumulated_operating_revenue": 104518, 
        "long_term_average": 39225, 
        "short_term_average": 45206
    }, 
    {
        "date": "2012-02-29", 
        "operating_revenue": 173317, 
        "accumulated_operating_revenue": 277835, 
        "long_term_average": 61574, 
        "short_term_average": 107507
    }, 
    {
        "date": "2012-03-31", 
        "operating_revenue": 69186, 
        "accumulated_operating_revenue": 347021, 
        "long_term_average": 62661, 
        "short_term_average": 115673
    }, 
    {
        "date": "2012-04-30", 
        "operating_revenue": -9484, 
        "accumulated_operating_revenue": 337537, 
        "long_term_average": 53643, 
        "short_term_average": 77673
    }, 
    {
        "date": "2012-05-31", 
        "operating_revenue": 52728, 
        "accumulated_operating_revenue": 390265, 
        "long_term_average": 53541, 
        "short_term_average": 37476
    }, 
    {
        "date": "2012-06-30", 
        "operating_revenue": 40893, 
        "accumulated_operating_revenue": 431158, 
        "long_term_average": 52276, 
        "short_term_average": 28045
    }, 
    {
        "date": "2012-07-31", 
        "operating_revenue": 29671, 
        "accumulated_operating_revenue": 460829, 
        "long_term_average": 50221, 
        "short_term_average": 41097
    }, 
    {
        "date": "2012-08-31", 
        "operating_revenue": 82179, 
        "accumulated_operating_revenue": 543008, 
        "long_term_average": 52884, 
        "short_term_average": 50914
    }, 
    {
        "accumulated_operating_revenue_yoy": -40240.13071895425, 
        "accumulated_operating_revenue": 614144, 
        "long_term_average": 58940, 
        "date": "2012-09-30", 
        "operating_revenue": 71136, 
        "short_term_average": 60995
    }, 
    {
        "accumulated_operating_revenue_yoy": 910.7868251003983, 
        "accumulated_operating_revenue": 611617, 
        "long_term_average": 53559, 
        "date": "2012-10-31", 
        "operating_revenue": -2527, 
        "short_term_average": 50262
    }, 
    {
        "accumulated_operating_revenue_yoy": 1388.2677635224416, 
        "accumulated_operating_revenue": 698325, 
        "long_term_average": 61917, 
        "date": "2012-11-30", 
        "operating_revenue": 86708, 
        "short_term_average": 51772
    }, 
    {
        "accumulated_operating_revenue_yoy": 748.0329658334243, 
        "accumulated_operating_revenue": 776883, 
        "long_term_average": 64740, 
        "date": "2012-12-31", 
        "operating_revenue": 78558, 
        "short_term_average": 54246
    }, 
    {
        "accumulated_operating_revenue_yoy": -28.29177749287204, 
        "accumulated_operating_revenue": 74948, 
        "long_term_average": 62276, 
        "date": "2013-01-31", 
        "operating_revenue": 74948, 
        "short_term_average": 80071
    }, 
    {
        "accumulated_operating_revenue_yoy": -49.11764176579624, 
        "accumulated_operating_revenue": 141369, 
        "long_term_average": 53368, 
        "date": "2013-02-28", 
        "operating_revenue": 66421, 
        "short_term_average": 73309
    }, 
    {
        "accumulated_operating_revenue_yoy": -22.48192472501664, 
        "accumulated_operating_revenue": 269004, 
        "long_term_average": 58238, 
        "date": "2013-03-31", 
        "operating_revenue": 127635, 
        "short_term_average": 89668
    }, 
    {
        "accumulated_operating_revenue_yoy": 11.682274832092482, 
        "accumulated_operating_revenue": 376969, 
        "long_term_average": 68026, 
        "date": "2013-04-30", 
        "operating_revenue": 107965, 
        "short_term_average": 100673
    }, 
    {
        "accumulated_operating_revenue_yoy": 22.433474690274558, 
        "accumulated_operating_revenue": 477815, 
        "long_term_average": 72036, 
        "date": "2013-05-31", 
        "operating_revenue": 100846, 
        "short_term_average": 112148
    }, 
    {
        "accumulated_operating_revenue_yoy": 16.32093107399144, 
        "accumulated_operating_revenue": 501527, 
        "long_term_average": 70604, 
        "date": "2013-06-30", 
        "operating_revenue": 23712, 
        "short_term_average": 77507
    }, 
    {
        "accumulated_operating_revenue_yoy": 43.15418517497814, 
        "accumulated_operating_revenue": 659696, 
        "long_term_average": 81312, 
        "date": "2013-07-31", 
        "operating_revenue": 158169, 
        "short_term_average": 94242
    }, 
    {
        "accumulated_operating_revenue_yoy": 33.093435087512525, 
        "accumulated_operating_revenue": 722708, 
        "long_term_average": 79715, 
        "date": "2013-08-31", 
        "operating_revenue": 63012, 
        "short_term_average": 81631
    }, 
    {
        "accumulated_operating_revenue_yoy": 28.04586546477699, 
        "accumulated_operating_revenue": 786386, 
        "long_term_average": 79093, 
        "date": "2013-09-30", 
        "operating_revenue": 63678, 
        "short_term_average": 94953
    }, 
    {
        "accumulated_operating_revenue_yoy": 46.53189823042852, 
        "accumulated_operating_revenue": 896214, 
        "long_term_average": 88456, 
        "date": "2013-10-31", 
        "operating_revenue": 109828, 
        "short_term_average": 78839
    }, 
    {
        "accumulated_operating_revenue_yoy": 34.058210718504995, 
        "accumulated_operating_revenue": 936162, 
        "long_term_average": 84560, 
        "date": "2013-11-30", 
        "operating_revenue": 39948, 
        "short_term_average": 71151
    }, 
    {
        "accumulated_operating_revenue_yoy": 37.226841107348214, 
        "accumulated_operating_revenue": 1066092, 
        "long_term_average": 88841, 
        "date": "2013-12-31", 
        "operating_revenue": 129930, 
        "short_term_average": 93235
    }, 
    {
        "accumulated_operating_revenue_yoy": -15.388002348294819, 
        "accumulated_operating_revenue": 63415, 
        "long_term_average": 87879, 
        "date": "2014-01-31", 
        "operating_revenue": 63415, 
        "short_term_average": 77764
    }, 
    {
        "accumulated_operating_revenue_yoy": 89.9249481852457, 
        "accumulated_operating_revenue": 268495, 
        "long_term_average": 99434, 
        "date": "2014-02-28", 
        "operating_revenue": 205080, 
        "short_term_average": 132808
    }, 
    {
        "accumulated_operating_revenue_yoy": 42.36442580779468, 
        "accumulated_operating_revenue": 382966, 
        "long_term_average": 98337, 
        "date": "2014-03-31", 
        "operating_revenue": 114471, 
        "short_term_average": 127655
    }, 
    {
        "accumulated_operating_revenue_yoy": 7.451541108154782, 
        "accumulated_operating_revenue": 405059, 
        "long_term_average": 91181, 
        "date": "2014-04-30", 
        "operating_revenue": 22093, 
        "short_term_average": 113881
    }, 
    {
        "accumulated_operating_revenue_yoy": 27.365193641890688, 
        "accumulated_operating_revenue": 608570, 
        "long_term_average": 99737, 
        "date": "2014-05-31", 
        "operating_revenue": 203511, 
        "short_term_average": 113358
    }, 
    {
        "accumulated_operating_revenue_yoy": 57.69958546598688, 
        "accumulated_operating_revenue": 790906, 
        "long_term_average": 112955, 
        "date": "2014-06-30", 
        "operating_revenue": 182336, 
        "short_term_average": 135980
    }, 
    {
        "accumulated_operating_revenue_yoy": 20.547797773519925, 
        "accumulated_operating_revenue": 795249, 
        "long_term_average": 100137, 
        "date": "2014-07-31", 
        "operating_revenue": 4343, 
        "short_term_average": 130063
    }, 
    {
        "accumulated_operating_revenue_yoy": 11.92736208814625, 
        "accumulated_operating_revenue": 808908, 
        "long_term_average": 96024, 
        "date": "2014-08-31", 
        "operating_revenue": 13659, 
        "short_term_average": 66779
    }, 
    {
        "accumulated_operating_revenue_yoy": 7.799731938259328, 
        "accumulated_operating_revenue": 847722, 
        "long_term_average": 93952, 
        "date": "2014-09-30", 
        "operating_revenue": 38814, 
        "short_term_average": 18938
    }, 
    {
        "accumulated_operating_revenue_yoy": -4.941788456774833, 
        "accumulated_operating_revenue": 851925, 
        "long_term_average": 85150, 
        "date": "2014-10-31", 
        "operating_revenue": 4203, 
        "short_term_average": 18892
    }, 
    {
        "accumulated_operating_revenue_yoy": -0.058430058045509214, 
        "accumulated_operating_revenue": 935615, 
        "long_term_average": 88795, 
        "date": "2014-11-30", 
        "operating_revenue": 83690, 
        "short_term_average": 42235
    }, 
    {
        "accumulated_operating_revenue_yoy": 0.9963492831763112, 
        "accumulated_operating_revenue": 1076714, 
        "long_term_average": 89726, 
        "date": "2014-12-31", 
        "operating_revenue": 141099, 
        "short_term_average": 76330
    }, 
    {
        "accumulated_operating_revenue_yoy": -8.188914294725222, 
        "accumulated_operating_revenue": 58222, 
        "long_term_average": 89293, 
        "date": "2015-01-31", 
        "operating_revenue": 58222, 
        "short_term_average": 94337
    }, 
    {
        "accumulated_operating_revenue_yoy": -64.03843646995288, 
        "accumulated_operating_revenue": 96555, 
        "long_term_average": 75397, 
        "date": "2015-02-28", 
        "operating_revenue": 38333, 
        "short_term_average": 79218
    }, 
    {
        "accumulated_operating_revenue_yoy": -53.07442436143156, 
        "accumulated_operating_revenue": 179709, 
        "long_term_average": 72788, 
        "date": "2015-03-31", 
        "operating_revenue": 83154, 
        "short_term_average": 59903
    }, 
    {
        "accumulated_operating_revenue_yoy": -50.99923714816854, 
        "accumulated_operating_revenue": 198482, 
        "long_term_average": 72511, 
        "date": "2015-04-30", 
        "operating_revenue": 18773, 
        "short_term_average": 46753
    }, 
    {
        "accumulated_operating_revenue_yoy": -60.7972788668518, 
        "accumulated_operating_revenue": 238576, 
        "long_term_average": 58893, 
        "date": "2015-05-31", 
        "operating_revenue": 40094, 
        "short_term_average": 47340
    }, 
    {
        "accumulated_operating_revenue_yoy": -62.37226674219186, 
        "accumulated_operating_revenue": 297600, 
        "long_term_average": 48617, 
        "date": "2015-06-30", 
        "operating_revenue": 59024, 
        "short_term_average": 39297
    }, 
    {
        "accumulated_operating_revenue_yoy": -71.36444057144367, 
        "accumulated_operating_revenue": 227724, 
        "long_term_average": 42432, 
        "date": "2015-07-31", 
        "operating_revenue": -69876, 
        "short_term_average": 9747
    }, 
    {
        "accumulated_operating_revenue_yoy": -75.78488530216045, 
        "accumulated_operating_revenue": 195878, 
        "long_term_average": 38640, 
        "date": "2015-08-31", 
        "operating_revenue": -31846, 
        "short_term_average": -14232
    }, 
    {
        "accumulated_operating_revenue_yoy": -63.91942169720733, 
        "accumulated_operating_revenue": 305863, 
        "long_term_average": 44571, 
        "date": "2015-09-30", 
        "operating_revenue": 109985, 
        "short_term_average": 2754
    }, 
    {
        "accumulated_operating_revenue_yoy": -56.01901575842943, 
        "accumulated_operating_revenue": 374685, 
        "long_term_average": 49956, 
        "date": "2015-10-31", 
        "operating_revenue": 68822, 
        "short_term_average": 48987
    }
]