[
    {
        "date": "2011-09-30", 
        "operating_revenue": 106160, 
        "accumulated_operating_revenue": 106160, 
        "long_term_average": 106160, 
        "short_term_average": 106160
    }, 
    {
        "date": "2011-10-31", 
        "operating_revenue": 174844, 
        "accumulated_operating_revenue": 281004, 
        "long_term_average": 140502, 
        "short_term_average": 140502
    }, 
    {
        "date": "2011-11-30", 
        "operating_revenue": 79556, 
        "accumulated_operating_revenue": 360560, 
        "long_term_average": 120186, 
        "short_term_average": 120186
    }, 
    {
        "date": "2011-12-31", 
        "operating_revenue": 85035, 
        "accumulated_operating_revenue": 445595, 
        "long_term_average": 111398, 
        "short_term_average": 113145
    }, 
    {
        "date": "2012-01-31", 
        "operating_revenue": 138836, 
        "accumulated_operating_revenue": 138836, 
        "long_term_average": 116886, 
        "short_term_average": 101142
    }, 
    {
        "date": "2012-02-29", 
        "operating_revenue": 202086, 
        "accumulated_operating_revenue": 340922, 
        "long_term_average": 131086, 
        "short_term_average": 141985
    }, 
    {
        "date": "2012-03-31", 
        "operating_revenue": 178410, 
        "accumulated_operating_revenue": 519332, 
        "long_term_average": 137846, 
        "short_term_average": 173110
    }, 
    {
        "date": "2012-04-30", 
        "operating_revenue": 109179, 
        "accumulated_operating_revenue": 628511, 
        "long_term_average": 134263, 
        "short_term_average": 163225
    }, 
    {
        "date": "2012-05-31", 
        "operating_revenue": 156563, 
        "accumulated_operating_revenue": 785074, 
        "long_term_average": 136741, 
        "short_term_average": 148050
    }, 
    {
        "date": "2012-06-30", 
        "operating_revenue": 113291, 
        "accumulated_operating_revenue": 898365, 
        "long_term_average": 134396, 
        "short_term_average": 126344
    }, 
    {
        "date": "2012-07-31", 
        "operating_revenue": 160387, 
        "accumulated_operating_revenue": 1058752, 
        "long_term_average": 136758, 
        "short_term_average": 143413
    }, 
    {
        "date": "2012-08-31", 
        "operating_revenue": 173105, 
        "accumulated_operating_revenue": 1231857, 
        "long_term_average": 139787, 
        "short_term_average": 148927
    }, 
    {
        "accumulated_operating_revenue_yoy": 1222.506593820648, 
        "accumulated_operating_revenue": 1403973, 
        "long_term_average": 145284, 
        "date": "2012-09-30", 
        "operating_revenue": 172116, 
        "short_term_average": 168536
    }, 
    {
        "accumulated_operating_revenue_yoy": 436.47172282245094, 
        "accumulated_operating_revenue": 1507507, 
        "long_term_average": 139341, 
        "date": "2012-10-31", 
        "operating_revenue": 103534, 
        "short_term_average": 149585
    }, 
    {
        "accumulated_operating_revenue_yoy": 362.52218770800977, 
        "accumulated_operating_revenue": 1667670, 
        "long_term_average": 146058, 
        "date": "2012-11-30", 
        "operating_revenue": 160163, 
        "short_term_average": 145271
    }, 
    {
        "accumulated_operating_revenue_yoy": 309.4747472480616, 
        "accumulated_operating_revenue": 1824599, 
        "long_term_average": 152049, 
        "date": "2012-12-31", 
        "operating_revenue": 156929, 
        "short_term_average": 140208
    }, 
    {
        "accumulated_operating_revenue_yoy": 26.49961105188856, 
        "accumulated_operating_revenue": 175627, 
        "long_term_average": 155115, 
        "date": "2013-01-31", 
        "operating_revenue": 175627, 
        "short_term_average": 164239
    }, 
    {
        "accumulated_operating_revenue_yoy": -3.9806759317380513, 
        "accumulated_operating_revenue": 327351, 
        "long_term_average": 150919, 
        "date": "2013-02-28", 
        "operating_revenue": 151724, 
        "short_term_average": 161426
    }, 
    {
        "accumulated_operating_revenue_yoy": -7.479030754892824, 
        "accumulated_operating_revenue": 480491, 
        "long_term_average": 148813, 
        "date": "2013-03-31", 
        "operating_revenue": 153140, 
        "short_term_average": 160163
    }, 
    {
        "accumulated_operating_revenue_yoy": 0.03898102022080759, 
        "accumulated_operating_revenue": 628756, 
        "long_term_average": 152070, 
        "date": "2013-04-30", 
        "operating_revenue": 148265, 
        "short_term_average": 151043
    }, 
    {
        "accumulated_operating_revenue_yoy": 3.2467003110534804, 
        "accumulated_operating_revenue": 810563, 
        "long_term_average": 154174, 
        "date": "2013-05-31", 
        "operating_revenue": 181807, 
        "short_term_average": 161070
    }, 
    {
        "accumulated_operating_revenue_yoy": 1.8047230246058117, 
        "accumulated_operating_revenue": 914578, 
        "long_term_average": 153401, 
        "date": "2013-06-30", 
        "operating_revenue": 104015, 
        "short_term_average": 144695
    }, 
    {
        "accumulated_operating_revenue_yoy": 3.8113741461645407, 
        "accumulated_operating_revenue": 1099105, 
        "long_term_average": 155412, 
        "date": "2013-07-31", 
        "operating_revenue": 184527, 
        "short_term_average": 156783
    }, 
    {
        "accumulated_operating_revenue_yoy": 1.9329353975339671, 
        "accumulated_operating_revenue": 1255668, 
        "long_term_average": 154034, 
        "date": "2013-08-31", 
        "operating_revenue": 156563, 
        "short_term_average": 148368
    }, 
    {
        "accumulated_operating_revenue_yoy": 2.4009720984662812, 
        "accumulated_operating_revenue": 1437682, 
        "long_term_average": 154859, 
        "date": "2013-09-30", 
        "operating_revenue": 182014, 
        "short_term_average": 174368
    }, 
    {
        "accumulated_operating_revenue_yoy": 8.9935237448317, 
        "accumulated_operating_revenue": 1643085, 
        "long_term_average": 163348, 
        "date": "2013-10-31", 
        "operating_revenue": 205403, 
        "short_term_average": 181326
    }, 
    {
        "accumulated_operating_revenue_yoy": 10.106555853376268, 
        "accumulated_operating_revenue": 1836214, 
        "long_term_average": 166095, 
        "date": "2013-11-30", 
        "operating_revenue": 193129, 
        "short_term_average": 193515
    }, 
    {
        "accumulated_operating_revenue_yoy": 14.197037266818628, 
        "accumulated_operating_revenue": 2083638, 
        "long_term_average": 173636, 
        "date": "2013-12-31", 
        "operating_revenue": 247424, 
        "short_term_average": 215318
    }, 
    {
        "accumulated_operating_revenue_yoy": -7.6468880069693155, 
        "accumulated_operating_revenue": 162197, 
        "long_term_average": 172517, 
        "date": "2014-01-31", 
        "operating_revenue": 162197, 
        "short_term_average": 200916
    }, 
    {
        "accumulated_operating_revenue_yoy": 20.351549254469973, 
        "accumulated_operating_revenue": 393972, 
        "long_term_average": 179188, 
        "date": "2014-02-28", 
        "operating_revenue": 231775, 
        "short_term_average": 213798
    }, 
    {
        "accumulated_operating_revenue_yoy": 33.43080307435519, 
        "accumulated_operating_revenue": 641123, 
        "long_term_average": 187022, 
        "date": "2014-03-31", 
        "operating_revenue": 247151, 
        "short_term_average": 213707
    }, 
    {
        "accumulated_operating_revenue_yoy": 23.173059183530654, 
        "accumulated_operating_revenue": 774458, 
        "long_term_average": 185778, 
        "date": "2014-04-30", 
        "operating_revenue": 133335, 
        "short_term_average": 204087
    }, 
    {
        "accumulated_operating_revenue_yoy": 38.33952450333904, 
        "accumulated_operating_revenue": 1121329, 
        "long_term_average": 199533, 
        "date": "2014-05-31", 
        "operating_revenue": 346871, 
        "short_term_average": 242452
    }, 
    {
        "accumulated_operating_revenue_yoy": 54.57620891821146, 
        "accumulated_operating_revenue": 1413720, 
        "long_term_average": 215231, 
        "date": "2014-06-30", 
        "operating_revenue": 292391, 
        "short_term_average": 257532
    }, 
    {
        "accumulated_operating_revenue_yoy": 43.606570800787914, 
        "accumulated_operating_revenue": 1578387, 
        "long_term_average": 213576, 
        "date": "2014-07-31", 
        "operating_revenue": 164667, 
        "short_term_average": 267976
    }, 
    {
        "accumulated_operating_revenue_yoy": 37.006358368613355, 
        "accumulated_operating_revenue": 1720345, 
        "long_term_average": 212359, 
        "date": "2014-08-31", 
        "operating_revenue": 141958, 
        "short_term_average": 199672
    }, 
    {
        "accumulated_operating_revenue_yoy": 27.08770089630391, 
        "accumulated_operating_revenue": 1827117, 
        "long_term_average": 206089, 
        "date": "2014-09-30", 
        "operating_revenue": 106772, 
        "short_term_average": 137799
    }, 
    {
        "accumulated_operating_revenue_yoy": 16.412054154228176, 
        "accumulated_operating_revenue": 1912749, 
        "long_term_average": 196108, 
        "date": "2014-10-31", 
        "operating_revenue": 85632, 
        "short_term_average": 111454
    }, 
    {
        "accumulated_operating_revenue_yoy": 13.703304734633326, 
        "accumulated_operating_revenue": 2087836, 
        "long_term_average": 194605, 
        "date": "2014-11-30", 
        "operating_revenue": 175087, 
        "short_term_average": 122497
    }, 
    {
        "accumulated_operating_revenue_yoy": 11.559829490535305, 
        "accumulated_operating_revenue": 2324503, 
        "long_term_average": 193708, 
        "date": "2014-12-31", 
        "operating_revenue": 236667, 
        "short_term_average": 165795
    }, 
    {
        "accumulated_operating_revenue_yoy": 26.973988421487448, 
        "accumulated_operating_revenue": 205948, 
        "long_term_average": 197354, 
        "date": "2015-01-31", 
        "operating_revenue": 205948, 
        "short_term_average": 205900
    }, 
    {
        "accumulated_operating_revenue_yoy": -13.988811387611303, 
        "accumulated_operating_revenue": 338860, 
        "long_term_average": 189115, 
        "date": "2015-02-28", 
        "operating_revenue": 132912, 
        "short_term_average": 191842
    }, 
    {
        "accumulated_operating_revenue_yoy": -16.015179614520147, 
        "accumulated_operating_revenue": 538446, 
        "long_term_average": 185152, 
        "date": "2015-03-31", 
        "operating_revenue": 199586, 
        "short_term_average": 179482
    }, 
    {
        "accumulated_operating_revenue_yoy": 3.4484762246629255, 
        "accumulated_operating_revenue": 801165, 
        "long_term_average": 195934, 
        "date": "2015-04-30", 
        "operating_revenue": 262719, 
        "short_term_average": 198405
    }, 
    {
        "accumulated_operating_revenue_yoy": 2.943560721251301, 
        "accumulated_operating_revenue": 1154336, 
        "long_term_average": 196459, 
        "date": "2015-05-31", 
        "operating_revenue": 353171, 
        "short_term_average": 271825
    }, 
    {
        "accumulated_operating_revenue_yoy": 1.7004074357015533, 
        "accumulated_operating_revenue": 1437759, 
        "long_term_average": 195711, 
        "date": "2015-06-30", 
        "operating_revenue": 283423, 
        "short_term_average": 299771
    }, 
    {
        "accumulated_operating_revenue_yoy": -13.298766398861622, 
        "accumulated_operating_revenue": 1368481, 
        "long_term_average": 176216, 
        "date": "2015-07-31", 
        "operating_revenue": -69278, 
        "short_term_average": 189105
    }, 
    {
        "accumulated_operating_revenue_yoy": -12.784121789524775, 
        "accumulated_operating_revenue": 1500414, 
        "long_term_average": 175381, 
        "date": "2015-08-31", 
        "operating_revenue": 131933, 
        "short_term_average": 115359
    }, 
    {
        "accumulated_operating_revenue_yoy": -3.660794574184357, 
        "accumulated_operating_revenue": 1760230, 
        "long_term_average": 188134, 
        "date": "2015-09-30", 
        "operating_revenue": 259816, 
        "short_term_average": 107490
    }
]