[
    {
        "date": "2012-01-31", 
        "operating_revenue": 24361, 
        "accumulated_operating_revenue": 24361, 
        "long_term_average": 24361, 
        "short_term_average": 24361
    }, 
    {
        "date": "2012-02-29", 
        "operating_revenue": 26047, 
        "accumulated_operating_revenue": 50408, 
        "long_term_average": 25204, 
        "short_term_average": 25204
    }, 
    {
        "date": "2012-03-31", 
        "operating_revenue": -11610, 
        "accumulated_operating_revenue": 38798, 
        "long_term_average": 12932, 
        "short_term_average": 12932
    }, 
    {
        "date": "2012-04-30", 
        "operating_revenue": -10759, 
        "accumulated_operating_revenue": 28039, 
        "long_term_average": 7009, 
        "short_term_average": 1226
    }, 
    {
        "date": "2012-05-31", 
        "operating_revenue": -1773, 
        "accumulated_operating_revenue": 26266, 
        "long_term_average": 5253, 
        "short_term_average": -8047
    }, 
    {
        "date": "2012-06-30", 
        "operating_revenue": 3811, 
        "accumulated_operating_revenue": 30077, 
        "long_term_average": 5012, 
        "short_term_average": -2907
    }, 
    {
        "date": "2012-07-31", 
        "operating_revenue": 6579, 
        "accumulated_operating_revenue": 36656, 
        "long_term_average": 5236, 
        "short_term_average": 2872
    }, 
    {
        "date": "2012-08-31", 
        "operating_revenue": 17505, 
        "accumulated_operating_revenue": 54161, 
        "long_term_average": 6770, 
        "short_term_average": 9298
    }, 
    {
        "date": "2012-09-30", 
        "operating_revenue": 33874, 
        "accumulated_operating_revenue": 88035, 
        "long_term_average": 9781, 
        "short_term_average": 19319
    }, 
    {
        "date": "2012-10-31", 
        "operating_revenue": -21, 
        "accumulated_operating_revenue": 88014, 
        "long_term_average": 8801, 
        "short_term_average": 17119
    }, 
    {
        "date": "2012-11-30", 
        "operating_revenue": 22742, 
        "accumulated_operating_revenue": 110756, 
        "long_term_average": 10068, 
        "short_term_average": 18865
    }, 
    {
        "date": "2012-12-31", 
        "operating_revenue": 7821, 
        "accumulated_operating_revenue": 118577, 
        "long_term_average": 9881, 
        "short_term_average": 10180
    }, 
    {
        "accumulated_operating_revenue_yoy": -1.1534830261483517, 
        "accumulated_operating_revenue": 24080, 
        "long_term_average": 9858, 
        "date": "2013-01-31", 
        "operating_revenue": 24080, 
        "short_term_average": 18214
    }, 
    {
        "accumulated_operating_revenue_yoy": 44.677432153626405, 
        "accumulated_operating_revenue": 72929, 
        "long_term_average": 11758, 
        "date": "2013-02-28", 
        "operating_revenue": 48849, 
        "short_term_average": 26916
    }, 
    {
        "accumulated_operating_revenue_yoy": 126.53229547914842, 
        "accumulated_operating_revenue": 87890, 
        "long_term_average": 13972, 
        "date": "2013-03-31", 
        "operating_revenue": 14961, 
        "short_term_average": 29296
    }, 
    {
        "accumulated_operating_revenue_yoy": 302.79610542458715, 
        "accumulated_operating_revenue": 112940, 
        "long_term_average": 16956, 
        "date": "2013-04-30", 
        "operating_revenue": 25050, 
        "short_term_average": 29620
    }, 
    {
        "accumulated_operating_revenue_yoy": 723.5780095941521, 
        "accumulated_operating_revenue": 216321, 
        "long_term_average": 25719, 
        "date": "2013-05-31", 
        "operating_revenue": 103381, 
        "short_term_average": 47797
    }, 
    {
        "accumulated_operating_revenue_yoy": 654.8392459354324, 
        "accumulated_operating_revenue": 227033, 
        "long_term_average": 26294, 
        "date": "2013-06-30", 
        "operating_revenue": 10712, 
        "short_term_average": 46381
    }, 
    {
        "accumulated_operating_revenue_yoy": 565.410846791794, 
        "accumulated_operating_revenue": 243913, 
        "long_term_average": 27152, 
        "date": "2013-07-31", 
        "operating_revenue": 16880, 
        "short_term_average": 43657
    }, 
    {
        "accumulated_operating_revenue_yoy": 414.3701187201122, 
        "accumulated_operating_revenue": 278588, 
        "long_term_average": 28583, 
        "date": "2013-08-31", 
        "operating_revenue": 34675, 
        "short_term_average": 20755
    }, 
    {
        "accumulated_operating_revenue_yoy": 296.81263133980804, 
        "accumulated_operating_revenue": 349334, 
        "long_term_average": 31656, 
        "date": "2013-09-30", 
        "operating_revenue": 70746, 
        "short_term_average": 40767
    }, 
    {
        "accumulated_operating_revenue_yoy": 364.84877405867246, 
        "accumulated_operating_revenue": 409132, 
        "long_term_average": 36641, 
        "date": "2013-10-31", 
        "operating_revenue": 59798, 
        "short_term_average": 55073
    }, 
    {
        "accumulated_operating_revenue_yoy": 256.6696160930333, 
        "accumulated_operating_revenue": 395033, 
        "long_term_average": 33571, 
        "date": "2013-11-30", 
        "operating_revenue": -14099, 
        "short_term_average": 38815
    }, 
    {
        "accumulated_operating_revenue_yoy": 275.54922118117344, 
        "accumulated_operating_revenue": 445315, 
        "long_term_average": 37109, 
        "date": "2013-12-31", 
        "operating_revenue": 50282, 
        "short_term_average": 31993
    }, 
    {
        "accumulated_operating_revenue_yoy": -44.13205980066445, 
        "accumulated_operating_revenue": 13453, 
        "long_term_average": 36224, 
        "date": "2014-01-31", 
        "operating_revenue": 13453, 
        "short_term_average": 16545
    }, 
    {
        "accumulated_operating_revenue_yoy": 34.30459762234502, 
        "accumulated_operating_revenue": 97947, 
        "long_term_average": 39194, 
        "date": "2014-02-28", 
        "operating_revenue": 84494, 
        "short_term_average": 49409
    }, 
    {
        "accumulated_operating_revenue_yoy": 52.14813972010468, 
        "accumulated_operating_revenue": 133723, 
        "long_term_average": 40929, 
        "date": "2014-03-31", 
        "operating_revenue": 35776, 
        "short_term_average": 44574
    }, 
    {
        "accumulated_operating_revenue_yoy": -2.3543474411191783, 
        "accumulated_operating_revenue": 110281, 
        "long_term_average": 36888, 
        "date": "2014-04-30", 
        "operating_revenue": -23442, 
        "short_term_average": 32276
    }, 
    {
        "accumulated_operating_revenue_yoy": 39.78300765991282, 
        "accumulated_operating_revenue": 302380, 
        "long_term_average": 44281, 
        "date": "2014-05-31", 
        "operating_revenue": 192099, 
        "short_term_average": 68144
    }, 
    {
        "accumulated_operating_revenue_yoy": 71.55259367580923, 
        "accumulated_operating_revenue": 389481, 
        "long_term_average": 50646, 
        "date": "2014-06-30", 
        "operating_revenue": 87101, 
        "short_term_average": 85252
    }, 
    {
        "accumulated_operating_revenue_yoy": 41.52915178772759, 
        "accumulated_operating_revenue": 345208, 
        "long_term_average": 45550, 
        "date": "2014-07-31", 
        "operating_revenue": -44273, 
        "short_term_average": 78309
    }, 
    {
        "accumulated_operating_revenue_yoy": 23.462604275848207, 
        "accumulated_operating_revenue": 343952, 
        "long_term_average": 42556, 
        "date": "2014-08-31", 
        "operating_revenue": -1256, 
        "short_term_average": 13857
    }, 
    {
        "accumulated_operating_revenue_yoy": -12.001408394258789, 
        "accumulated_operating_revenue": 307409, 
        "long_term_average": 33615, 
        "date": "2014-09-30", 
        "operating_revenue": -36543, 
        "short_term_average": -27357
    }, 
    {
        "accumulated_operating_revenue_yoy": -40.78170370442791, 
        "accumulated_operating_revenue": 242281, 
        "long_term_average": 23205, 
        "date": "2014-10-31", 
        "operating_revenue": -65128, 
        "short_term_average": -34309
    }, 
    {
        "accumulated_operating_revenue_yoy": -33.85742456959292, 
        "accumulated_operating_revenue": 261285, 
        "long_term_average": 25963, 
        "date": "2014-11-30", 
        "operating_revenue": 19004, 
        "short_term_average": -27555
    }, 
    {
        "accumulated_operating_revenue_yoy": -34.45830479548185, 
        "accumulated_operating_revenue": 291867, 
        "long_term_average": 24322, 
        "date": "2014-12-31", 
        "operating_revenue": 30582, 
        "short_term_average": -5180
    }, 
    {
        "accumulated_operating_revenue_yoy": 36.6461012413588, 
        "accumulated_operating_revenue": 18383, 
        "long_term_average": 24733, 
        "date": "2015-01-31", 
        "operating_revenue": 18383, 
        "short_term_average": 22656
    }, 
    {
        "accumulated_operating_revenue_yoy": -71.88581579833992, 
        "accumulated_operating_revenue": 27537, 
        "long_term_average": 18454, 
        "date": "2015-02-28", 
        "operating_revenue": 9154, 
        "short_term_average": 19373
    }, 
    {
        "accumulated_operating_revenue_yoy": -61.20188748382851, 
        "accumulated_operating_revenue": 51882, 
        "long_term_average": 17502, 
        "date": "2015-03-31", 
        "operating_revenue": 24345, 
        "short_term_average": 17294
    }, 
    {
        "accumulated_operating_revenue_yoy": -30.484852331770657, 
        "accumulated_operating_revenue": 76662, 
        "long_term_average": 21520, 
        "date": "2015-04-30", 
        "operating_revenue": 24780, 
        "short_term_average": 19426
    }, 
    {
        "accumulated_operating_revenue_yoy": -75.25696143924863, 
        "accumulated_operating_revenue": 74818, 
        "long_term_average": 5358, 
        "date": "2015-05-31", 
        "operating_revenue": -1844, 
        "short_term_average": 15760
    }, 
    {
        "accumulated_operating_revenue_yoy": -90.59235238689436, 
        "accumulated_operating_revenue": 36641, 
        "long_term_average": -5081, 
        "date": "2015-06-30", 
        "operating_revenue": -38177, 
        "short_term_average": -5080
    }, 
    {
        "accumulated_operating_revenue_yoy": -96.58698523788557, 
        "accumulated_operating_revenue": 11782, 
        "long_term_average": -3463, 
        "date": "2015-07-31", 
        "operating_revenue": -24859, 
        "short_term_average": -21626
    }, 
    {
        "accumulated_operating_revenue_yoy": -101.31791645345862, 
        "accumulated_operating_revenue": -4533, 
        "long_term_average": -4718, 
        "date": "2015-08-31", 
        "operating_revenue": -16315, 
        "short_term_average": -26450
    }, 
    {
        "accumulated_operating_revenue_yoy": -91.22114186637347, 
        "accumulated_operating_revenue": 26987, 
        "long_term_average": 953, 
        "date": "2015-09-30", 
        "operating_revenue": 31520, 
        "short_term_average": -3218
    }
]