[
    {
        "date": "2012-01-31", 
        "operating_revenue": 88676, 
        "accumulated_operating_revenue": 88676, 
        "long_term_average": 88676, 
        "short_term_average": 88676
    }, 
    {
        "date": "2012-02-29", 
        "operating_revenue": 154480, 
        "accumulated_operating_revenue": 243156, 
        "long_term_average": 121578, 
        "short_term_average": 121578
    }, 
    {
        "date": "2012-03-31", 
        "operating_revenue": 5742, 
        "accumulated_operating_revenue": 248898, 
        "long_term_average": 82966, 
        "short_term_average": 82966
    }, 
    {
        "date": "2012-04-30", 
        "operating_revenue": -31043, 
        "accumulated_operating_revenue": 217855, 
        "long_term_average": 54463, 
        "short_term_average": 43059
    }, 
    {
        "date": "2012-05-31", 
        "operating_revenue": 17661, 
        "accumulated_operating_revenue": 235516, 
        "long_term_average": 47103, 
        "short_term_average": -2546
    }, 
    {
        "date": "2012-06-30", 
        "operating_revenue": 40363, 
        "accumulated_operating_revenue": 275879, 
        "long_term_average": 45979, 
        "short_term_average": 8993
    }, 
    {
        "date": "2012-07-31", 
        "operating_revenue": 60979, 
        "accumulated_operating_revenue": 336858, 
        "long_term_average": 48122, 
        "short_term_average": 39667
    }, 
    {
        "date": "2012-08-31", 
        "operating_revenue": 38517, 
        "accumulated_operating_revenue": 375375, 
        "long_term_average": 46921, 
        "short_term_average": 46619
    }, 
    {
        "date": "2012-09-30", 
        "operating_revenue": 100326, 
        "accumulated_operating_revenue": 475701, 
        "long_term_average": 52855, 
        "short_term_average": 66607
    }, 
    {
        "date": "2012-10-31", 
        "operating_revenue": -15270, 
        "accumulated_operating_revenue": 460431, 
        "long_term_average": 46043, 
        "short_term_average": 41191
    }, 
    {
        "date": "2012-11-30", 
        "operating_revenue": 84428, 
        "accumulated_operating_revenue": 544859, 
        "long_term_average": 49532, 
        "short_term_average": 56494
    }, 
    {
        "date": "2012-12-31", 
        "operating_revenue": 76855, 
        "accumulated_operating_revenue": 621714, 
        "long_term_average": 51809, 
        "short_term_average": 48671
    }, 
    {
        "accumulated_operating_revenue_yoy": -3.458658487076548, 
        "accumulated_operating_revenue": 85609, 
        "long_term_average": 51553, 
        "date": "2013-01-31", 
        "operating_revenue": 85609, 
        "short_term_average": 82297
    }, 
    {
        "accumulated_operating_revenue_yoy": -34.39767063119972, 
        "accumulated_operating_revenue": 159516, 
        "long_term_average": 44839, 
        "date": "2013-02-28", 
        "operating_revenue": 73907, 
        "short_term_average": 78790
    }, 
    {
        "accumulated_operating_revenue_yoy": -24.48352337101945, 
        "accumulated_operating_revenue": 187959, 
        "long_term_average": 46731, 
        "date": "2013-03-31", 
        "operating_revenue": 28443, 
        "short_term_average": 62653
    }, 
    {
        "accumulated_operating_revenue_yoy": 11.862477335842648, 
        "accumulated_operating_revenue": 243698, 
        "long_term_average": 53963, 
        "date": "2013-04-30", 
        "operating_revenue": 55739, 
        "short_term_average": 52696
    }, 
    {
        "accumulated_operating_revenue_yoy": 29.178909288540904, 
        "accumulated_operating_revenue": 304237, 
        "long_term_average": 57536, 
        "date": "2013-05-31", 
        "operating_revenue": 60539, 
        "short_term_average": 48240
    }, 
    {
        "accumulated_operating_revenue_yoy": 17.88465232946328, 
        "accumulated_operating_revenue": 325219, 
        "long_term_average": 55921, 
        "date": "2013-06-30", 
        "operating_revenue": 20982, 
        "short_term_average": 45753
    }, 
    {
        "accumulated_operating_revenue_yoy": 27.38512963919515, 
        "accumulated_operating_revenue": 429107, 
        "long_term_average": 59496, 
        "date": "2013-07-31", 
        "operating_revenue": 103888, 
        "short_term_average": 61803
    }, 
    {
        "accumulated_operating_revenue_yoy": 21.998268398268397, 
        "accumulated_operating_revenue": 457951, 
        "long_term_average": 58690, 
        "date": "2013-08-31", 
        "operating_revenue": 28844, 
        "short_term_average": 51238
    }, 
    {
        "accumulated_operating_revenue_yoy": 10.554949432521688, 
        "accumulated_operating_revenue": 525911, 
        "long_term_average": 55993, 
        "date": "2013-09-30", 
        "operating_revenue": 67960, 
        "short_term_average": 66897
    }, 
    {
        "accumulated_operating_revenue_yoy": 38.27240129357059, 
        "accumulated_operating_revenue": 636649, 
        "long_term_average": 66494, 
        "date": "2013-10-31", 
        "operating_revenue": 110738, 
        "short_term_average": 69180
    }, 
    {
        "accumulated_operating_revenue_yoy": 24.4430210384705, 
        "accumulated_operating_revenue": 678039, 
        "long_term_average": 62907, 
        "date": "2013-11-30", 
        "operating_revenue": 41390, 
        "short_term_average": 73362
    }, 
    {
        "accumulated_operating_revenue_yoy": 18.303271279076874, 
        "accumulated_operating_revenue": 735508, 
        "long_term_average": 61292, 
        "date": "2013-12-31", 
        "operating_revenue": 57469, 
        "short_term_average": 69865
    }, 
    {
        "accumulated_operating_revenue_yoy": -86.96398743122803, 
        "accumulated_operating_revenue": 11160, 
        "long_term_average": 55088, 
        "date": "2014-01-31", 
        "operating_revenue": 11160, 
        "short_term_average": 36673
    }, 
    {
        "accumulated_operating_revenue_yoy": -41.42405777476868, 
        "accumulated_operating_revenue": 93438, 
        "long_term_average": 55785, 
        "date": "2014-02-28", 
        "operating_revenue": 82278, 
        "short_term_average": 50302
    }, 
    {
        "accumulated_operating_revenue_yoy": -21.665363190908657, 
        "accumulated_operating_revenue": 147237, 
        "long_term_average": 57898, 
        "date": "2014-03-31", 
        "operating_revenue": 53799, 
        "short_term_average": 49079
    }, 
    {
        "accumulated_operating_revenue_yoy": -17.589393429572667, 
        "accumulated_operating_revenue": 200833, 
        "long_term_average": 57720, 
        "date": "2014-04-30", 
        "operating_revenue": 53596, 
        "short_term_average": 63224
    }, 
    {
        "accumulated_operating_revenue_yoy": 14.411790807824163, 
        "accumulated_operating_revenue": 348083, 
        "long_term_average": 64946, 
        "date": "2014-05-31", 
        "operating_revenue": 147250, 
        "short_term_average": 84881
    }, 
    {
        "accumulated_operating_revenue_yoy": 42.8093069593105, 
        "accumulated_operating_revenue": 464443, 
        "long_term_average": 72894, 
        "date": "2014-06-30", 
        "operating_revenue": 116360, 
        "short_term_average": 105735
    }, 
    {
        "accumulated_operating_revenue_yoy": 19.971708688042842, 
        "accumulated_operating_revenue": 514807, 
        "long_term_average": 68434, 
        "date": "2014-07-31", 
        "operating_revenue": 50364, 
        "short_term_average": 104658
    }, 
    {
        "accumulated_operating_revenue_yoy": -2.687623785077443, 
        "accumulated_operating_revenue": 445643, 
        "long_term_average": 60266, 
        "date": "2014-08-31", 
        "operating_revenue": -69164, 
        "short_term_average": 32520
    }, 
    {
        "accumulated_operating_revenue_yoy": -14.314589350669598, 
        "accumulated_operating_revenue": 450629, 
        "long_term_average": 55018, 
        "date": "2014-09-30", 
        "operating_revenue": 4986, 
        "short_term_average": -4604
    }, 
    {
        "accumulated_operating_revenue_yoy": -33.525851764473046, 
        "accumulated_operating_revenue": 423207, 
        "long_term_average": 43505, 
        "date": "2014-10-31", 
        "operating_revenue": -27422, 
        "short_term_average": -30533
    }, 
    {
        "accumulated_operating_revenue_yoy": -32.29401258629666, 
        "accumulated_operating_revenue": 459073, 
        "long_term_average": 43045, 
        "date": "2014-11-30", 
        "operating_revenue": 35866, 
        "short_term_average": 4476
    }, 
    {
        "accumulated_operating_revenue_yoy": -18.58484204114707, 
        "accumulated_operating_revenue": 598815, 
        "long_term_average": 49901, 
        "date": "2014-12-31", 
        "operating_revenue": 139742, 
        "short_term_average": 49395
    }, 
    {
        "accumulated_operating_revenue_yoy": 357.5537634408602, 
        "accumulated_operating_revenue": 51063, 
        "long_term_average": 53226, 
        "date": "2015-01-31", 
        "operating_revenue": 51063, 
        "short_term_average": 75557
    }, 
    {
        "accumulated_operating_revenue_yoy": 35.78415633896274, 
        "accumulated_operating_revenue": 126874, 
        "long_term_average": 52687, 
        "date": "2015-02-28", 
        "operating_revenue": 75811, 
        "short_term_average": 88872
    }, 
    {
        "accumulated_operating_revenue_yoy": 12.244204921317332, 
        "accumulated_operating_revenue": 165265, 
        "long_term_average": 51403, 
        "date": "2015-03-31", 
        "operating_revenue": 38391, 
        "short_term_average": 55088
    }, 
    {
        "accumulated_operating_revenue_yoy": 43.370362440435585, 
        "accumulated_operating_revenue": 287935, 
        "long_term_average": 57159, 
        "date": "2015-04-30", 
        "operating_revenue": 122670, 
        "short_term_average": 78957
    }, 
    {
        "accumulated_operating_revenue_yoy": -12.099125783218371, 
        "accumulated_operating_revenue": 305968, 
        "long_term_average": 46391, 
        "date": "2015-05-31", 
        "operating_revenue": 18033, 
        "short_term_average": 59698
    }, 
    {
        "accumulated_operating_revenue_yoy": -35.94068593993235, 
        "accumulated_operating_revenue": 297519, 
        "long_term_average": 35990, 
        "date": "2015-06-30", 
        "operating_revenue": -8449, 
        "short_term_average": 44084
    }, 
    {
        "accumulated_operating_revenue_yoy": -46.567160120200384, 
        "accumulated_operating_revenue": 275076, 
        "long_term_average": 29923, 
        "date": "2015-07-31", 
        "operating_revenue": -22443, 
        "short_term_average": -4286
    }, 
    {
        "accumulated_operating_revenue_yoy": -43.62842005820803, 
        "accumulated_operating_revenue": 251216, 
        "long_term_average": 33699, 
        "date": "2015-08-31", 
        "operating_revenue": -23860, 
        "short_term_average": -18250
    }, 
    {
        "accumulated_operating_revenue_yoy": -33.89373520124093, 
        "accumulated_operating_revenue": 297894, 
        "long_term_average": 37173, 
        "date": "2015-09-30", 
        "operating_revenue": 46678, 
        "short_term_average": 125
    }
]