[
    {
        "date": "2012-01-31", 
        "operating_revenue": 80569, 
        "accumulated_operating_revenue": 80569, 
        "long_term_average": 80569, 
        "short_term_average": 80569
    }, 
    {
        "date": "2012-02-29", 
        "operating_revenue": 111304, 
        "accumulated_operating_revenue": 191873, 
        "long_term_average": 95936, 
        "short_term_average": 95936
    }, 
    {
        "date": "2012-03-31", 
        "operating_revenue": 75642, 
        "accumulated_operating_revenue": 267515, 
        "long_term_average": 89171, 
        "short_term_average": 89171
    }, 
    {
        "date": "2012-04-30", 
        "operating_revenue": 46149, 
        "accumulated_operating_revenue": 313664, 
        "long_term_average": 78416, 
        "short_term_average": 77698
    }, 
    {
        "date": "2012-05-31", 
        "operating_revenue": 46630, 
        "accumulated_operating_revenue": 360294, 
        "long_term_average": 72058, 
        "short_term_average": 56140
    }, 
    {
        "date": "2012-06-30", 
        "operating_revenue": 56274, 
        "accumulated_operating_revenue": 416568, 
        "long_term_average": 69428, 
        "short_term_average": 49684
    }, 
    {
        "date": "2012-07-31", 
        "operating_revenue": 41855, 
        "accumulated_operating_revenue": 458423, 
        "long_term_average": 65489, 
        "short_term_average": 48253
    }, 
    {
        "date": "2012-08-31", 
        "operating_revenue": 68499, 
        "accumulated_operating_revenue": 526922, 
        "long_term_average": 65865, 
        "short_term_average": 55542
    }, 
    {
        "date": "2012-09-30", 
        "operating_revenue": 68309, 
        "accumulated_operating_revenue": 595231, 
        "long_term_average": 66136, 
        "short_term_average": 59554
    }, 
    {
        "date": "2012-10-31", 
        "operating_revenue": 14779, 
        "accumulated_operating_revenue": 610010, 
        "long_term_average": 61001, 
        "short_term_average": 50529
    }, 
    {
        "date": "2012-11-30", 
        "operating_revenue": 74648, 
        "accumulated_operating_revenue": 684658, 
        "long_term_average": 62241, 
        "short_term_average": 52578
    }, 
    {
        "date": "2012-12-31", 
        "operating_revenue": 72501, 
        "accumulated_operating_revenue": 757159, 
        "long_term_average": 63096, 
        "short_term_average": 53976
    }, 
    {
        "accumulated_operating_revenue_yoy": 3.6043639613250753, 
        "accumulated_operating_revenue": 83473, 
        "long_term_average": 63338, 
        "date": "2013-01-31", 
        "operating_revenue": 83473, 
        "short_term_average": 76874
    }, 
    {
        "accumulated_operating_revenue_yoy": -20.604253855414782, 
        "accumulated_operating_revenue": 152339, 
        "long_term_average": 59802, 
        "date": "2013-02-28", 
        "operating_revenue": 68866, 
        "short_term_average": 74946
    }, 
    {
        "accumulated_operating_revenue_yoy": -14.373773433265423, 
        "accumulated_operating_revenue": 229063, 
        "long_term_average": 59892, 
        "date": "2013-03-31", 
        "operating_revenue": 76724, 
        "short_term_average": 76354
    }, 
    {
        "accumulated_operating_revenue_yoy": -1.4011808814527646, 
        "accumulated_operating_revenue": 309269, 
        "long_term_average": 62730, 
        "date": "2013-04-30", 
        "operating_revenue": 80206, 
        "short_term_average": 75265
    }, 
    {
        "accumulated_operating_revenue_yoy": 7.929635242329875, 
        "accumulated_operating_revenue": 388864, 
        "long_term_average": 65477, 
        "date": "2013-05-31", 
        "operating_revenue": 79595, 
        "short_term_average": 78841
    }, 
    {
        "accumulated_operating_revenue_yoy": 1.8376351520039944, 
        "accumulated_operating_revenue": 424223, 
        "long_term_average": 63734, 
        "date": "2013-06-30", 
        "operating_revenue": 35359, 
        "short_term_average": 65053
    }, 
    {
        "accumulated_operating_revenue_yoy": 11.856953076089114, 
        "accumulated_operating_revenue": 512778, 
        "long_term_average": 67626, 
        "date": "2013-07-31", 
        "operating_revenue": 88555, 
        "short_term_average": 67836
    }, 
    {
        "accumulated_operating_revenue_yoy": 7.007868337249157, 
        "accumulated_operating_revenue": 563848, 
        "long_term_average": 66173, 
        "date": "2013-08-31", 
        "operating_revenue": 51070, 
        "short_term_average": 58328
    }, 
    {
        "accumulated_operating_revenue_yoy": 6.5750943751249515, 
        "accumulated_operating_revenue": 634368, 
        "long_term_average": 66358, 
        "date": "2013-09-30", 
        "operating_revenue": 70520, 
        "short_term_average": 70048
    }, 
    {
        "accumulated_operating_revenue_yoy": 17.939378042982902, 
        "accumulated_operating_revenue": 719442, 
        "long_term_average": 72215, 
        "date": "2013-10-31", 
        "operating_revenue": 85074, 
        "short_term_average": 68888
    }, 
    {
        "accumulated_operating_revenue_yoy": 14.893567299293952, 
        "accumulated_operating_revenue": 786628, 
        "long_term_average": 71594, 
        "date": "2013-11-30", 
        "operating_revenue": 67186, 
        "short_term_average": 74260
    }, 
    {
        "accumulated_operating_revenue_yoy": 16.06928003233139, 
        "accumulated_operating_revenue": 878829, 
        "long_term_average": 73235, 
        "date": "2013-12-31", 
        "operating_revenue": 92201, 
        "short_term_average": 81487
    }, 
    {
        "accumulated_operating_revenue_yoy": -7.998993686581289, 
        "accumulated_operating_revenue": 76796, 
        "long_term_average": 72679, 
        "date": "2014-01-31", 
        "operating_revenue": 76796, 
        "short_term_average": 78727
    }, 
    {
        "accumulated_operating_revenue_yoy": 38.80293293247297, 
        "accumulated_operating_revenue": 211451, 
        "long_term_average": 78161, 
        "date": "2014-02-28", 
        "operating_revenue": 134655, 
        "short_term_average": 101217
    }, 
    {
        "accumulated_operating_revenue_yoy": 58.43763506109673, 
        "accumulated_operating_revenue": 362922, 
        "long_term_average": 84390, 
        "date": "2014-03-31", 
        "operating_revenue": 151471, 
        "short_term_average": 120974
    }, 
    {
        "accumulated_operating_revenue_yoy": 40.22582282737682, 
        "accumulated_operating_revenue": 433675, 
        "long_term_average": 83602, 
        "date": "2014-04-30", 
        "operating_revenue": 70753, 
        "short_term_average": 118959
    }, 
    {
        "accumulated_operating_revenue_yoy": 43.46918202764977, 
        "accumulated_operating_revenue": 557900, 
        "long_term_average": 87322, 
        "date": "2014-05-31", 
        "operating_revenue": 124225, 
        "short_term_average": 115483
    }, 
    {
        "accumulated_operating_revenue_yoy": 60.149025394662715, 
        "accumulated_operating_revenue": 679389, 
        "long_term_average": 94499, 
        "date": "2014-06-30", 
        "operating_revenue": 121489, 
        "short_term_average": 105489
    }, 
    {
        "accumulated_operating_revenue_yoy": 37.39883536345163, 
        "accumulated_operating_revenue": 704551, 
        "long_term_average": 89216, 
        "date": "2014-07-31", 
        "operating_revenue": 25162, 
        "short_term_average": 90292
    }, 
    {
        "accumulated_operating_revenue_yoy": 35.08019891885756, 
        "accumulated_operating_revenue": 761647, 
        "long_term_average": 89719, 
        "date": "2014-08-31", 
        "operating_revenue": 57096, 
        "short_term_average": 67915
    }, 
    {
        "accumulated_operating_revenue_yoy": 26.552726493139627, 
        "accumulated_operating_revenue": 802810, 
        "long_term_average": 87272, 
        "date": "2014-09-30", 
        "operating_revenue": 41163, 
        "short_term_average": 41140
    }, 
    {
        "accumulated_operating_revenue_yoy": 13.843506495311644, 
        "accumulated_operating_revenue": 819038, 
        "long_term_average": 81535, 
        "date": "2014-10-31", 
        "operating_revenue": 16228, 
        "short_term_average": 38162
    }, 
    {
        "accumulated_operating_revenue_yoy": 11.367126519778092, 
        "accumulated_operating_revenue": 876045, 
        "long_term_average": 80687, 
        "date": "2014-11-30", 
        "operating_revenue": 57007, 
        "short_term_average": 38132
    }, 
    {
        "accumulated_operating_revenue_yoy": 12.179388709293844, 
        "accumulated_operating_revenue": 985865, 
        "long_term_average": 82155, 
        "date": "2014-12-31", 
        "operating_revenue": 109820, 
        "short_term_average": 61018
    }, 
    {
        "accumulated_operating_revenue_yoy": -18.85254440335434, 
        "accumulated_operating_revenue": 62318, 
        "long_term_average": 80948, 
        "date": "2015-01-31", 
        "operating_revenue": 62318, 
        "short_term_average": 76381
    }, 
    {
        "accumulated_operating_revenue_yoy": -40.31950664693002, 
        "accumulated_operating_revenue": 126195, 
        "long_term_average": 75050, 
        "date": "2015-02-28", 
        "operating_revenue": 63877, 
        "short_term_average": 78671
    }, 
    {
        "accumulated_operating_revenue_yoy": -39.24507194383366, 
        "accumulated_operating_revenue": 220493, 
        "long_term_average": 70286, 
        "date": "2015-03-31", 
        "operating_revenue": 94298, 
        "short_term_average": 73497
    }, 
    {
        "accumulated_operating_revenue_yoy": -20.664552948636654, 
        "accumulated_operating_revenue": 344058, 
        "long_term_average": 74687, 
        "date": "2015-04-30", 
        "operating_revenue": 123565, 
        "short_term_average": 93913
    }, 
    {
        "accumulated_operating_revenue_yoy": -28.41584513353648, 
        "accumulated_operating_revenue": 399368, 
        "long_term_average": 68944, 
        "date": "2015-05-31", 
        "operating_revenue": 55310, 
        "short_term_average": 91057
    }, 
    {
        "accumulated_operating_revenue_yoy": -33.431362591976026, 
        "accumulated_operating_revenue": 452260, 
        "long_term_average": 63228, 
        "date": "2015-06-30", 
        "operating_revenue": 52892, 
        "short_term_average": 77255
    }, 
    {
        "accumulated_operating_revenue_yoy": -31.536822742427447, 
        "accumulated_operating_revenue": 482358, 
        "long_term_average": 63639, 
        "date": "2015-07-31", 
        "operating_revenue": 30098, 
        "short_term_average": 46100
    }, 
    {
        "accumulated_operating_revenue_yoy": -32.84041032131683, 
        "accumulated_operating_revenue": 511519, 
        "long_term_average": 61311, 
        "date": "2015-08-31", 
        "operating_revenue": 29161, 
        "short_term_average": 37383
    }
]