[
    {
        "date": "2012-01-31", 
        "operating_revenue": 151306, 
        "accumulated_operating_revenue": 151306, 
        "long_term_average": 151306, 
        "short_term_average": 151306
    }, 
    {
        "date": "2012-02-29", 
        "operating_revenue": 197494, 
        "accumulated_operating_revenue": 348800, 
        "long_term_average": 174400, 
        "short_term_average": 174400
    }, 
    {
        "date": "2012-03-31", 
        "operating_revenue": 213588, 
        "accumulated_operating_revenue": 562388, 
        "long_term_average": 187462, 
        "short_term_average": 187462
    }, 
    {
        "date": "2012-04-30", 
        "operating_revenue": 617730, 
        "accumulated_operating_revenue": 1180118, 
        "long_term_average": 295029, 
        "short_term_average": 342937
    }, 
    {
        "date": "2012-05-31", 
        "operating_revenue": 375387, 
        "accumulated_operating_revenue": 1555505, 
        "long_term_average": 311101, 
        "short_term_average": 402235
    }, 
    {
        "date": "2012-06-30", 
        "operating_revenue": 364954, 
        "accumulated_operating_revenue": 1920459, 
        "long_term_average": 320076, 
        "short_term_average": 452690
    }, 
    {
        "date": "2012-07-31", 
        "operating_revenue": 322460, 
        "accumulated_operating_revenue": 2242919, 
        "long_term_average": 320417, 
        "short_term_average": 354267
    }, 
    {
        "date": "2012-08-31", 
        "operating_revenue": 340983, 
        "accumulated_operating_revenue": 2583902, 
        "long_term_average": 322987, 
        "short_term_average": 342799
    }, 
    {
        "date": "2012-09-30", 
        "operating_revenue": 215994, 
        "accumulated_operating_revenue": 2799896, 
        "long_term_average": 311099, 
        "short_term_average": 293145
    }, 
    {
        "date": "2012-10-31", 
        "operating_revenue": 248153, 
        "accumulated_operating_revenue": 3048049, 
        "long_term_average": 304804, 
        "short_term_average": 268376
    }, 
    {
        "date": "2012-11-30", 
        "operating_revenue": 312123, 
        "accumulated_operating_revenue": 3360172, 
        "long_term_average": 305470, 
        "short_term_average": 258756
    }, 
    {
        "date": "2012-12-31", 
        "operating_revenue": 220138, 
        "accumulated_operating_revenue": 3580310, 
        "long_term_average": 298359, 
        "short_term_average": 260138
    }, 
    {
        "accumulated_operating_revenue_yoy": 63.56390361254676, 
        "accumulated_operating_revenue": 247482, 
        "long_term_average": 306373, 
        "date": "2013-01-31", 
        "operating_revenue": 247482, 
        "short_term_average": 259914
    }, 
    {
        "accumulated_operating_revenue_yoy": 6.91341743119266, 
        "accumulated_operating_revenue": 372914, 
        "long_term_average": 300368, 
        "date": "2013-02-28", 
        "operating_revenue": 125432, 
        "short_term_average": 197684
    }, 
    {
        "accumulated_operating_revenue_yoy": 0.9550346024452868, 
        "accumulated_operating_revenue": 567759, 
        "long_term_average": 298806, 
        "date": "2013-03-31", 
        "operating_revenue": 194845, 
        "short_term_average": 189253
    }, 
    {
        "accumulated_operating_revenue_yoy": -31.349492169427123, 
        "accumulated_operating_revenue": 810157, 
        "long_term_average": 267529, 
        "date": "2013-04-30", 
        "operating_revenue": 242398, 
        "short_term_average": 187558
    }, 
    {
        "accumulated_operating_revenue_yoy": -32.26604864658101, 
        "accumulated_operating_revenue": 1053605, 
        "long_term_average": 256534, 
        "date": "2013-05-31", 
        "operating_revenue": 243448, 
        "short_term_average": 226897
    }, 
    {
        "accumulated_operating_revenue_yoy": -33.928815975764124, 
        "accumulated_operating_revenue": 1268870, 
        "long_term_average": 244060, 
        "date": "2013-06-30", 
        "operating_revenue": 215265, 
        "short_term_average": 233703
    }, 
    {
        "accumulated_operating_revenue_yoy": -33.007478201397376, 
        "accumulated_operating_revenue": 1502588, 
        "long_term_average": 236664, 
        "date": "2013-07-31", 
        "operating_revenue": 233718, 
        "short_term_average": 230810
    }, 
    {
        "accumulated_operating_revenue_yoy": -33.31275721757249, 
        "accumulated_operating_revenue": 1723133, 
        "long_term_average": 226628, 
        "date": "2013-08-31", 
        "operating_revenue": 220545, 
        "short_term_average": 223176
    }, 
    {
        "accumulated_operating_revenue_yoy": -33.091121955958364, 
        "accumulated_operating_revenue": 1873379, 
        "long_term_average": 221149, 
        "date": "2013-09-30", 
        "operating_revenue": 150246, 
        "short_term_average": 201503
    }, 
    {
        "accumulated_operating_revenue_yoy": -32.572376625178926, 
        "accumulated_operating_revenue": 2055227, 
        "long_term_average": 215624, 
        "date": "2013-10-31", 
        "operating_revenue": 181848, 
        "short_term_average": 184213
    }, 
    {
        "accumulated_operating_revenue_yoy": -33.505427698344015, 
        "accumulated_operating_revenue": 2234332, 
        "long_term_average": 204539, 
        "date": "2013-11-30", 
        "operating_revenue": 179105, 
        "short_term_average": 170399
    }, 
    {
        "accumulated_operating_revenue_yoy": -33.231535816730954, 
        "accumulated_operating_revenue": 2390518, 
        "long_term_average": 199209, 
        "date": "2013-12-31", 
        "operating_revenue": 156186, 
        "short_term_average": 172379
    }, 
    {
        "accumulated_operating_revenue_yoy": -41.189258208677806, 
        "accumulated_operating_revenue": 145546, 
        "long_term_average": 190715, 
        "date": "2014-01-31", 
        "operating_revenue": 145546, 
        "short_term_average": 160279
    }, 
    {
        "accumulated_operating_revenue_yoy": -20.49990078141341, 
        "accumulated_operating_revenue": 296467, 
        "long_term_average": 192839, 
        "date": "2014-02-28", 
        "operating_revenue": 150921, 
        "short_term_average": 150884
    }, 
    {
        "accumulated_operating_revenue_yoy": -17.77673273343091, 
        "accumulated_operating_revenue": 466830, 
        "long_term_average": 190799, 
        "date": "2014-03-31", 
        "operating_revenue": 170363, 
        "short_term_average": 155610
    }, 
    {
        "accumulated_operating_revenue_yoy": -20.921253534808685, 
        "accumulated_operating_revenue": 640662, 
        "long_term_average": 185085, 
        "date": "2014-04-30", 
        "operating_revenue": 173832, 
        "short_term_average": 165038
    }, 
    {
        "accumulated_operating_revenue_yoy": -22.99011489125431, 
        "accumulated_operating_revenue": 811380, 
        "long_term_average": 179024, 
        "date": "2014-05-31", 
        "operating_revenue": 170718, 
        "short_term_average": 171637
    }, 
    {
        "accumulated_operating_revenue_yoy": -24.337875432471414, 
        "accumulated_operating_revenue": 960054, 
        "long_term_average": 173475, 
        "date": "2014-06-30", 
        "operating_revenue": 148674, 
        "short_term_average": 164408
    }, 
    {
        "accumulated_operating_revenue_yoy": -21.426432262203612, 
        "accumulated_operating_revenue": 1180637, 
        "long_term_average": 172380, 
        "date": "2014-07-31", 
        "operating_revenue": 220583, 
        "short_term_average": 179991
    }, 
    {
        "accumulated_operating_revenue_yoy": -19.462862123817487, 
        "accumulated_operating_revenue": 1387762, 
        "long_term_average": 171262, 
        "date": "2014-08-31", 
        "operating_revenue": 207125, 
        "short_term_average": 192127
    }, 
    {
        "accumulated_operating_revenue_yoy": -14.459220478077315, 
        "accumulated_operating_revenue": 1602503, 
        "long_term_average": 176636, 
        "date": "2014-09-30", 
        "operating_revenue": 214741, 
        "short_term_average": 214149
    }, 
    {
        "accumulated_operating_revenue_yoy": -10.84211135801544, 
        "accumulated_operating_revenue": 1832397, 
        "long_term_average": 180640, 
        "date": "2014-10-31", 
        "operating_revenue": 229894, 
        "short_term_average": 217253
    }, 
    {
        "accumulated_operating_revenue_yoy": -9.407867765399233, 
        "accumulated_operating_revenue": 2024129, 
        "long_term_average": 181692, 
        "date": "2014-11-30", 
        "operating_revenue": 191732, 
        "short_term_average": 212122
    }, 
    {
        "accumulated_operating_revenue_yoy": -4.872793260707512, 
        "accumulated_operating_revenue": 2274033, 
        "long_term_average": 189502, 
        "date": "2014-12-31", 
        "operating_revenue": 249904, 
        "short_term_average": 223843
    }, 
    {
        "accumulated_operating_revenue_yoy": 54.417847278523624, 
        "accumulated_operating_revenue": 224749, 
        "long_term_average": 196103, 
        "date": "2015-01-31", 
        "operating_revenue": 224749, 
        "short_term_average": 222128
    }, 
    {
        "accumulated_operating_revenue_yoy": 9.345390886675414, 
        "accumulated_operating_revenue": 324173, 
        "long_term_average": 191811, 
        "date": "2015-02-28", 
        "operating_revenue": 99424, 
        "short_term_average": 191359
    }, 
    {
        "accumulated_operating_revenue_yoy": 15.012317117580276, 
        "accumulated_operating_revenue": 536912, 
        "long_term_average": 195342, 
        "date": "2015-03-31", 
        "operating_revenue": 212739, 
        "short_term_average": 178970
    }, 
    {
        "accumulated_operating_revenue_yoy": 19.005809615678782, 
        "accumulated_operating_revenue": 762425, 
        "long_term_average": 199649, 
        "date": "2015-04-30", 
        "operating_revenue": 225513, 
        "short_term_average": 179225
    }, 
    {
        "accumulated_operating_revenue_yoy": 22.285242426483276, 
        "accumulated_operating_revenue": 992198, 
        "long_term_average": 204570, 
        "date": "2015-05-31", 
        "operating_revenue": 229773, 
        "short_term_average": 222675
    }, 
    {
        "accumulated_operating_revenue_yoy": 28.526207900805577, 
        "accumulated_operating_revenue": 1233921, 
        "long_term_average": 212325, 
        "date": "2015-06-30", 
        "operating_revenue": 241723, 
        "short_term_average": 232336
    }, 
    {
        "accumulated_operating_revenue_yoy": 29.452575177637158, 
        "accumulated_operating_revenue": 1528365, 
        "long_term_average": 218480, 
        "date": "2015-07-31", 
        "operating_revenue": 294444, 
        "short_term_average": 255313
    }, 
    {
        "accumulated_operating_revenue_yoy": 36.28633728261762, 
        "accumulated_operating_revenue": 1891330, 
        "long_term_average": 231466, 
        "date": "2015-08-31", 
        "operating_revenue": 362965, 
        "short_term_average": 299710
    }, 
    {
        "accumulated_operating_revenue_yoy": 33.76935955814123, 
        "accumulated_operating_revenue": 2143658, 
        "long_term_average": 234599, 
        "date": "2015-09-30", 
        "operating_revenue": 252328, 
        "short_term_average": 303245
    }, 
    {
        "accumulated_operating_revenue_yoy": 29.37889551227163, 
        "accumulated_operating_revenue": 2370735, 
        "long_term_average": 234364, 
        "date": "2015-10-31", 
        "operating_revenue": 227077, 
        "short_term_average": 280790
    }
]