[
    {
        "date": "2012-01-31", 
        "operating_revenue": 58135, 
        "accumulated_operating_revenue": 58135, 
        "long_term_average": 58135, 
        "short_term_average": 58135
    }, 
    {
        "date": "2012-02-29", 
        "operating_revenue": 81632, 
        "accumulated_operating_revenue": 139767, 
        "long_term_average": 69883, 
        "short_term_average": 69883
    }, 
    {
        "date": "2012-03-31", 
        "operating_revenue": 85843, 
        "accumulated_operating_revenue": 225610, 
        "long_term_average": 75203, 
        "short_term_average": 75203
    }, 
    {
        "date": "2012-04-30", 
        "operating_revenue": 82583, 
        "accumulated_operating_revenue": 308193, 
        "long_term_average": 77048, 
        "short_term_average": 83352
    }, 
    {
        "date": "2012-05-31", 
        "operating_revenue": 89688, 
        "accumulated_operating_revenue": 397881, 
        "long_term_average": 79576, 
        "short_term_average": 86038
    }, 
    {
        "date": "2012-06-30", 
        "operating_revenue": 75731, 
        "accumulated_operating_revenue": 473612, 
        "long_term_average": 78935, 
        "short_term_average": 82667
    }, 
    {
        "date": "2012-07-31", 
        "operating_revenue": 81104, 
        "accumulated_operating_revenue": 554716, 
        "long_term_average": 79245, 
        "short_term_average": 82174
    }, 
    {
        "date": "2012-08-31", 
        "operating_revenue": 68996, 
        "accumulated_operating_revenue": 623712, 
        "long_term_average": 77964, 
        "short_term_average": 75277
    }, 
    {
        "date": "2012-09-30", 
        "operating_revenue": 71165, 
        "accumulated_operating_revenue": 694877, 
        "long_term_average": 77208, 
        "short_term_average": 73755
    }, 
    {
        "date": "2012-10-31", 
        "operating_revenue": 85514, 
        "accumulated_operating_revenue": 780391, 
        "long_term_average": 78039, 
        "short_term_average": 75225
    }, 
    {
        "date": "2012-11-30", 
        "operating_revenue": 98085, 
        "accumulated_operating_revenue": 878476, 
        "long_term_average": 79861, 
        "short_term_average": 84921
    }, 
    {
        "date": "2012-12-31", 
        "operating_revenue": 84195, 
        "accumulated_operating_revenue": 962671, 
        "long_term_average": 80222, 
        "short_term_average": 89264
    }, 
    {
        "accumulated_operating_revenue_yoy": 84.55663541756256, 
        "accumulated_operating_revenue": 107292, 
        "long_term_average": 84319, 
        "date": "2013-01-31", 
        "operating_revenue": 107292, 
        "short_term_average": 96524
    }, 
    {
        "accumulated_operating_revenue_yoy": 15.687537115341962, 
        "accumulated_operating_revenue": 161693, 
        "long_term_average": 82049, 
        "date": "2013-02-28", 
        "operating_revenue": 54401, 
        "short_term_average": 81962
    }, 
    {
        "accumulated_operating_revenue_yoy": 11.519436195204113, 
        "accumulated_operating_revenue": 251599, 
        "long_term_average": 82388, 
        "date": "2013-03-31", 
        "operating_revenue": 89906, 
        "short_term_average": 83866
    }, 
    {
        "accumulated_operating_revenue_yoy": 13.000619741525602, 
        "accumulated_operating_revenue": 348260, 
        "long_term_average": 83561, 
        "date": "2013-04-30", 
        "operating_revenue": 96661, 
        "short_term_average": 80322
    }, 
    {
        "accumulated_operating_revenue_yoy": 15.447583573983175, 
        "accumulated_operating_revenue": 459344, 
        "long_term_average": 85344, 
        "date": "2013-05-31", 
        "operating_revenue": 111084, 
        "short_term_average": 99217
    }, 
    {
        "accumulated_operating_revenue_yoy": 20.703445014062144, 
        "accumulated_operating_revenue": 571666, 
        "long_term_average": 88393, 
        "date": "2013-06-30", 
        "operating_revenue": 112322, 
        "short_term_average": 106689
    }, 
    {
        "accumulated_operating_revenue_yoy": 24.226811557625886, 
        "accumulated_operating_revenue": 689106, 
        "long_term_average": 91421, 
        "date": "2013-07-31", 
        "operating_revenue": 117440, 
        "short_term_average": 113615
    }, 
    {
        "accumulated_operating_revenue_yoy": 30.136184649325333, 
        "accumulated_operating_revenue": 811675, 
        "long_term_average": 95886, 
        "date": "2013-08-31", 
        "operating_revenue": 122569, 
        "short_term_average": 117443
    }, 
    {
        "accumulated_operating_revenue_yoy": 24.666091984624614, 
        "accumulated_operating_revenue": 866276, 
        "long_term_average": 94505, 
        "date": "2013-09-30", 
        "operating_revenue": 54601, 
        "short_term_average": 98203
    }, 
    {
        "accumulated_operating_revenue_yoy": 22.201947485299037, 
        "accumulated_operating_revenue": 953653, 
        "long_term_average": 94661, 
        "date": "2013-10-31", 
        "operating_revenue": 87377, 
        "short_term_average": 88182
    }, 
    {
        "accumulated_operating_revenue_yoy": 16.98088507824915, 
        "accumulated_operating_revenue": 1027649, 
        "long_term_average": 92653, 
        "date": "2013-11-30", 
        "operating_revenue": 73996, 
        "short_term_average": 71991
    }, 
    {
        "accumulated_operating_revenue_yoy": 14.164236795332986, 
        "accumulated_operating_revenue": 1099026, 
        "long_term_average": 91585, 
        "date": "2013-12-31", 
        "operating_revenue": 71377, 
        "short_term_average": 77583
    }, 
    {
        "accumulated_operating_revenue_yoy": -20.77414905118741, 
        "accumulated_operating_revenue": 85003, 
        "long_term_average": 89728, 
        "date": "2014-01-31", 
        "operating_revenue": 85003, 
        "short_term_average": 76792
    }, 
    {
        "accumulated_operating_revenue_yoy": -6.69107506200021, 
        "accumulated_operating_revenue": 150874, 
        "long_term_average": 90683, 
        "date": "2014-02-28", 
        "operating_revenue": 65871, 
        "short_term_average": 74083
    }, 
    {
        "accumulated_operating_revenue_yoy": -2.580296424071638, 
        "accumulated_operating_revenue": 245107, 
        "long_term_average": 91044, 
        "date": "2014-03-31", 
        "operating_revenue": 94233, 
        "short_term_average": 81702
    }, 
    {
        "accumulated_operating_revenue_yoy": -0.43243553666800666, 
        "accumulated_operating_revenue": 346754, 
        "long_term_average": 91460, 
        "date": "2014-04-30", 
        "operating_revenue": 101647, 
        "short_term_average": 87250
    }, 
    {
        "accumulated_operating_revenue_yoy": -9.400362255738619, 
        "accumulated_operating_revenue": 416164, 
        "long_term_average": 87987, 
        "date": "2014-05-31", 
        "operating_revenue": 69410, 
        "short_term_average": 88430
    }, 
    {
        "accumulated_operating_revenue_yoy": -13.626313266837627, 
        "accumulated_operating_revenue": 493769, 
        "long_term_average": 85094, 
        "date": "2014-06-30", 
        "operating_revenue": 77605, 
        "short_term_average": 82887
    }, 
    {
        "accumulated_operating_revenue_yoy": -17.452032053123904, 
        "accumulated_operating_revenue": 568843, 
        "long_term_average": 81563, 
        "date": "2014-07-31", 
        "operating_revenue": 75074, 
        "short_term_average": 74029
    }, 
    {
        "accumulated_operating_revenue_yoy": -21.21181507376721, 
        "accumulated_operating_revenue": 639504, 
        "long_term_average": 77237, 
        "date": "2014-08-31", 
        "operating_revenue": 70661, 
        "short_term_average": 74446
    }, 
    {
        "accumulated_operating_revenue_yoy": 4.3558865765645125, 
        "accumulated_operating_revenue": 904010, 
        "long_term_average": 94730, 
        "date": "2014-09-30", 
        "operating_revenue": 264506, 
        "short_term_average": 136747
    }, 
    {
        "accumulated_operating_revenue_yoy": 9.110965938344451, 
        "accumulated_operating_revenue": 1040540, 
        "long_term_average": 98826, 
        "date": "2014-10-31", 
        "operating_revenue": 136530, 
        "short_term_average": 157232
    }, 
    {
        "accumulated_operating_revenue_yoy": 8.662198863619777, 
        "accumulated_operating_revenue": 1116666, 
        "long_term_average": 99003, 
        "date": "2014-11-30", 
        "operating_revenue": 76126, 
        "short_term_average": 159054
    }, 
    {
        "accumulated_operating_revenue_yoy": 1.2990593489144024, 
        "accumulated_operating_revenue": 1113303, 
        "long_term_average": 92775, 
        "date": "2014-12-31", 
        "operating_revenue": -3363, 
        "short_term_average": 69764
    }, 
    {
        "accumulated_operating_revenue_yoy": -31.224780301871697, 
        "accumulated_operating_revenue": 58461, 
        "long_term_average": 90563, 
        "date": "2015-01-31", 
        "operating_revenue": 58461, 
        "short_term_average": 43741
    }, 
    {
        "accumulated_operating_revenue_yoy": -34.75946816548908, 
        "accumulated_operating_revenue": 98431, 
        "long_term_average": 88405, 
        "date": "2015-02-28", 
        "operating_revenue": 39970, 
        "short_term_average": 31689
    }, 
    {
        "accumulated_operating_revenue_yoy": -16.874263076941904, 
        "accumulated_operating_revenue": 203747, 
        "long_term_average": 89328, 
        "date": "2015-03-31", 
        "operating_revenue": 105316, 
        "short_term_average": 67915
    }, 
    {
        "accumulated_operating_revenue_yoy": -4.170680078672488, 
        "accumulated_operating_revenue": 332292, 
        "long_term_average": 91570, 
        "date": "2015-04-30", 
        "operating_revenue": 128545, 
        "short_term_average": 91277
    }, 
    {
        "accumulated_operating_revenue_yoy": 10.959381397718207, 
        "accumulated_operating_revenue": 461773, 
        "long_term_average": 96576, 
        "date": "2015-05-31", 
        "operating_revenue": 129481, 
        "short_term_average": 121114
    }, 
    {
        "accumulated_operating_revenue_yoy": 26.791272842158985, 
        "accumulated_operating_revenue": 626056, 
        "long_term_average": 103799, 
        "date": "2015-06-30", 
        "operating_revenue": 164283, 
        "short_term_average": 140769
    }, 
    {
        "accumulated_operating_revenue_yoy": 41.87376833326594, 
        "accumulated_operating_revenue": 807039, 
        "long_term_average": 112624, 
        "date": "2015-07-31", 
        "operating_revenue": 180983, 
        "short_term_average": 158249
    }, 
    {
        "accumulated_operating_revenue_yoy": 58.977582626535565, 
        "accumulated_operating_revenue": 1016668, 
        "long_term_average": 124205, 
        "date": "2015-08-31", 
        "operating_revenue": 209629, 
        "short_term_average": 184965
    }
]