[
    {
        "date": "2012-01-31", 
        "operating_revenue": 3352, 
        "accumulated_operating_revenue": 3352, 
        "long_term_average": 3352, 
        "short_term_average": 3352
    }, 
    {
        "date": "2012-02-29", 
        "operating_revenue": 8393, 
        "accumulated_operating_revenue": 11745, 
        "long_term_average": 5872, 
        "short_term_average": 5872
    }, 
    {
        "date": "2012-03-31", 
        "operating_revenue": 8028, 
        "accumulated_operating_revenue": 19773, 
        "long_term_average": 6591, 
        "short_term_average": 6591
    }, 
    {
        "date": "2012-04-30", 
        "operating_revenue": 3610, 
        "accumulated_operating_revenue": 23383, 
        "long_term_average": 5845, 
        "short_term_average": 6677
    }, 
    {
        "date": "2012-05-31", 
        "operating_revenue": 3712, 
        "accumulated_operating_revenue": 27095, 
        "long_term_average": 5419, 
        "short_term_average": 5116
    }, 
    {
        "date": "2012-06-30", 
        "operating_revenue": 4180, 
        "accumulated_operating_revenue": 31275, 
        "long_term_average": 5212, 
        "short_term_average": 3834
    }, 
    {
        "date": "2012-07-31", 
        "operating_revenue": 3336, 
        "accumulated_operating_revenue": 34611, 
        "long_term_average": 4944, 
        "short_term_average": 3742
    }, 
    {
        "date": "2012-08-31", 
        "operating_revenue": 2072, 
        "accumulated_operating_revenue": 36683, 
        "long_term_average": 4585, 
        "short_term_average": 3196
    }, 
    {
        "date": "2012-09-30", 
        "operating_revenue": 4263, 
        "accumulated_operating_revenue": 40946, 
        "long_term_average": 4549, 
        "short_term_average": 3223
    }, 
    {
        "date": "2012-10-31", 
        "operating_revenue": 5302, 
        "accumulated_operating_revenue": 46248, 
        "long_term_average": 4624, 
        "short_term_average": 3879
    }, 
    {
        "date": "2012-11-30", 
        "operating_revenue": 1656, 
        "accumulated_operating_revenue": 47904, 
        "long_term_average": 4354, 
        "short_term_average": 3740
    }, 
    {
        "date": "2012-12-31", 
        "operating_revenue": 1846, 
        "accumulated_operating_revenue": 49750, 
        "long_term_average": 4145, 
        "short_term_average": 2934
    }, 
    {
        "accumulated_operating_revenue_yoy": -70.79355608591885, 
        "accumulated_operating_revenue": 979, 
        "long_term_average": 3948, 
        "date": "2013-01-31", 
        "operating_revenue": 979, 
        "short_term_average": 1493
    }, 
    {
        "accumulated_operating_revenue_yoy": -68.41209025117071, 
        "accumulated_operating_revenue": 3710, 
        "long_term_average": 3476, 
        "date": "2013-02-28", 
        "operating_revenue": 2731, 
        "short_term_average": 1852
    }, 
    {
        "accumulated_operating_revenue_yoy": -59.75319880645324, 
        "accumulated_operating_revenue": 7958, 
        "long_term_average": 3161, 
        "date": "2013-03-31", 
        "operating_revenue": 4248, 
        "short_term_average": 2652
    }, 
    {
        "accumulated_operating_revenue_yoy": -59.500491810289525, 
        "accumulated_operating_revenue": 9470, 
        "long_term_average": 2986, 
        "date": "2013-04-30", 
        "operating_revenue": 1512, 
        "short_term_average": 2830
    }, 
    {
        "accumulated_operating_revenue_yoy": -50.25650489020115, 
        "accumulated_operating_revenue": 13478, 
        "long_term_average": 3011, 
        "date": "2013-05-31", 
        "operating_revenue": 4008, 
        "short_term_average": 3256
    }, 
    {
        "accumulated_operating_revenue_yoy": -41.15427657873701, 
        "accumulated_operating_revenue": 18404, 
        "long_term_average": 3073, 
        "date": "2013-06-30", 
        "operating_revenue": 4926, 
        "short_term_average": 3482
    }, 
    {
        "accumulated_operating_revenue_yoy": -36.02034035422265, 
        "accumulated_operating_revenue": 22144, 
        "long_term_average": 3106, 
        "date": "2013-07-31", 
        "operating_revenue": 3740, 
        "short_term_average": 4224
    }, 
    {
        "accumulated_operating_revenue_yoy": -31.59501676525911, 
        "accumulated_operating_revenue": 25093, 
        "long_term_average": 3180, 
        "date": "2013-08-31", 
        "operating_revenue": 2949, 
        "short_term_average": 3871
    }, 
    {
        "accumulated_operating_revenue_yoy": -31.93962780247155, 
        "accumulated_operating_revenue": 27868, 
        "long_term_average": 3056, 
        "date": "2013-09-30", 
        "operating_revenue": 2775, 
        "short_term_average": 3154
    }, 
    {
        "accumulated_operating_revenue_yoy": -35.77451997924235, 
        "accumulated_operating_revenue": 29703, 
        "long_term_average": 2767, 
        "date": "2013-10-31", 
        "operating_revenue": 1835, 
        "short_term_average": 2519
    }, 
    {
        "accumulated_operating_revenue_yoy": -29.878507014028056, 
        "accumulated_operating_revenue": 33591, 
        "long_term_average": 2953, 
        "date": "2013-11-30", 
        "operating_revenue": 3888, 
        "short_term_average": 2832
    }, 
    {
        "accumulated_operating_revenue_yoy": -31.889447236180906, 
        "accumulated_operating_revenue": 33885, 
        "long_term_average": 2823, 
        "date": "2013-12-31", 
        "operating_revenue": 294, 
        "short_term_average": 2005
    }, 
    {
        "accumulated_operating_revenue_yoy": 27.27272727272727, 
        "accumulated_operating_revenue": 1246, 
        "long_term_average": 2846, 
        "date": "2014-01-31", 
        "operating_revenue": 1246, 
        "short_term_average": 1809
    }, 
    {
        "accumulated_operating_revenue_yoy": 37.76280323450135, 
        "accumulated_operating_revenue": 5111, 
        "long_term_average": 2940, 
        "date": "2014-02-28", 
        "operating_revenue": 3865, 
        "short_term_average": 1801
    }, 
    {
        "accumulated_operating_revenue_yoy": 7.263131440060317, 
        "accumulated_operating_revenue": 8536, 
        "long_term_average": 2871, 
        "date": "2014-03-31", 
        "operating_revenue": 3425, 
        "short_term_average": 2845
    }, 
    {
        "accumulated_operating_revenue_yoy": 6.853220696937698, 
        "accumulated_operating_revenue": 10119, 
        "long_term_average": 2877, 
        "date": "2014-04-30", 
        "operating_revenue": 1583, 
        "short_term_average": 2957
    }, 
    {
        "accumulated_operating_revenue_yoy": 6.336251669387149, 
        "accumulated_operating_revenue": 14332, 
        "long_term_average": 2894, 
        "date": "2014-05-31", 
        "operating_revenue": 4213, 
        "short_term_average": 3073
    }, 
    {
        "accumulated_operating_revenue_yoy": 8.226472505976961, 
        "accumulated_operating_revenue": 19918, 
        "long_term_average": 2949, 
        "date": "2014-06-30", 
        "operating_revenue": 5586, 
        "short_term_average": 3794
    }, 
    {
        "accumulated_operating_revenue_yoy": 6.949963872832369, 
        "accumulated_operating_revenue": 23683, 
        "long_term_average": 2952, 
        "date": "2014-07-31", 
        "operating_revenue": 3765, 
        "short_term_average": 4521
    }, 
    {
        "accumulated_operating_revenue_yoy": 22.80715737456661, 
        "accumulated_operating_revenue": 30816, 
        "long_term_average": 3300, 
        "date": "2014-08-31", 
        "operating_revenue": 7133, 
        "short_term_average": 5494
    }, 
    {
        "accumulated_operating_revenue_yoy": 20.116262379790438, 
        "accumulated_operating_revenue": 33474, 
        "long_term_average": 3290, 
        "date": "2014-09-30", 
        "operating_revenue": 2658, 
        "short_term_average": 4518
    }, 
    {
        "accumulated_operating_revenue_yoy": 22.46911086422247, 
        "accumulated_operating_revenue": 36377, 
        "long_term_average": 3379, 
        "date": "2014-10-31", 
        "operating_revenue": 2903, 
        "short_term_average": 4231
    }, 
    {
        "accumulated_operating_revenue_yoy": 17.74284778660951, 
        "accumulated_operating_revenue": 39551, 
        "long_term_average": 3320, 
        "date": "2014-11-30", 
        "operating_revenue": 3174, 
        "short_term_average": 2911
    }, 
    {
        "accumulated_operating_revenue_yoy": 27.519551423933898, 
        "accumulated_operating_revenue": 43210, 
        "long_term_average": 3600, 
        "date": "2014-12-31", 
        "operating_revenue": 3659, 
        "short_term_average": 3245
    }, 
    {
        "accumulated_operating_revenue_yoy": 1246.709470304976, 
        "accumulated_operating_revenue": 16780, 
        "long_term_average": 4895, 
        "date": "2015-01-31", 
        "operating_revenue": 16780, 
        "short_term_average": 7871
    }, 
    {
        "accumulated_operating_revenue_yoy": 587.4584230091958, 
        "accumulated_operating_revenue": 35136, 
        "long_term_average": 6102, 
        "date": "2015-02-28", 
        "operating_revenue": 18356, 
        "short_term_average": 12931
    }, 
    {
        "accumulated_operating_revenue_yoy": 536.5745079662606, 
        "accumulated_operating_revenue": 54338, 
        "long_term_average": 7417, 
        "date": "2015-03-31", 
        "operating_revenue": 19202, 
        "short_term_average": 18112
    }, 
    {
        "accumulated_operating_revenue_yoy": 762.4271173040814, 
        "accumulated_operating_revenue": 87269, 
        "long_term_average": 10030, 
        "date": "2015-04-30", 
        "operating_revenue": 32931, 
        "short_term_average": 23496
    }, 
    {
        "accumulated_operating_revenue_yoy": 729.4027351381524, 
        "accumulated_operating_revenue": 118870, 
        "long_term_average": 12312, 
        "date": "2015-05-31", 
        "operating_revenue": 31601, 
        "short_term_average": 27911
    }, 
    {
        "accumulated_operating_revenue_yoy": 660.8796063861834, 
        "accumulated_operating_revenue": 151552, 
        "long_term_average": 14570, 
        "date": "2015-06-30", 
        "operating_revenue": 32682, 
        "short_term_average": 32404
    }, 
    {
        "accumulated_operating_revenue_yoy": 673.0608453320947, 
        "accumulated_operating_revenue": 183084, 
        "long_term_average": 16884, 
        "date": "2015-07-31", 
        "operating_revenue": 31532, 
        "short_term_average": 31938
    }, 
    {
        "accumulated_operating_revenue_yoy": 664.8883696780894, 
        "accumulated_operating_revenue": 235708, 
        "long_term_average": 20675, 
        "date": "2015-08-31", 
        "operating_revenue": 52624, 
        "short_term_average": 38946
    }, 
    {
        "accumulated_operating_revenue_yoy": 761.2176614686025, 
        "accumulated_operating_revenue": 288284, 
        "long_term_average": 24835, 
        "date": "2015-09-30", 
        "operating_revenue": 52576, 
        "short_term_average": 45577
    }, 
    {
        "accumulated_operating_revenue_yoy": 874.022046897765, 
        "accumulated_operating_revenue": 354320, 
        "long_term_average": 30096, 
        "date": "2015-10-31", 
        "operating_revenue": 66036, 
        "short_term_average": 57078
    }
]