[
    {
        "date": "2012-01-31", 
        "operating_revenue": 72002, 
        "accumulated_operating_revenue": 72002, 
        "long_term_average": 72002, 
        "short_term_average": 72002
    }, 
    {
        "date": "2012-02-29", 
        "operating_revenue": 91444, 
        "accumulated_operating_revenue": 163446, 
        "long_term_average": 81723, 
        "short_term_average": 81723
    }, 
    {
        "date": "2012-03-31", 
        "operating_revenue": 105153, 
        "accumulated_operating_revenue": 268599, 
        "long_term_average": 89533, 
        "short_term_average": 89533
    }, 
    {
        "date": "2012-04-30", 
        "operating_revenue": 128721, 
        "accumulated_operating_revenue": 397320, 
        "long_term_average": 99330, 
        "short_term_average": 108439
    }, 
    {
        "date": "2012-05-31", 
        "operating_revenue": 119682, 
        "accumulated_operating_revenue": 517002, 
        "long_term_average": 103400, 
        "short_term_average": 117852
    }, 
    {
        "date": "2012-06-30", 
        "operating_revenue": 128817, 
        "accumulated_operating_revenue": 645819, 
        "long_term_average": 107636, 
        "short_term_average": 125740
    }, 
    {
        "date": "2012-07-31", 
        "operating_revenue": 126384, 
        "accumulated_operating_revenue": 772203, 
        "long_term_average": 110314, 
        "short_term_average": 124961
    }, 
    {
        "date": "2012-08-31", 
        "operating_revenue": 132242, 
        "accumulated_operating_revenue": 904445, 
        "long_term_average": 113055, 
        "short_term_average": 129147
    }, 
    {
        "date": "2012-09-30", 
        "operating_revenue": 130131, 
        "accumulated_operating_revenue": 1034576, 
        "long_term_average": 114952, 
        "short_term_average": 129585
    }, 
    {
        "date": "2012-10-31", 
        "operating_revenue": 124971, 
        "accumulated_operating_revenue": 1159547, 
        "long_term_average": 115954, 
        "short_term_average": 129114
    }, 
    {
        "date": "2012-11-30", 
        "operating_revenue": 102619, 
        "accumulated_operating_revenue": 1262166, 
        "long_term_average": 114742, 
        "short_term_average": 119240
    }, 
    {
        "date": "2012-12-31", 
        "operating_revenue": 89243, 
        "accumulated_operating_revenue": 1351409, 
        "long_term_average": 112617, 
        "short_term_average": 105611
    }, 
    {
        "accumulated_operating_revenue_yoy": 30.254715146801477, 
        "accumulated_operating_revenue": 93786, 
        "long_term_average": 114432, 
        "date": "2013-01-31", 
        "operating_revenue": 93786, 
        "short_term_average": 95216
    }, 
    {
        "accumulated_operating_revenue_yoy": 3.9395274280190398, 
        "accumulated_operating_revenue": 169885, 
        "long_term_average": 113154, 
        "date": "2013-02-28", 
        "operating_revenue": 76099, 
        "short_term_average": 86376
    }, 
    {
        "accumulated_operating_revenue_yoy": -2.5000093075551284, 
        "accumulated_operating_revenue": 261884, 
        "long_term_average": 112057, 
        "date": "2013-03-31", 
        "operating_revenue": 91999, 
        "short_term_average": 87294
    }, 
    {
        "accumulated_operating_revenue_yoy": -8.29482532970905, 
        "accumulated_operating_revenue": 364363, 
        "long_term_average": 109871, 
        "date": "2013-04-30", 
        "operating_revenue": 102479, 
        "short_term_average": 90192
    }, 
    {
        "accumulated_operating_revenue_yoy": -10.316014251395545, 
        "accumulated_operating_revenue": 463668, 
        "long_term_average": 108172, 
        "date": "2013-05-31", 
        "operating_revenue": 99305, 
        "short_term_average": 97927
    }, 
    {
        "accumulated_operating_revenue_yoy": -11.136711679278559, 
        "accumulated_operating_revenue": 573896, 
        "long_term_average": 106623, 
        "date": "2013-06-30", 
        "operating_revenue": 110228, 
        "short_term_average": 104004
    }, 
    {
        "accumulated_operating_revenue_yoy": -10.48817474161587, 
        "accumulated_operating_revenue": 691213, 
        "long_term_average": 105868, 
        "date": "2013-07-31", 
        "operating_revenue": 117317, 
        "short_term_average": 108950
    }, 
    {
        "accumulated_operating_revenue_yoy": -9.571947437378723, 
        "accumulated_operating_revenue": 817872, 
        "long_term_average": 105403, 
        "date": "2013-08-31", 
        "operating_revenue": 126659, 
        "short_term_average": 118068
    }, 
    {
        "accumulated_operating_revenue_yoy": -8.702502281127728, 
        "accumulated_operating_revenue": 944542, 
        "long_term_average": 105114, 
        "date": "2013-09-30", 
        "operating_revenue": 126670, 
        "short_term_average": 123548
    }, 
    {
        "accumulated_operating_revenue_yoy": -3.6751421029074285, 
        "accumulated_operating_revenue": 1116932, 
        "long_term_average": 109066, 
        "date": "2013-10-31", 
        "operating_revenue": 172390, 
        "short_term_average": 141906
    }, 
    {
        "accumulated_operating_revenue_yoy": 1.2167971566339135, 
        "accumulated_operating_revenue": 1277524, 
        "long_term_average": 113897, 
        "date": "2013-11-30", 
        "operating_revenue": 160592, 
        "short_term_average": 153217
    }, 
    {
        "accumulated_operating_revenue_yoy": 6.435579458180314, 
        "accumulated_operating_revenue": 1438380, 
        "long_term_average": 119865, 
        "date": "2013-12-31", 
        "operating_revenue": 160856, 
        "short_term_average": 164612
    }, 
    {
        "accumulated_operating_revenue_yoy": 57.23562152133581, 
        "accumulated_operating_revenue": 147465, 
        "long_term_average": 124338, 
        "date": "2014-01-31", 
        "operating_revenue": 147465, 
        "short_term_average": 156304
    }, 
    {
        "accumulated_operating_revenue_yoy": 69.12323042057864, 
        "accumulated_operating_revenue": 287315, 
        "long_term_average": 129650, 
        "date": "2014-02-28", 
        "operating_revenue": 139850, 
        "short_term_average": 149390
    }, 
    {
        "accumulated_operating_revenue_yoy": 69.6525942783828, 
        "accumulated_operating_revenue": 444293, 
        "long_term_average": 135065, 
        "date": "2014-03-31", 
        "operating_revenue": 156978, 
        "short_term_average": 148097
    }, 
    {
        "accumulated_operating_revenue_yoy": 67.79667529359457, 
        "accumulated_operating_revenue": 611389, 
        "long_term_average": 140450, 
        "date": "2014-04-30", 
        "operating_revenue": 167096, 
        "short_term_average": 154641
    }, 
    {
        "accumulated_operating_revenue_yoy": 72.31639880259151, 
        "accumulated_operating_revenue": 798976, 
        "long_term_average": 147807, 
        "date": "2014-05-31", 
        "operating_revenue": 187587, 
        "short_term_average": 170553
    }, 
    {
        "accumulated_operating_revenue_yoy": 71.10504342250164, 
        "accumulated_operating_revenue": 981965, 
        "long_term_average": 153870, 
        "date": "2014-06-30", 
        "operating_revenue": 182989, 
        "short_term_average": 179224
    }, 
    {
        "accumulated_operating_revenue_yoy": 76.50738629047775, 
        "accumulated_operating_revenue": 1220042, 
        "long_term_average": 163934, 
        "date": "2014-07-31", 
        "operating_revenue": 238077, 
        "short_term_average": 202884
    }, 
    {
        "accumulated_operating_revenue_yoy": 77.51824246336835, 
        "accumulated_operating_revenue": 1451872, 
        "long_term_average": 172698, 
        "date": "2014-08-31", 
        "operating_revenue": 231830, 
        "short_term_average": 217632
    }, 
    {
        "accumulated_operating_revenue_yoy": 77.18608595488607, 
        "accumulated_operating_revenue": 1673597, 
        "long_term_average": 180619, 
        "date": "2014-09-30", 
        "operating_revenue": 221725, 
        "short_term_average": 230544
    }, 
    {
        "accumulated_operating_revenue_yoy": 69.78929782654629, 
        "accumulated_operating_revenue": 1896431, 
        "long_term_average": 184823, 
        "date": "2014-10-31", 
        "operating_revenue": 222834, 
        "short_term_average": 225463
    }, 
    {
        "accumulated_operating_revenue_yoy": 61.77653022565526, 
        "accumulated_operating_revenue": 2066734, 
        "long_term_average": 185632, 
        "date": "2014-11-30", 
        "operating_revenue": 170303, 
        "short_term_average": 204954
    }, 
    {
        "accumulated_operating_revenue_yoy": 52.99538369554638, 
        "accumulated_operating_revenue": 2200655, 
        "long_term_average": 183387, 
        "date": "2014-12-31", 
        "operating_revenue": 133921, 
        "short_term_average": 175686
    }, 
    {
        "accumulated_operating_revenue_yoy": 24.110805953955175, 
        "accumulated_operating_revenue": 183020, 
        "long_term_average": 186350, 
        "date": "2015-01-31", 
        "operating_revenue": 183020, 
        "short_term_average": 162414
    }, 
    {
        "accumulated_operating_revenue_yoy": 15.153403059359935, 
        "accumulated_operating_revenue": 330853, 
        "long_term_average": 187016, 
        "date": "2015-02-28", 
        "operating_revenue": 147833, 
        "short_term_average": 154924
    }, 
    {
        "accumulated_operating_revenue_yoy": 17.914079222495065, 
        "accumulated_operating_revenue": 523884, 
        "long_term_average": 190020, 
        "date": "2015-03-31", 
        "operating_revenue": 193031, 
        "short_term_average": 174628
    }, 
    {
        "accumulated_operating_revenue_yoy": 16.3952900690068, 
        "accumulated_operating_revenue": 711628, 
        "long_term_average": 191741, 
        "date": "2015-04-30", 
        "operating_revenue": 187744, 
        "short_term_average": 176202
    }, 
    {
        "accumulated_operating_revenue_yoy": 7.619753284203782, 
        "accumulated_operating_revenue": 859856, 
        "long_term_average": 188461, 
        "date": "2015-05-31", 
        "operating_revenue": 148228, 
        "short_term_average": 176334
    }, 
    {
        "accumulated_operating_revenue_yoy": 1.186396663832214, 
        "accumulated_operating_revenue": 993615, 
        "long_term_average": 184358, 
        "date": "2015-06-30", 
        "operating_revenue": 133759, 
        "short_term_average": 156577
    }, 
    {
        "accumulated_operating_revenue_yoy": -7.4598251535602875, 
        "accumulated_operating_revenue": 1129029, 
        "long_term_average": 175803, 
        "date": "2015-07-31", 
        "operating_revenue": 135414, 
        "short_term_average": 139133
    }, 
    {
        "accumulated_operating_revenue_yoy": -13.09158107601772, 
        "accumulated_operating_revenue": 1261799, 
        "long_term_average": 167548, 
        "date": "2015-08-31", 
        "operating_revenue": 132770, 
        "short_term_average": 133981
    }, 
    {
        "accumulated_operating_revenue_yoy": -15.526378214110087, 
        "accumulated_operating_revenue": 1413748, 
        "long_term_average": 161733, 
        "date": "2015-09-30", 
        "operating_revenue": 151949, 
        "short_term_average": 140044
    }
]