[
    {
        "date": "2012-01-31", 
        "operating_revenue": 448379, 
        "accumulated_operating_revenue": 448379, 
        "long_term_average": 448379, 
        "short_term_average": 448379
    }, 
    {
        "date": "2012-02-29", 
        "operating_revenue": 340807, 
        "accumulated_operating_revenue": 789186, 
        "long_term_average": 394593, 
        "short_term_average": 394593
    }, 
    {
        "date": "2012-03-31", 
        "operating_revenue": 370010, 
        "accumulated_operating_revenue": 1159196, 
        "long_term_average": 386398, 
        "short_term_average": 386398
    }, 
    {
        "date": "2012-04-30", 
        "operating_revenue": 451598, 
        "accumulated_operating_revenue": 1610794, 
        "long_term_average": 402698, 
        "short_term_average": 387471
    }, 
    {
        "date": "2012-05-31", 
        "operating_revenue": 394767, 
        "accumulated_operating_revenue": 2005561, 
        "long_term_average": 401112, 
        "short_term_average": 405458
    }, 
    {
        "date": "2012-06-30", 
        "operating_revenue": 511943, 
        "accumulated_operating_revenue": 2517504, 
        "long_term_average": 419584, 
        "short_term_average": 452769
    }, 
    {
        "date": "2012-07-31", 
        "operating_revenue": 478916, 
        "accumulated_operating_revenue": 2996420, 
        "long_term_average": 428060, 
        "short_term_average": 461875
    }, 
    {
        "date": "2012-08-31", 
        "operating_revenue": 395444, 
        "accumulated_operating_revenue": 3391864, 
        "long_term_average": 423983, 
        "short_term_average": 462101
    }, 
    {
        "date": "2012-09-30", 
        "operating_revenue": 405934, 
        "accumulated_operating_revenue": 3797798, 
        "long_term_average": 421977, 
        "short_term_average": 426764
    }, 
    {
        "date": "2012-10-31", 
        "operating_revenue": 466005, 
        "accumulated_operating_revenue": 4263803, 
        "long_term_average": 426380, 
        "short_term_average": 422461
    }, 
    {
        "date": "2012-11-30", 
        "operating_revenue": 406291, 
        "accumulated_operating_revenue": 4670094, 
        "long_term_average": 424554, 
        "short_term_average": 426076
    }, 
    {
        "date": "2012-12-31", 
        "operating_revenue": 593200, 
        "accumulated_operating_revenue": 5263294, 
        "long_term_average": 438607, 
        "short_term_average": 488498
    }, 
    {
        "accumulated_operating_revenue_yoy": -19.73040664259477, 
        "accumulated_operating_revenue": 359912, 
        "long_term_average": 431235, 
        "date": "2013-01-31", 
        "operating_revenue": 359912, 
        "short_term_average": 453134
    }, 
    {
        "accumulated_operating_revenue_yoy": -13.435109087084667, 
        "accumulated_operating_revenue": 683158, 
        "long_term_average": 429772, 
        "date": "2013-02-28", 
        "operating_revenue": 323246, 
        "short_term_average": 425452
    }, 
    {
        "accumulated_operating_revenue_yoy": 1.6702093519991443, 
        "accumulated_operating_revenue": 1178557, 
        "long_term_average": 440221, 
        "date": "2013-03-31", 
        "operating_revenue": 495399, 
        "short_term_average": 392852
    }, 
    {
        "accumulated_operating_revenue_yoy": -3.4759876185285017, 
        "accumulated_operating_revenue": 1554803, 
        "long_term_average": 433941, 
        "date": "2013-04-30", 
        "operating_revenue": 376246, 
        "short_term_average": 398297
    }, 
    {
        "accumulated_operating_revenue_yoy": -3.7748540184018338, 
        "accumulated_operating_revenue": 1929854, 
        "long_term_average": 432298, 
        "date": "2013-05-31", 
        "operating_revenue": 375051, 
        "short_term_average": 415565
    }, 
    {
        "accumulated_operating_revenue_yoy": -4.232485827232052, 
        "accumulated_operating_revenue": 2410951, 
        "long_term_average": 429728, 
        "date": "2013-06-30", 
        "operating_revenue": 481097, 
        "short_term_average": 410798
    }, 
    {
        "accumulated_operating_revenue_yoy": -4.926745916794041, 
        "accumulated_operating_revenue": 2848794, 
        "long_term_average": 426305, 
        "date": "2013-07-31", 
        "operating_revenue": 437843, 
        "short_term_average": 431330
    }, 
    {
        "accumulated_operating_revenue_yoy": -4.8643754584499845, 
        "accumulated_operating_revenue": 3226871, 
        "long_term_average": 424858, 
        "date": "2013-08-31", 
        "operating_revenue": 378077, 
        "short_term_average": 432339
    }, 
    {
        "accumulated_operating_revenue_yoy": -2.5775199207540793, 
        "accumulated_operating_revenue": 3699909, 
        "long_term_average": 430450, 
        "date": "2013-09-30", 
        "operating_revenue": 473038, 
        "short_term_average": 429652
    }, 
    {
        "accumulated_operating_revenue_yoy": -3.244451021775631, 
        "accumulated_operating_revenue": 4125466, 
        "long_term_average": 427079, 
        "date": "2013-10-31", 
        "operating_revenue": 425557, 
        "short_term_average": 425557
    }, 
    {
        "accumulated_operating_revenue_yoy": -3.6899043145598354, 
        "accumulated_operating_revenue": 4497772, 
        "long_term_average": 424247, 
        "date": "2013-11-30", 
        "operating_revenue": 372306, 
        "short_term_average": 423633
    }, 
    {
        "accumulated_operating_revenue_yoy": -2.9366590579967604, 
        "accumulated_operating_revenue": 5108729, 
        "long_term_average": 425727, 
        "date": "2013-12-31", 
        "operating_revenue": 610957, 
        "short_term_average": 469606
    }, 
    {
        "accumulated_operating_revenue_yoy": 1.3322701104714487, 
        "accumulated_operating_revenue": 364707, 
        "long_term_average": 426127, 
        "date": "2014-01-31", 
        "operating_revenue": 364707, 
        "short_term_average": 449323
    }, 
    {
        "accumulated_operating_revenue_yoy": 3.979606474636907, 
        "accumulated_operating_revenue": 710345, 
        "long_term_average": 427993, 
        "date": "2014-02-28", 
        "operating_revenue": 345638, 
        "short_term_average": 440434
    }, 
    {
        "accumulated_operating_revenue_yoy": 0.7919006038740595, 
        "accumulated_operating_revenue": 1187890, 
        "long_term_average": 426505, 
        "date": "2014-03-31", 
        "operating_revenue": 477545, 
        "short_term_average": 395963
    }, 
    {
        "accumulated_operating_revenue_yoy": 8.69280545509624, 
        "accumulated_operating_revenue": 1689959, 
        "long_term_average": 436990, 
        "date": "2014-04-30", 
        "operating_revenue": 502069, 
        "short_term_average": 441750
    }, 
    {
        "accumulated_operating_revenue_yoy": 10.27564779511818, 
        "accumulated_operating_revenue": 2128159, 
        "long_term_average": 442252, 
        "date": "2014-05-31", 
        "operating_revenue": 438200, 
        "short_term_average": 472604
    }, 
    {
        "accumulated_operating_revenue_yoy": 13.149873224300288, 
        "accumulated_operating_revenue": 2727988, 
        "long_term_average": 452147, 
        "date": "2014-06-30", 
        "operating_revenue": 599829, 
        "short_term_average": 513366
    }, 
    {
        "accumulated_operating_revenue_yoy": 12.915044050219146, 
        "accumulated_operating_revenue": 3216717, 
        "long_term_average": 456387, 
        "date": "2014-07-31", 
        "operating_revenue": 488729, 
        "short_term_average": 508919
    }, 
    {
        "accumulated_operating_revenue_yoy": 15.098682283859505, 
        "accumulated_operating_revenue": 3714086, 
        "long_term_average": 466328, 
        "date": "2014-08-31", 
        "operating_revenue": 497369, 
        "short_term_average": 528642
    }, 
    {
        "accumulated_operating_revenue_yoy": 15.020504558355356, 
        "accumulated_operating_revenue": 4255654, 
        "long_term_average": 472039, 
        "date": "2014-09-30", 
        "operating_revenue": 541568, 
        "short_term_average": 509222
    }, 
    {
        "accumulated_operating_revenue_yoy": 16.44291820608872, 
        "accumulated_operating_revenue": 4803813, 
        "long_term_average": 482256, 
        "date": "2014-10-31", 
        "operating_revenue": 548159, 
        "short_term_average": 529032
    }, 
    {
        "accumulated_operating_revenue_yoy": 19.637078091108222, 
        "accumulated_operating_revenue": 5381003, 
        "long_term_average": 499330, 
        "date": "2014-11-30", 
        "operating_revenue": 577190, 
        "short_term_average": 555639
    }, 
    {
        "accumulated_operating_revenue_yoy": 17.290269262667877, 
        "accumulated_operating_revenue": 5992042, 
        "long_term_average": 499336, 
        "date": "2014-12-31", 
        "operating_revenue": 611039, 
        "short_term_average": 578796
    }, 
    {
        "accumulated_operating_revenue_yoy": 19.407359880671333, 
        "accumulated_operating_revenue": 435487, 
        "long_term_average": 505235, 
        "date": "2015-01-31", 
        "operating_revenue": 435487, 
        "short_term_average": 541238
    }, 
    {
        "accumulated_operating_revenue_yoy": 23.893178666704205, 
        "accumulated_operating_revenue": 880069, 
        "long_term_average": 513480, 
        "date": "2015-02-28", 
        "operating_revenue": 444582, 
        "short_term_average": 497036
    }, 
    {
        "accumulated_operating_revenue_yoy": 15.485188022459992, 
        "accumulated_operating_revenue": 1371837, 
        "long_term_average": 514665, 
        "date": "2015-03-31", 
        "operating_revenue": 491768, 
        "short_term_average": 457279
    }, 
    {
        "accumulated_operating_revenue_yoy": 10.111724603969682, 
        "accumulated_operating_revenue": 1860843, 
        "long_term_average": 513577, 
        "date": "2015-04-30", 
        "operating_revenue": 489006, 
        "short_term_average": 475118
    }, 
    {
        "accumulated_operating_revenue_yoy": 9.733013369771713, 
        "accumulated_operating_revenue": 2335293, 
        "long_term_average": 516598, 
        "date": "2015-05-31", 
        "operating_revenue": 474450, 
        "short_term_average": 485074
    }, 
    {
        "accumulated_operating_revenue_yoy": 1.933109676435527, 
        "accumulated_operating_revenue": 2780723, 
        "long_term_average": 503731, 
        "date": "2015-06-30", 
        "operating_revenue": 445430, 
        "short_term_average": 469628
    }, 
    {
        "accumulated_operating_revenue_yoy": 1.5262144602711398, 
        "accumulated_operating_revenue": 3265811, 
        "long_term_average": 503428, 
        "date": "2015-07-31", 
        "operating_revenue": 485088, 
        "short_term_average": 468322
    }, 
    {
        "accumulated_operating_revenue_yoy": -0.3183286547484361, 
        "accumulated_operating_revenue": 3702263, 
        "long_term_average": 498351, 
        "date": "2015-08-31", 
        "operating_revenue": 436452, 
        "short_term_average": 455656
    }
]