[
    {
        "date": "2012-01-31", 
        "operating_revenue": 38002, 
        "accumulated_operating_revenue": 38002, 
        "long_term_average": 38002, 
        "short_term_average": 38002
    }, 
    {
        "date": "2012-02-29", 
        "operating_revenue": 79416, 
        "accumulated_operating_revenue": 117418, 
        "long_term_average": 58709, 
        "short_term_average": 58709
    }, 
    {
        "date": "2012-03-31", 
        "operating_revenue": 167891, 
        "accumulated_operating_revenue": 285309, 
        "long_term_average": 95103, 
        "short_term_average": 95103
    }, 
    {
        "date": "2012-04-30", 
        "operating_revenue": 156175, 
        "accumulated_operating_revenue": 441484, 
        "long_term_average": 110371, 
        "short_term_average": 134494
    }, 
    {
        "date": "2012-05-31", 
        "operating_revenue": 165984, 
        "accumulated_operating_revenue": 607468, 
        "long_term_average": 121493, 
        "short_term_average": 163350
    }, 
    {
        "date": "2012-06-30", 
        "operating_revenue": 195472, 
        "accumulated_operating_revenue": 802940, 
        "long_term_average": 133823, 
        "short_term_average": 172543
    }, 
    {
        "date": "2012-07-31", 
        "operating_revenue": 268519, 
        "accumulated_operating_revenue": 1071459, 
        "long_term_average": 153065, 
        "short_term_average": 209991
    }, 
    {
        "date": "2012-08-31", 
        "operating_revenue": 135048, 
        "accumulated_operating_revenue": 1206507, 
        "long_term_average": 150813, 
        "short_term_average": 199679
    }, 
    {
        "date": "2012-09-30", 
        "operating_revenue": 118936, 
        "accumulated_operating_revenue": 1325443, 
        "long_term_average": 147271, 
        "short_term_average": 174167
    }, 
    {
        "date": "2012-10-31", 
        "operating_revenue": 208050, 
        "accumulated_operating_revenue": 1533493, 
        "long_term_average": 153349, 
        "short_term_average": 154011
    }, 
    {
        "date": "2012-11-30", 
        "operating_revenue": 104106, 
        "accumulated_operating_revenue": 1637599, 
        "long_term_average": 148872, 
        "short_term_average": 143697
    }, 
    {
        "date": "2012-12-31", 
        "operating_revenue": 180681, 
        "accumulated_operating_revenue": 1818280, 
        "long_term_average": 151523, 
        "short_term_average": 164279
    }, 
    {
        "accumulated_operating_revenue_yoy": 164.9439503184043, 
        "accumulated_operating_revenue": 100684, 
        "long_term_average": 156746, 
        "date": "2013-01-31", 
        "operating_revenue": 100684, 
        "short_term_average": 128490
    }, 
    {
        "accumulated_operating_revenue_yoy": 49.48048851113117, 
        "accumulated_operating_revenue": 175517, 
        "long_term_average": 156364, 
        "date": "2013-02-28", 
        "operating_revenue": 74833, 
        "short_term_average": 118732
    }, 
    {
        "accumulated_operating_revenue_yoy": 62.86026728914966, 
        "accumulated_operating_revenue": 464655, 
        "long_term_average": 166468, 
        "date": "2013-03-31", 
        "operating_revenue": 289138, 
        "short_term_average": 154885
    }, 
    {
        "accumulated_operating_revenue_yoy": 49.73860887370777, 
        "accumulated_operating_revenue": 661072, 
        "long_term_average": 169822, 
        "date": "2013-04-30", 
        "operating_revenue": 196417, 
        "short_term_average": 186796
    }, 
    {
        "accumulated_operating_revenue_yoy": 41.2423370449143, 
        "accumulated_operating_revenue": 858002, 
        "long_term_average": 172401, 
        "date": "2013-05-31", 
        "operating_revenue": 196930, 
        "short_term_average": 227495
    }, 
    {
        "accumulated_operating_revenue_yoy": 32.87605549605201, 
        "accumulated_operating_revenue": 1066915, 
        "long_term_average": 173521, 
        "date": "2013-06-30", 
        "operating_revenue": 208913, 
        "short_term_average": 200753
    }, 
    {
        "accumulated_operating_revenue_yoy": 18.15216447852881, 
        "accumulated_operating_revenue": 1265952, 
        "long_term_average": 167731, 
        "date": "2013-07-31", 
        "operating_revenue": 199037, 
        "short_term_average": 201626
    }, 
    {
        "accumulated_operating_revenue_yoy": 20.740700219725205, 
        "accumulated_operating_revenue": 1456745, 
        "long_term_average": 172376, 
        "date": "2013-08-31", 
        "operating_revenue": 190793, 
        "short_term_average": 199581
    }, 
    {
        "accumulated_operating_revenue_yoy": 31.090812656598587, 
        "accumulated_operating_revenue": 1737534, 
        "long_term_average": 185864, 
        "date": "2013-09-30", 
        "operating_revenue": 280789, 
        "short_term_average": 223539
    }, 
    {
        "accumulated_operating_revenue_yoy": 32.33748051018166, 
        "accumulated_operating_revenue": 2029386, 
        "long_term_average": 192847, 
        "date": "2013-10-31", 
        "operating_revenue": 291852, 
        "short_term_average": 254478
    }, 
    {
        "accumulated_operating_revenue_yoy": 43.389865284480514, 
        "accumulated_operating_revenue": 2348151, 
        "long_term_average": 210736, 
        "date": "2013-11-30", 
        "operating_revenue": 318765, 
        "short_term_average": 297135
    }, 
    {
        "accumulated_operating_revenue_yoy": 54.12741711947555, 
        "accumulated_operating_revenue": 2802468, 
        "long_term_average": 233539, 
        "date": "2013-12-31", 
        "operating_revenue": 454317, 
        "short_term_average": 354978
    }, 
    {
        "accumulated_operating_revenue_yoy": 123.3929919351635, 
        "accumulated_operating_revenue": 224921, 
        "long_term_average": 243892, 
        "date": "2014-01-31", 
        "operating_revenue": 224921, 
        "short_term_average": 332667
    }, 
    {
        "accumulated_operating_revenue_yoy": 142.004478198693, 
        "accumulated_operating_revenue": 424759, 
        "long_term_average": 254309, 
        "date": "2014-02-28", 
        "operating_revenue": 199838, 
        "short_term_average": 293025
    }, 
    {
        "accumulated_operating_revenue_yoy": 152.21809729799529, 
        "accumulated_operating_revenue": 1171944, 
        "long_term_average": 292479, 
        "date": "2014-03-31", 
        "operating_revenue": 747185, 
        "short_term_average": 390648
    }, 
    {
        "accumulated_operating_revenue_yoy": 141.04772248711183, 
        "accumulated_operating_revenue": 1593499, 
        "long_term_average": 311241, 
        "date": "2014-04-30", 
        "operating_revenue": 421555, 
        "short_term_average": 456192
    }, 
    {
        "accumulated_operating_revenue_yoy": 119.00298600702564, 
        "accumulated_operating_revenue": 1879050, 
        "long_term_average": 318626, 
        "date": "2014-05-31", 
        "operating_revenue": 285551, 
        "short_term_average": 484763
    }, 
    {
        "accumulated_operating_revenue_yoy": 144.37148226428536, 
        "accumulated_operating_revenue": 2607236, 
        "long_term_average": 361899, 
        "date": "2014-06-30", 
        "operating_revenue": 728186, 
        "short_term_average": 478430
    }, 
    {
        "accumulated_operating_revenue_yoy": 131.9638501301787, 
        "accumulated_operating_revenue": 2936551, 
        "long_term_average": 372755, 
        "date": "2014-07-31", 
        "operating_revenue": 329315, 
        "short_term_average": 447684
    }, 
    {
        "accumulated_operating_revenue_yoy": 143.01549001369492, 
        "accumulated_operating_revenue": 3540116, 
        "long_term_average": 407153, 
        "date": "2014-08-31", 
        "operating_revenue": 603565, 
        "short_term_average": 553688
    }, 
    {
        "accumulated_operating_revenue_yoy": 167.86290225112143, 
        "accumulated_operating_revenue": 4654209, 
        "long_term_average": 476595, 
        "date": "2014-09-30", 
        "operating_revenue": 1114093, 
        "short_term_average": 682324
    }, 
    {
        "accumulated_operating_revenue_yoy": 146.05407744017157, 
        "accumulated_operating_revenue": 4993387, 
        "long_term_average": 480539, 
        "date": "2014-10-31", 
        "operating_revenue": 339178, 
        "short_term_average": 685612
    }, 
    {
        "accumulated_operating_revenue_yoy": 134.93484873843292, 
        "accumulated_operating_revenue": 5516625, 
        "long_term_average": 497578, 
        "date": "2014-11-30", 
        "operating_revenue": 523238, 
        "short_term_average": 658836
    }, 
    {
        "accumulated_operating_revenue_yoy": 131.4949894164715, 
        "accumulated_operating_revenue": 6487573, 
        "long_term_average": 540631, 
        "date": "2014-12-31", 
        "operating_revenue": 970948, 
        "short_term_average": 611121
    }, 
    {
        "accumulated_operating_revenue_yoy": 63.62144930886845, 
        "accumulated_operating_revenue": 368019, 
        "long_term_average": 552555, 
        "date": "2015-01-31", 
        "operating_revenue": 368019, 
        "short_term_average": 620735
    }, 
    {
        "accumulated_operating_revenue_yoy": 59.57825496340278, 
        "accumulated_operating_revenue": 677823, 
        "long_term_average": 561719, 
        "date": "2015-02-28", 
        "operating_revenue": 309804, 
        "short_term_average": 549590
    }, 
    {
        "accumulated_operating_revenue_yoy": 6.786672400729045, 
        "accumulated_operating_revenue": 1251480, 
        "long_term_average": 547259, 
        "date": "2015-03-31", 
        "operating_revenue": 573657, 
        "short_term_average": 417160
    }, 
    {
        "accumulated_operating_revenue_yoy": 16.570013536249473, 
        "accumulated_operating_revenue": 1857542, 
        "long_term_average": 562634, 
        "date": "2015-04-30", 
        "operating_revenue": 606062, 
        "short_term_average": 496507
    }, 
    {
        "accumulated_operating_revenue_yoy": 28.821798249115243, 
        "accumulated_operating_revenue": 2420626, 
        "long_term_average": 585762, 
        "date": "2015-05-31", 
        "operating_revenue": 563084, 
        "short_term_average": 580934
    }, 
    {
        "accumulated_operating_revenue_yoy": 22.532981287463045, 
        "accumulated_operating_revenue": 3194724, 
        "long_term_average": 589588, 
        "date": "2015-06-30", 
        "operating_revenue": 774098, 
        "short_term_average": 647748
    }, 
    {
        "accumulated_operating_revenue_yoy": 26.181632806649706, 
        "accumulated_operating_revenue": 3705388, 
        "long_term_average": 604700, 
        "date": "2015-07-31", 
        "operating_revenue": 510664, 
        "short_term_average": 615948
    }, 
    {
        "accumulated_operating_revenue_yoy": 19.00581788845337, 
        "accumulated_operating_revenue": 4212944, 
        "long_term_average": 596700, 
        "date": "2015-08-31", 
        "operating_revenue": 507556, 
        "short_term_average": 597439
    }
]