[
    {
        "date": "2011-09-30", 
        "operating_revenue": 704738, 
        "accumulated_operating_revenue": 704738, 
        "long_term_average": 704738, 
        "short_term_average": 704738
    }, 
    {
        "date": "2011-10-31", 
        "operating_revenue": 651283, 
        "accumulated_operating_revenue": 1356021, 
        "long_term_average": 678010, 
        "short_term_average": 678010
    }, 
    {
        "date": "2011-11-30", 
        "operating_revenue": 594101, 
        "accumulated_operating_revenue": 1950122, 
        "long_term_average": 650040, 
        "short_term_average": 650040
    }, 
    {
        "date": "2011-12-31", 
        "operating_revenue": 589490, 
        "accumulated_operating_revenue": 2539612, 
        "long_term_average": 634903, 
        "short_term_average": 611624
    }, 
    {
        "date": "2012-01-31", 
        "operating_revenue": 540437, 
        "accumulated_operating_revenue": 540437, 
        "long_term_average": 616009, 
        "short_term_average": 574676
    }, 
    {
        "date": "2012-02-29", 
        "operating_revenue": 551895, 
        "accumulated_operating_revenue": 1092332, 
        "long_term_average": 605324, 
        "short_term_average": 560607
    }, 
    {
        "date": "2012-03-31", 
        "operating_revenue": 613683, 
        "accumulated_operating_revenue": 1706015, 
        "long_term_average": 606518, 
        "short_term_average": 568671
    }, 
    {
        "date": "2012-04-30", 
        "operating_revenue": 717429, 
        "accumulated_operating_revenue": 2423444, 
        "long_term_average": 620382, 
        "short_term_average": 627669
    }, 
    {
        "date": "2012-05-31", 
        "operating_revenue": 729667, 
        "accumulated_operating_revenue": 3153111, 
        "long_term_average": 632524, 
        "short_term_average": 686926
    }, 
    {
        "date": "2012-06-30", 
        "operating_revenue": 655699, 
        "accumulated_operating_revenue": 3808810, 
        "long_term_average": 634842, 
        "short_term_average": 700931
    }, 
    {
        "date": "2012-07-31", 
        "operating_revenue": 624182, 
        "accumulated_operating_revenue": 4432992, 
        "long_term_average": 633873, 
        "short_term_average": 669849
    }, 
    {
        "date": "2012-08-31", 
        "operating_revenue": 634803, 
        "accumulated_operating_revenue": 5067795, 
        "long_term_average": 633950, 
        "short_term_average": 638228
    }, 
    {
        "accumulated_operating_revenue_yoy": 702.9649316483573, 
        "accumulated_operating_revenue": 5658799, 
        "long_term_average": 624472, 
        "date": "2012-09-30", 
        "operating_revenue": 591004, 
        "short_term_average": 616663
    }, 
    {
        "accumulated_operating_revenue_yoy": 359.92569436609017, 
        "accumulated_operating_revenue": 6236689, 
        "long_term_average": 618356, 
        "date": "2012-10-31", 
        "operating_revenue": 577890, 
        "short_term_average": 601232
    }, 
    {
        "accumulated_operating_revenue_yoy": 245.40808216101354, 
        "accumulated_operating_revenue": 6735879, 
        "long_term_average": 610447, 
        "date": "2012-11-30", 
        "operating_revenue": 499190, 
        "short_term_average": 556028
    }, 
    {
        "accumulated_operating_revenue_yoy": 184.7477882448185, 
        "accumulated_operating_revenue": 7231489, 
        "long_term_average": 602624, 
        "date": "2012-12-31", 
        "operating_revenue": 495610, 
        "short_term_average": 524230
    }, 
    {
        "accumulated_operating_revenue_yoy": 6.974170902436362, 
        "accumulated_operating_revenue": 578128, 
        "long_term_average": 605765, 
        "date": "2013-01-31", 
        "operating_revenue": 578128, 
        "short_term_average": 524309
    }, 
    {
        "accumulated_operating_revenue_yoy": -3.565124888770081, 
        "accumulated_operating_revenue": 1053389, 
        "long_term_average": 599378, 
        "date": "2013-02-28", 
        "operating_revenue": 475261, 
        "short_term_average": 516333
    }, 
    {
        "accumulated_operating_revenue_yoy": 2.897629856712866, 
        "accumulated_operating_revenue": 1755449, 
        "long_term_average": 606743, 
        "date": "2013-03-31", 
        "operating_revenue": 702060, 
        "short_term_average": 585149
    }, 
    {
        "accumulated_operating_revenue_yoy": 3.205273156714164, 
        "accumulated_operating_revenue": 2501122, 
        "long_term_average": 609097, 
        "date": "2013-04-30", 
        "operating_revenue": 745673, 
        "short_term_average": 640998
    }, 
    {
        "accumulated_operating_revenue_yoy": 4.0339524996107015, 
        "accumulated_operating_revenue": 3280306, 
        "long_term_average": 613223, 
        "date": "2013-05-31", 
        "operating_revenue": 779184, 
        "short_term_average": 742305
    }, 
    {
        "accumulated_operating_revenue_yoy": 4.516423764902949, 
        "accumulated_operating_revenue": 3980832, 
        "long_term_average": 616959, 
        "date": "2013-06-30", 
        "operating_revenue": 700526, 
        "short_term_average": 741794
    }, 
    {
        "accumulated_operating_revenue_yoy": 6.357918083317092, 
        "accumulated_operating_revenue": 4714838, 
        "long_term_average": 626111, 
        "date": "2013-07-31", 
        "operating_revenue": 734006, 
        "short_term_average": 737905
    }, 
    {
        "accumulated_operating_revenue_yoy": 6.760454990780014, 
        "accumulated_operating_revenue": 5410401, 
        "long_term_average": 631174, 
        "date": "2013-08-31", 
        "operating_revenue": 695563, 
        "short_term_average": 710031
    }, 
    {
        "accumulated_operating_revenue_yoy": 6.671203553969668, 
        "accumulated_operating_revenue": 6036309, 
        "long_term_average": 634083, 
        "date": "2013-09-30", 
        "operating_revenue": 625908, 
        "short_term_average": 685159
    }, 
    {
        "accumulated_operating_revenue_yoy": 6.606566400857891, 
        "accumulated_operating_revenue": 6648720, 
        "long_term_average": 636960, 
        "date": "2013-10-31", 
        "operating_revenue": 612411, 
        "short_term_average": 644627
    }, 
    {
        "accumulated_operating_revenue_yoy": 9.874925009787141, 
        "accumulated_operating_revenue": 7401042, 
        "long_term_average": 658054, 
        "date": "2013-11-30", 
        "operating_revenue": 752322, 
        "short_term_average": 663547
    }, 
    {
        "accumulated_operating_revenue_yoy": 11.899748447380617, 
        "accumulated_operating_revenue": 8092018, 
        "long_term_average": 674334, 
        "date": "2013-12-31", 
        "operating_revenue": 690976, 
        "short_term_average": 685236
    }, 
    {
        "accumulated_operating_revenue_yoy": 21.753487117039825, 
        "accumulated_operating_revenue": 703891, 
        "long_term_average": 684815, 
        "date": "2014-01-31", 
        "operating_revenue": 703891, 
        "short_term_average": 715729
    }, 
    {
        "accumulated_operating_revenue_yoy": 31.99311935097101, 
        "accumulated_operating_revenue": 1390401, 
        "long_term_average": 702419, 
        "date": "2014-02-28", 
        "operating_revenue": 686510, 
        "short_term_average": 693792
    }, 
    {
        "accumulated_operating_revenue_yoy": 22.734240641568054, 
        "accumulated_operating_revenue": 2154537, 
        "long_term_average": 707592, 
        "date": "2014-03-31", 
        "operating_revenue": 764136, 
        "short_term_average": 718179
    }, 
    {
        "accumulated_operating_revenue_yoy": 17.348374049726484, 
        "accumulated_operating_revenue": 2935026, 
        "long_term_average": 710493, 
        "date": "2014-04-30", 
        "operating_revenue": 780489, 
        "short_term_average": 743711
    }, 
    {
        "accumulated_operating_revenue_yoy": 13.345614707896154, 
        "accumulated_operating_revenue": 3718083, 
        "long_term_average": 710816, 
        "date": "2014-05-31", 
        "operating_revenue": 783057, 
        "short_term_average": 775894
    }, 
    {
        "accumulated_operating_revenue_yoy": 12.64534650043006, 
        "accumulated_operating_revenue": 4484222, 
        "long_term_average": 716284, 
        "date": "2014-06-30", 
        "operating_revenue": 766139, 
        "short_term_average": 776561
    }, 
    {
        "accumulated_operating_revenue_yoy": 12.118359103748634, 
        "accumulated_operating_revenue": 5286199, 
        "long_term_average": 721948, 
        "date": "2014-07-31", 
        "operating_revenue": 801977, 
        "short_term_average": 783724
    }, 
    {
        "accumulated_operating_revenue_yoy": 12.818938928925972, 
        "accumulated_operating_revenue": 6103957, 
        "long_term_average": 732131, 
        "date": "2014-08-31", 
        "operating_revenue": 817758, 
        "short_term_average": 795291
    }, 
    {
        "accumulated_operating_revenue_yoy": 12.61964886158081, 
        "accumulated_operating_revenue": 6798070, 
        "long_term_average": 737814, 
        "date": "2014-09-30", 
        "operating_revenue": 694113, 
        "short_term_average": 771282
    }, 
    {
        "accumulated_operating_revenue_yoy": 12.868867992636176, 
        "accumulated_operating_revenue": 7504335, 
        "long_term_average": 745636, 
        "date": "2014-10-31", 
        "operating_revenue": 706265, 
        "short_term_average": 739378
    }, 
    {
        "accumulated_operating_revenue_yoy": 11.179290699877125, 
        "accumulated_operating_revenue": 8228426, 
        "long_term_average": 743283, 
        "date": "2014-11-30", 
        "operating_revenue": 724091, 
        "short_term_average": 708156
    }, 
    {
        "accumulated_operating_revenue_yoy": 10.749815435408077, 
        "accumulated_operating_revenue": 8961895, 
        "long_term_average": 746824, 
        "date": "2014-12-31", 
        "operating_revenue": 733469, 
        "short_term_average": 721275
    }, 
    {
        "accumulated_operating_revenue_yoy": -7.174974534409446, 
        "accumulated_operating_revenue": 653387, 
        "long_term_average": 742615, 
        "date": "2015-01-31", 
        "operating_revenue": 653387, 
        "short_term_average": 703649
    }, 
    {
        "accumulated_operating_revenue_yoy": -14.5294055455944, 
        "accumulated_operating_revenue": 1188384, 
        "long_term_average": 729989, 
        "date": "2015-02-28", 
        "operating_revenue": 534997, 
        "short_term_average": 640617
    }, 
    {
        "accumulated_operating_revenue_yoy": -14.672293861743846, 
        "accumulated_operating_revenue": 1838417, 
        "long_term_average": 720481, 
        "date": "2015-03-31", 
        "operating_revenue": 650033, 
        "short_term_average": 612805
    }, 
    {
        "accumulated_operating_revenue_yoy": -14.521029796669605, 
        "accumulated_operating_revenue": 2508830, 
        "long_term_average": 711308, 
        "date": "2015-04-30", 
        "operating_revenue": 670413, 
        "short_term_average": 618481
    }, 
    {
        "accumulated_operating_revenue_yoy": -16.311873618743853, 
        "accumulated_operating_revenue": 3111594, 
        "long_term_average": 696283, 
        "date": "2015-05-31", 
        "operating_revenue": 602764, 
        "short_term_average": 641070
    }, 
    {
        "accumulated_operating_revenue_yoy": -16.52587672956424, 
        "accumulated_operating_revenue": 3743165, 
        "long_term_average": 685069, 
        "date": "2015-06-30", 
        "operating_revenue": 631571, 
        "short_term_average": 634916
    }, 
    {
        "accumulated_operating_revenue_yoy": -16.90598481063615, 
        "accumulated_operating_revenue": 4392515, 
        "long_term_average": 672350, 
        "date": "2015-07-31", 
        "operating_revenue": 649350, 
        "short_term_average": 627895
    }, 
    {
        "accumulated_operating_revenue_yoy": -17.07325264578371, 
        "accumulated_operating_revenue": 5061813, 
        "long_term_average": 659979, 
        "date": "2015-08-31", 
        "operating_revenue": 669298, 
        "short_term_average": 650073
    }, 
    {
        "accumulated_operating_revenue_yoy": -15.127940724352648, 
        "accumulated_operating_revenue": 5769662, 
        "long_term_average": 661123, 
        "date": "2015-09-30", 
        "operating_revenue": 707849, 
        "short_term_average": 675499
    }
]