[
    {
        "date": "2011-09-30", 
        "operating_revenue": 152519, 
        "accumulated_operating_revenue": 152519, 
        "long_term_average": 152519, 
        "short_term_average": 152519
    }, 
    {
        "date": "2011-10-31", 
        "operating_revenue": 133156, 
        "accumulated_operating_revenue": 285675, 
        "long_term_average": 142837, 
        "short_term_average": 142837
    }, 
    {
        "date": "2011-11-30", 
        "operating_revenue": 148733, 
        "accumulated_operating_revenue": 434408, 
        "long_term_average": 144802, 
        "short_term_average": 144802
    }, 
    {
        "date": "2011-12-31", 
        "operating_revenue": 161180, 
        "accumulated_operating_revenue": 595588, 
        "long_term_average": 148897, 
        "short_term_average": 147689
    }, 
    {
        "date": "2012-01-31", 
        "operating_revenue": 146173, 
        "accumulated_operating_revenue": 146173, 
        "long_term_average": 148352, 
        "short_term_average": 152028
    }, 
    {
        "date": "2012-02-29", 
        "operating_revenue": 143639, 
        "accumulated_operating_revenue": 289812, 
        "long_term_average": 147566, 
        "short_term_average": 150330
    }, 
    {
        "date": "2012-03-31", 
        "operating_revenue": 204723, 
        "accumulated_operating_revenue": 494535, 
        "long_term_average": 155731, 
        "short_term_average": 164845
    }, 
    {
        "date": "2012-04-30", 
        "operating_revenue": 196784, 
        "accumulated_operating_revenue": 691319, 
        "long_term_average": 160863, 
        "short_term_average": 181715
    }, 
    {
        "date": "2012-05-31", 
        "operating_revenue": 219814, 
        "accumulated_operating_revenue": 911133, 
        "long_term_average": 167413, 
        "short_term_average": 207107
    }, 
    {
        "date": "2012-06-30", 
        "operating_revenue": 139631, 
        "accumulated_operating_revenue": 1050764, 
        "long_term_average": 164635, 
        "short_term_average": 185409
    }, 
    {
        "date": "2012-07-31", 
        "operating_revenue": 205269, 
        "accumulated_operating_revenue": 1256033, 
        "long_term_average": 168329, 
        "short_term_average": 188238
    }, 
    {
        "date": "2012-08-31", 
        "operating_revenue": 178638, 
        "accumulated_operating_revenue": 1434671, 
        "long_term_average": 169188, 
        "short_term_average": 174512
    }, 
    {
        "accumulated_operating_revenue_yoy": 947.2964024154369, 
        "accumulated_operating_revenue": 1597326, 
        "long_term_average": 170032, 
        "date": "2012-09-30", 
        "operating_revenue": 162655, 
        "short_term_average": 182187
    }, 
    {
        "accumulated_operating_revenue_yoy": 517.9599194889297, 
        "accumulated_operating_revenue": 1765357, 
        "long_term_average": 172939, 
        "date": "2012-10-31", 
        "operating_revenue": 168031, 
        "short_term_average": 169774
    }, 
    {
        "accumulated_operating_revenue_yoy": 346.6833023332903, 
        "accumulated_operating_revenue": 1940428, 
        "long_term_average": 175134, 
        "date": "2012-11-30", 
        "operating_revenue": 175071, 
        "short_term_average": 168585
    }, 
    {
        "accumulated_operating_revenue_yoy": 253.32881119162911, 
        "accumulated_operating_revenue": 2104384, 
        "long_term_average": 175365, 
        "date": "2012-12-31", 
        "operating_revenue": 163956, 
        "short_term_average": 169019
    }, 
    {
        "accumulated_operating_revenue_yoy": 32.74339310269339, 
        "accumulated_operating_revenue": 194035, 
        "long_term_average": 179353, 
        "date": "2013-01-31", 
        "operating_revenue": 194035, 
        "short_term_average": 177687
    }, 
    {
        "accumulated_operating_revenue_yoy": -4.574689798904117, 
        "accumulated_operating_revenue": 276554, 
        "long_term_average": 174260, 
        "date": "2013-02-28", 
        "operating_revenue": 82519, 
        "short_term_average": 146836
    }, 
    {
        "accumulated_operating_revenue_yoy": -10.338600907923604, 
        "accumulated_operating_revenue": 443407, 
        "long_term_average": 171104, 
        "date": "2013-03-31", 
        "operating_revenue": 166853, 
        "short_term_average": 147802
    }, 
    {
        "accumulated_operating_revenue_yoy": -10.46419959526644, 
        "accumulated_operating_revenue": 618978, 
        "long_term_average": 169336, 
        "date": "2013-04-30", 
        "operating_revenue": 175571, 
        "short_term_average": 141647
    }, 
    {
        "accumulated_operating_revenue_yoy": -11.935359601726642, 
        "accumulated_operating_revenue": 802386, 
        "long_term_average": 166303, 
        "date": "2013-05-31", 
        "operating_revenue": 183408, 
        "short_term_average": 175277
    }, 
    {
        "accumulated_operating_revenue_yoy": -10.73447510573259, 
        "accumulated_operating_revenue": 937970, 
        "long_term_average": 165965, 
        "date": "2013-06-30", 
        "operating_revenue": 135584, 
        "short_term_average": 164854
    }, 
    {
        "accumulated_operating_revenue_yoy": -13.289618982940734, 
        "accumulated_operating_revenue": 1089111, 
        "long_term_average": 161455, 
        "date": "2013-07-31", 
        "operating_revenue": 151141, 
        "short_term_average": 156711
    }, 
    {
        "accumulated_operating_revenue_yoy": -12.333559401423742, 
        "accumulated_operating_revenue": 1257725, 
        "long_term_average": 160619, 
        "date": "2013-08-31", 
        "operating_revenue": 168614, 
        "short_term_average": 151779
    }, 
    {
        "accumulated_operating_revenue_yoy": -11.160714844684179, 
        "accumulated_operating_revenue": 1419053, 
        "long_term_average": 160509, 
        "date": "2013-09-30", 
        "operating_revenue": 161328, 
        "short_term_average": 160361
    }, 
    {
        "accumulated_operating_revenue_yoy": -11.732244526177992, 
        "accumulated_operating_revenue": 1558241, 
        "long_term_average": 158105, 
        "date": "2013-10-31", 
        "operating_revenue": 139188, 
        "short_term_average": 156376
    }, 
    {
        "accumulated_operating_revenue_yoy": -12.633140729777143, 
        "accumulated_operating_revenue": 1695291, 
        "long_term_average": 154937, 
        "date": "2013-11-30", 
        "operating_revenue": 137050, 
        "short_term_average": 145855
    }, 
    {
        "accumulated_operating_revenue_yoy": -11.85325491925428, 
        "accumulated_operating_revenue": 1854946, 
        "long_term_average": 154578, 
        "date": "2013-12-31", 
        "operating_revenue": 159655, 
        "short_term_average": 145297
    }, 
    {
        "accumulated_operating_revenue_yoy": -7.180147911459272, 
        "accumulated_operating_revenue": 180103, 
        "long_term_average": 153417, 
        "date": "2014-01-31", 
        "operating_revenue": 180103, 
        "short_term_average": 158936
    }, 
    {
        "accumulated_operating_revenue_yoy": 24.75827505658931, 
        "accumulated_operating_revenue": 345024, 
        "long_term_average": 160284, 
        "date": "2014-02-28", 
        "operating_revenue": 164921, 
        "short_term_average": 168226
    }, 
    {
        "accumulated_operating_revenue_yoy": 29.25325942080301, 
        "accumulated_operating_revenue": 573118, 
        "long_term_average": 165388, 
        "date": "2014-03-31", 
        "operating_revenue": 228094, 
        "short_term_average": 191039
    }, 
    {
        "accumulated_operating_revenue_yoy": 26.995466720949697, 
        "accumulated_operating_revenue": 786074, 
        "long_term_average": 168503, 
        "date": "2014-04-30", 
        "operating_revenue": 212956, 
        "short_term_average": 201990
    }, 
    {
        "accumulated_operating_revenue_yoy": 25.366095619813905, 
        "accumulated_operating_revenue": 1005920, 
        "long_term_average": 171540, 
        "date": "2014-05-31", 
        "operating_revenue": 219846, 
        "short_term_average": 220298
    }, 
    {
        "accumulated_operating_revenue_yoy": 27.97648112412977, 
        "accumulated_operating_revenue": 1200381, 
        "long_term_average": 176446, 
        "date": "2014-06-30", 
        "operating_revenue": 194461, 
        "short_term_average": 209087
    }, 
    {
        "accumulated_operating_revenue_yoy": 27.155634274192437, 
        "accumulated_operating_revenue": 1384866, 
        "long_term_average": 179225, 
        "date": "2014-07-31", 
        "operating_revenue": 184485, 
        "short_term_average": 199597
    }, 
    {
        "accumulated_operating_revenue_yoy": 25.02852372338945, 
        "accumulated_operating_revenue": 1572515, 
        "long_term_average": 180811, 
        "date": "2014-08-31", 
        "operating_revenue": 187649, 
        "short_term_average": 188865
    }, 
    {
        "accumulated_operating_revenue_yoy": 23.87860072879589, 
        "accumulated_operating_revenue": 1757903, 
        "long_term_average": 182816, 
        "date": "2014-09-30", 
        "operating_revenue": 185388, 
        "short_term_average": 185840
    }, 
    {
        "accumulated_operating_revenue_yoy": 21.40176006150525, 
        "accumulated_operating_revenue": 1891732, 
        "long_term_average": 182369, 
        "date": "2014-10-31", 
        "operating_revenue": 133829, 
        "short_term_average": 168955
    }, 
    {
        "accumulated_operating_revenue_yoy": 22.39780663024814, 
        "accumulated_operating_revenue": 2074999, 
        "long_term_average": 186221, 
        "date": "2014-11-30", 
        "operating_revenue": 183267, 
        "short_term_average": 167494
    }, 
    {
        "accumulated_operating_revenue_yoy": 19.779066344788472, 
        "accumulated_operating_revenue": 2221837, 
        "long_term_average": 185153, 
        "date": "2014-12-31", 
        "operating_revenue": 146838, 
        "short_term_average": 154644
    }, 
    {
        "accumulated_operating_revenue_yoy": 9.23693664181052, 
        "accumulated_operating_revenue": 196739, 
        "long_term_average": 186539, 
        "date": "2015-01-31", 
        "operating_revenue": 196739, 
        "short_term_average": 175614
    }, 
    {
        "accumulated_operating_revenue_yoy": -9.886558616212206, 
        "accumulated_operating_revenue": 310913, 
        "long_term_average": 182310, 
        "date": "2015-02-28", 
        "operating_revenue": 114174, 
        "short_term_average": 152583
    }, 
    {
        "accumulated_operating_revenue_yoy": -17.16435358861526, 
        "accumulated_operating_revenue": 474746, 
        "long_term_average": 176955, 
        "date": "2015-03-31", 
        "operating_revenue": 163833, 
        "short_term_average": 158248
    }, 
    {
        "accumulated_operating_revenue_yoy": -17.04953986520353, 
        "accumulated_operating_revenue": 652052, 
        "long_term_average": 173984, 
        "date": "2015-04-30", 
        "operating_revenue": 177306, 
        "short_term_average": 151771
    }, 
    {
        "accumulated_operating_revenue_yoy": -17.0706418005408, 
        "accumulated_operating_revenue": 834203, 
        "long_term_average": 170843, 
        "date": "2015-05-31", 
        "operating_revenue": 182151, 
        "short_term_average": 174430
    }, 
    {
        "accumulated_operating_revenue_yoy": -15.258738683801226, 
        "accumulated_operating_revenue": 1017218, 
        "long_term_average": 169889, 
        "date": "2015-06-30", 
        "operating_revenue": 183015, 
        "short_term_average": 180824
    }, 
    {
        "accumulated_operating_revenue_yoy": -13.542754317024174, 
        "accumulated_operating_revenue": 1197317, 
        "long_term_average": 169524, 
        "date": "2015-07-31", 
        "operating_revenue": 180099, 
        "short_term_average": 181755
    }, 
    {
        "accumulated_operating_revenue_yoy": -13.292401026381306, 
        "accumulated_operating_revenue": 1363490, 
        "long_term_average": 167734, 
        "date": "2015-08-31", 
        "operating_revenue": 166173, 
        "short_term_average": 176429
    }, 
    {
        "accumulated_operating_revenue_yoy": -12.922954224436731, 
        "accumulated_operating_revenue": 1530730, 
        "long_term_average": 166222, 
        "date": "2015-09-30", 
        "operating_revenue": 167240, 
        "short_term_average": 171170
    }
]