[
    {
        "date": "2012-01-31", 
        "operating_revenue": 18552, 
        "accumulated_operating_revenue": 18552, 
        "long_term_average": 18552, 
        "short_term_average": 18552
    }, 
    {
        "date": "2012-02-29", 
        "operating_revenue": 29385, 
        "accumulated_operating_revenue": 47937, 
        "long_term_average": 23968, 
        "short_term_average": 23968
    }, 
    {
        "date": "2012-03-31", 
        "operating_revenue": 26163, 
        "accumulated_operating_revenue": 74100, 
        "long_term_average": 24700, 
        "short_term_average": 24700
    }, 
    {
        "date": "2012-04-30", 
        "operating_revenue": 14271, 
        "accumulated_operating_revenue": 88371, 
        "long_term_average": 22092, 
        "short_term_average": 23273
    }, 
    {
        "date": "2012-05-31", 
        "operating_revenue": 13951, 
        "accumulated_operating_revenue": 102322, 
        "long_term_average": 20464, 
        "short_term_average": 18128
    }, 
    {
        "date": "2012-06-30", 
        "operating_revenue": 11110, 
        "accumulated_operating_revenue": 113432, 
        "long_term_average": 18905, 
        "short_term_average": 13110
    }, 
    {
        "date": "2012-07-31", 
        "operating_revenue": 18127, 
        "accumulated_operating_revenue": 131559, 
        "long_term_average": 18794, 
        "short_term_average": 14396
    }, 
    {
        "date": "2012-08-31", 
        "operating_revenue": 8891, 
        "accumulated_operating_revenue": 140450, 
        "long_term_average": 17556, 
        "short_term_average": 12709
    }, 
    {
        "date": "2012-09-30", 
        "operating_revenue": 29736, 
        "accumulated_operating_revenue": 170186, 
        "long_term_average": 18909, 
        "short_term_average": 18918
    }, 
    {
        "date": "2012-10-31", 
        "operating_revenue": 6862, 
        "accumulated_operating_revenue": 177048, 
        "long_term_average": 17704, 
        "short_term_average": 15163
    }, 
    {
        "date": "2012-11-30", 
        "operating_revenue": 10489, 
        "accumulated_operating_revenue": 187537, 
        "long_term_average": 17048, 
        "short_term_average": 15695
    }, 
    {
        "date": "2012-12-31", 
        "operating_revenue": 16375, 
        "accumulated_operating_revenue": 203912, 
        "long_term_average": 16992, 
        "short_term_average": 11242
    }, 
    {
        "accumulated_operating_revenue_yoy": 244.69598965071154, 
        "accumulated_operating_revenue": 63948, 
        "long_term_average": 20775, 
        "date": "2013-01-31", 
        "operating_revenue": 63948, 
        "short_term_average": 30270
    }, 
    {
        "accumulated_operating_revenue_yoy": 73.92202265473435, 
        "accumulated_operating_revenue": 83373, 
        "long_term_average": 19945, 
        "date": "2013-02-28", 
        "operating_revenue": 19425, 
        "short_term_average": 33249
    }, 
    {
        "accumulated_operating_revenue_yoy": 62.57219973009447, 
        "accumulated_operating_revenue": 120466, 
        "long_term_average": 20856, 
        "date": "2013-03-31", 
        "operating_revenue": 37093, 
        "short_term_average": 40155
    }, 
    {
        "accumulated_operating_revenue_yoy": 47.30397981238189, 
        "accumulated_operating_revenue": 130174, 
        "long_term_average": 20476, 
        "date": "2013-04-30", 
        "operating_revenue": 9708, 
        "short_term_average": 22075
    }, 
    {
        "accumulated_operating_revenue_yoy": 36.213131095951994, 
        "accumulated_operating_revenue": 139376, 
        "long_term_average": 20080, 
        "date": "2013-05-31", 
        "operating_revenue": 9202, 
        "short_term_average": 18667
    }, 
    {
        "accumulated_operating_revenue_yoy": 29.676810776500457, 
        "accumulated_operating_revenue": 147095, 
        "long_term_average": 19797, 
        "date": "2013-06-30", 
        "operating_revenue": 7719, 
        "short_term_average": 8876
    }, 
    {
        "accumulated_operating_revenue_yoy": 22.934956939472023, 
        "accumulated_operating_revenue": 161732, 
        "long_term_average": 19507, 
        "date": "2013-07-31", 
        "operating_revenue": 14637, 
        "short_term_average": 10519
    }, 
    {
        "accumulated_operating_revenue_yoy": 53.11000355998576, 
        "accumulated_operating_revenue": 215043, 
        "long_term_average": 23208, 
        "date": "2013-08-31", 
        "operating_revenue": 53311, 
        "short_term_average": 25222
    }, 
    {
        "accumulated_operating_revenue_yoy": 44.641157321988885, 
        "accumulated_operating_revenue": 246159, 
        "long_term_average": 23323, 
        "date": "2013-09-30", 
        "operating_revenue": 31116, 
        "short_term_average": 33021
    }, 
    {
        "accumulated_operating_revenue_yoy": 49.0816049884777, 
        "accumulated_operating_revenue": 263946, 
        "long_term_average": 24234, 
        "date": "2013-10-31", 
        "operating_revenue": 17787, 
        "short_term_average": 34071
    }, 
    {
        "accumulated_operating_revenue_yoy": 53.96908343420231, 
        "accumulated_operating_revenue": 288749, 
        "long_term_average": 25427, 
        "date": "2013-11-30", 
        "operating_revenue": 24803, 
        "short_term_average": 24568
    }, 
    {
        "accumulated_operating_revenue_yoy": 45.51375102985602, 
        "accumulated_operating_revenue": 296720, 
        "long_term_average": 24726, 
        "date": "2013-12-31", 
        "operating_revenue": 7971, 
        "short_term_average": 16853
    }, 
    {
        "accumulated_operating_revenue_yoy": -78.72490148245448, 
        "accumulated_operating_revenue": 13605, 
        "long_term_average": 20531, 
        "date": "2014-01-31", 
        "operating_revenue": 13605, 
        "short_term_average": 15459
    }, 
    {
        "accumulated_operating_revenue_yoy": -67.87329231285908, 
        "accumulated_operating_revenue": 26785, 
        "long_term_average": 20011, 
        "date": "2014-02-28", 
        "operating_revenue": 13180, 
        "short_term_average": 11585
    }, 
    {
        "accumulated_operating_revenue_yoy": -72.33244234887852, 
        "accumulated_operating_revenue": 33330, 
        "long_term_average": 17465, 
        "date": "2014-03-31", 
        "operating_revenue": 6545, 
        "short_term_average": 11110
    }, 
    {
        "accumulated_operating_revenue_yoy": -32.0471061809578, 
        "accumulated_operating_revenue": 88457, 
        "long_term_average": 21250, 
        "date": "2014-04-30", 
        "operating_revenue": 55127, 
        "short_term_average": 24950
    }, 
    {
        "accumulated_operating_revenue_yoy": -17.454942027321778, 
        "accumulated_operating_revenue": 115048, 
        "long_term_average": 22699, 
        "date": "2014-05-31", 
        "operating_revenue": 26591, 
        "short_term_average": 29421
    }, 
    {
        "accumulated_operating_revenue_yoy": -12.850878683843774, 
        "accumulated_operating_revenue": 128192, 
        "long_term_average": 23151, 
        "date": "2014-06-30", 
        "operating_revenue": 13144, 
        "short_term_average": 31620
    }, 
    {
        "accumulated_operating_revenue_yoy": -1.7201295971112707, 
        "accumulated_operating_revenue": 158950, 
        "long_term_average": 24494, 
        "date": "2014-07-31", 
        "operating_revenue": 30758, 
        "short_term_average": 23497
    }, 
    {
        "accumulated_operating_revenue_yoy": -11.513511251238125, 
        "accumulated_operating_revenue": 190284, 
        "long_term_average": 22663, 
        "date": "2014-08-31", 
        "operating_revenue": 31334, 
        "short_term_average": 25078
    }, 
    {
        "accumulated_operating_revenue_yoy": -4.344346540244313, 
        "accumulated_operating_revenue": 235465, 
        "long_term_average": 23835, 
        "date": "2014-09-30", 
        "operating_revenue": 45181, 
        "short_term_average": 35757
    }, 
    {
        "accumulated_operating_revenue_yoy": 3.5658808998810363, 
        "accumulated_operating_revenue": 273358, 
        "long_term_average": 25511, 
        "date": "2014-10-31", 
        "operating_revenue": 37893, 
        "short_term_average": 38136
    }, 
    {
        "accumulated_operating_revenue_yoy": 5.560538737796494, 
        "accumulated_operating_revenue": 304805, 
        "long_term_average": 26064, 
        "date": "2014-11-30", 
        "operating_revenue": 31447, 
        "short_term_average": 38173
    }, 
    {
        "accumulated_operating_revenue_yoy": 11.802035589107577, 
        "accumulated_operating_revenue": 331739, 
        "long_term_average": 27644, 
        "date": "2014-12-31", 
        "operating_revenue": 26934, 
        "short_term_average": 32091
    }, 
    {
        "accumulated_operating_revenue_yoy": 199.22087467842704, 
        "accumulated_operating_revenue": 40709, 
        "long_term_average": 29903, 
        "date": "2015-01-31", 
        "operating_revenue": 40709, 
        "short_term_average": 33030
    }, 
    {
        "accumulated_operating_revenue_yoy": 221.6539107709539, 
        "accumulated_operating_revenue": 86155, 
        "long_term_average": 32592, 
        "date": "2015-02-28", 
        "operating_revenue": 45446, 
        "short_term_average": 37696
    }, 
    {
        "accumulated_operating_revenue_yoy": 425.7215721572157, 
        "accumulated_operating_revenue": 175223, 
        "long_term_average": 39469, 
        "date": "2015-03-31", 
        "operating_revenue": 89068, 
        "short_term_average": 58407
    }, 
    {
        "accumulated_operating_revenue_yoy": 177.2499632589846, 
        "accumulated_operating_revenue": 245247, 
        "long_term_average": 40710, 
        "date": "2015-04-30", 
        "operating_revenue": 70024, 
        "short_term_average": 68179
    }, 
    {
        "accumulated_operating_revenue_yoy": 145.63834225714484, 
        "accumulated_operating_revenue": 282602, 
        "long_term_average": 41607, 
        "date": "2015-05-31", 
        "operating_revenue": 37355, 
        "short_term_average": 65482
    }, 
    {
        "accumulated_operating_revenue_yoy": 152.3862643534698, 
        "accumulated_operating_revenue": 323539, 
        "long_term_average": 43923, 
        "date": "2015-06-30", 
        "operating_revenue": 40937, 
        "short_term_average": 49438
    }, 
    {
        "accumulated_operating_revenue_yoy": 171.14186851211073, 
        "accumulated_operating_revenue": 430980, 
        "long_term_average": 50314, 
        "date": "2015-07-31", 
        "operating_revenue": 107441, 
        "short_term_average": 61911
    }, 
    {
        "accumulated_operating_revenue_yoy": 165.4237876016901, 
        "accumulated_operating_revenue": 505059, 
        "long_term_average": 53876, 
        "date": "2015-08-31", 
        "operating_revenue": 74079, 
        "short_term_average": 74152
    }
]