[
    {
        "date": "2012-01-31", 
        "operating_revenue": 500113, 
        "accumulated_operating_revenue": 500113, 
        "long_term_average": 500113, 
        "short_term_average": 500113
    }, 
    {
        "date": "2012-02-29", 
        "operating_revenue": 572106, 
        "accumulated_operating_revenue": 1072219, 
        "long_term_average": 536109, 
        "short_term_average": 536109
    }, 
    {
        "date": "2012-03-31", 
        "operating_revenue": 595545, 
        "accumulated_operating_revenue": 1667764, 
        "long_term_average": 555921, 
        "short_term_average": 555921
    }, 
    {
        "date": "2012-04-30", 
        "operating_revenue": 501924, 
        "accumulated_operating_revenue": 2169688, 
        "long_term_average": 542422, 
        "short_term_average": 556525
    }, 
    {
        "date": "2012-05-31", 
        "operating_revenue": 618480, 
        "accumulated_operating_revenue": 2788168, 
        "long_term_average": 557633, 
        "short_term_average": 571983
    }, 
    {
        "date": "2012-06-30", 
        "operating_revenue": 619631, 
        "accumulated_operating_revenue": 3407799, 
        "long_term_average": 567966, 
        "short_term_average": 580011
    }, 
    {
        "date": "2012-07-31", 
        "operating_revenue": 541128, 
        "accumulated_operating_revenue": 3948927, 
        "long_term_average": 564132, 
        "short_term_average": 593079
    }, 
    {
        "date": "2012-08-31", 
        "operating_revenue": 527950, 
        "accumulated_operating_revenue": 4476877, 
        "long_term_average": 559609, 
        "short_term_average": 562903
    }, 
    {
        "date": "2012-09-30", 
        "operating_revenue": 507564, 
        "accumulated_operating_revenue": 4984441, 
        "long_term_average": 553826, 
        "short_term_average": 525547
    }, 
    {
        "date": "2012-10-31", 
        "operating_revenue": 540269, 
        "accumulated_operating_revenue": 5524710, 
        "long_term_average": 552471, 
        "short_term_average": 525261
    }, 
    {
        "date": "2012-11-30", 
        "operating_revenue": 611743, 
        "accumulated_operating_revenue": 6136453, 
        "long_term_average": 557859, 
        "short_term_average": 553192
    }, 
    {
        "date": "2012-12-31", 
        "operating_revenue": 649104, 
        "accumulated_operating_revenue": 6785557, 
        "long_term_average": 565463, 
        "short_term_average": 600372
    }, 
    {
        "accumulated_operating_revenue_yoy": 16.282320195635787, 
        "accumulated_operating_revenue": 581543, 
        "long_term_average": 572248, 
        "date": "2013-01-31", 
        "operating_revenue": 581543, 
        "short_term_average": 614130
    }, 
    {
        "accumulated_operating_revenue_yoy": 9.332981415177311, 
        "accumulated_operating_revenue": 1172289, 
        "long_term_average": 573802, 
        "date": "2013-02-28", 
        "operating_revenue": 590746, 
        "short_term_average": 607131
    }, 
    {
        "accumulated_operating_revenue_yoy": 12.186316529197176, 
        "accumulated_operating_revenue": 1871003, 
        "long_term_average": 582399, 
        "date": "2013-03-31", 
        "operating_revenue": 698714, 
        "short_term_average": 623667
    }, 
    {
        "accumulated_operating_revenue_yoy": 14.252786575765732, 
        "accumulated_operating_revenue": 2478929, 
        "long_term_average": 591233, 
        "date": "2013-04-30", 
        "operating_revenue": 607926, 
        "short_term_average": 632462
    }, 
    {
        "accumulated_operating_revenue_yoy": 10.707425090597123, 
        "accumulated_operating_revenue": 3086709, 
        "long_term_average": 590341, 
        "date": "2013-05-31", 
        "operating_revenue": 607780, 
        "short_term_average": 638140
    }, 
    {
        "accumulated_operating_revenue_yoy": 9.924000799342918, 
        "accumulated_operating_revenue": 3745989, 
        "long_term_average": 593645, 
        "date": "2013-06-30", 
        "operating_revenue": 659280, 
        "short_term_average": 624995
    }, 
    {
        "accumulated_operating_revenue_yoy": 10.034396685479372, 
        "accumulated_operating_revenue": 4345178, 
        "long_term_average": 598484, 
        "date": "2013-07-31", 
        "operating_revenue": 599189, 
        "short_term_average": 622083
    }, 
    {
        "accumulated_operating_revenue_yoy": 9.660015229366364, 
        "accumulated_operating_revenue": 4909344, 
        "long_term_average": 601502, 
        "date": "2013-08-31", 
        "operating_revenue": 564166, 
        "short_term_average": 607545
    }, 
    {
        "accumulated_operating_revenue_yoy": 12.238724462783289, 
        "accumulated_operating_revenue": 5594473, 
        "long_term_average": 616299, 
        "date": "2013-09-30", 
        "operating_revenue": 685129, 
        "short_term_average": 616161
    }, 
    {
        "accumulated_operating_revenue_yoy": 11.782627504430097, 
        "accumulated_operating_revenue": 6175666, 
        "long_term_average": 619709, 
        "date": "2013-10-31", 
        "operating_revenue": 581193, 
        "short_term_average": 610162
    }, 
    {
        "accumulated_operating_revenue_yoy": 10.3842072936923, 
        "accumulated_operating_revenue": 6773675, 
        "long_term_average": 618564, 
        "date": "2013-11-30", 
        "operating_revenue": 598009, 
        "short_term_average": 621443
    }, 
    {
        "accumulated_operating_revenue_yoy": 10.760531523056988, 
        "accumulated_operating_revenue": 7515719, 
        "long_term_average": 626309, 
        "date": "2013-12-31", 
        "operating_revenue": 742044, 
        "short_term_average": 640415
    }, 
    {
        "accumulated_operating_revenue_yoy": 4.149306242186734, 
        "accumulated_operating_revenue": 605673, 
        "long_term_average": 628320, 
        "date": "2014-01-31", 
        "operating_revenue": 605673, 
        "short_term_average": 648575
    }, 
    {
        "accumulated_operating_revenue_yoy": 4.874992429341229, 
        "accumulated_operating_revenue": 1229438, 
        "long_term_average": 631072, 
        "date": "2014-02-28", 
        "operating_revenue": 623765, 
        "short_term_average": 657160
    }, 
    {
        "accumulated_operating_revenue_yoy": 6.368455849616489, 
        "accumulated_operating_revenue": 1990157, 
        "long_term_average": 636239, 
        "date": "2014-03-31", 
        "operating_revenue": 760719, 
        "short_term_average": 663385
    }, 
    {
        "accumulated_operating_revenue_yoy": 11.488146695609274, 
        "accumulated_operating_revenue": 2763712, 
        "long_term_average": 650041, 
        "date": "2014-04-30", 
        "operating_revenue": 773555, 
        "short_term_average": 719346
    }, 
    {
        "accumulated_operating_revenue_yoy": 13.110111772765103, 
        "accumulated_operating_revenue": 3491380, 
        "long_term_average": 660032, 
        "date": "2014-05-31", 
        "operating_revenue": 727668, 
        "short_term_average": 753980
    }, 
    {
        "accumulated_operating_revenue_yoy": 14.97842091901498, 
        "accumulated_operating_revenue": 4307079, 
        "long_term_average": 673067, 
        "date": "2014-06-30", 
        "operating_revenue": 815699, 
        "short_term_average": 772307
    }, 
    {
        "accumulated_operating_revenue_yoy": 15.554345529688312, 
        "accumulated_operating_revenue": 5021042, 
        "long_term_average": 682631, 
        "date": "2014-07-31", 
        "operating_revenue": 713963, 
        "short_term_average": 752443
    }, 
    {
        "accumulated_operating_revenue_yoy": 16.152993149390223, 
        "accumulated_operating_revenue": 5702350, 
        "long_term_average": 692393, 
        "date": "2014-08-31", 
        "operating_revenue": 681308, 
        "short_term_average": 736990
    }, 
    {
        "accumulated_operating_revenue_yoy": 14.256427727866413, 
        "accumulated_operating_revenue": 6392045, 
        "long_term_average": 692774, 
        "date": "2014-09-30", 
        "operating_revenue": 689695, 
        "short_term_average": 694988
    }, 
    {
        "accumulated_operating_revenue_yoy": 13.995008797431726, 
        "accumulated_operating_revenue": 7039951, 
        "long_term_average": 698333, 
        "date": "2014-10-31", 
        "operating_revenue": 647906, 
        "short_term_average": 672969
    }, 
    {
        "accumulated_operating_revenue_yoy": 13.729519057232595, 
        "accumulated_operating_revenue": 7703668, 
        "long_term_average": 703809, 
        "date": "2014-11-30", 
        "operating_revenue": 663717, 
        "short_term_average": 667106
    }, 
    {
        "accumulated_operating_revenue_yoy": 11.96718504244238, 
        "accumulated_operating_revenue": 8415139, 
        "long_term_average": 701261, 
        "date": "2014-12-31", 
        "operating_revenue": 711471, 
        "short_term_average": 674364
    }, 
    {
        "accumulated_operating_revenue_yoy": 17.786330247509795, 
        "accumulated_operating_revenue": 713400, 
        "long_term_average": 710238, 
        "date": "2015-01-31", 
        "operating_revenue": 713400, 
        "short_term_average": 696196
    }, 
    {
        "accumulated_operating_revenue_yoy": 10.916695270521979, 
        "accumulated_operating_revenue": 1363652, 
        "long_term_average": 712446, 
        "date": "2015-02-28", 
        "operating_revenue": 650252, 
        "short_term_average": 691707
    }, 
    {
        "accumulated_operating_revenue_yoy": 5.8021050600530515, 
        "accumulated_operating_revenue": 2105628, 
        "long_term_average": 710884, 
        "date": "2015-03-31", 
        "operating_revenue": 741976, 
        "short_term_average": 701876
    }, 
    {
        "accumulated_operating_revenue_yoy": 1.1724810689391658, 
        "accumulated_operating_revenue": 2796116, 
        "long_term_average": 703961, 
        "date": "2015-04-30", 
        "operating_revenue": 690488, 
        "short_term_average": 694238
    }, 
    {
        "accumulated_operating_revenue_yoy": 1.0835543538658066, 
        "accumulated_operating_revenue": 3529211, 
        "long_term_average": 704414, 
        "date": "2015-05-31", 
        "operating_revenue": 733095, 
        "short_term_average": 721853
    }, 
    {
        "accumulated_operating_revenue_yoy": -0.5660216587622378, 
        "accumulated_operating_revenue": 4282700, 
        "long_term_average": 699230, 
        "date": "2015-06-30", 
        "operating_revenue": 753489, 
        "short_term_average": 725690
    }, 
    {
        "accumulated_operating_revenue_yoy": -1.5560116804440194, 
        "accumulated_operating_revenue": 4942914, 
        "long_term_average": 694750, 
        "date": "2015-07-31", 
        "operating_revenue": 660214, 
        "short_term_average": 715599
    }, 
    {
        "accumulated_operating_revenue_yoy": -0.5664506738449937, 
        "accumulated_operating_revenue": 5670049, 
        "long_term_average": 698569, 
        "date": "2015-08-31", 
        "operating_revenue": 727135, 
        "short_term_average": 713612
    }
]