[
    {
        "date": "2012-01-31", 
        "operating_revenue": 122301, 
        "accumulated_operating_revenue": 122301, 
        "long_term_average": 122301, 
        "short_term_average": 122301
    }, 
    {
        "date": "2012-02-29", 
        "operating_revenue": 164380, 
        "accumulated_operating_revenue": 286681, 
        "long_term_average": 143340, 
        "short_term_average": 143340
    }, 
    {
        "date": "2012-03-31", 
        "operating_revenue": 216005, 
        "accumulated_operating_revenue": 502686, 
        "long_term_average": 167562, 
        "short_term_average": 167562
    }, 
    {
        "date": "2012-04-30", 
        "operating_revenue": 165285, 
        "accumulated_operating_revenue": 667971, 
        "long_term_average": 166992, 
        "short_term_average": 181890
    }, 
    {
        "date": "2012-05-31", 
        "operating_revenue": 172792, 
        "accumulated_operating_revenue": 840763, 
        "long_term_average": 168152, 
        "short_term_average": 184694
    }, 
    {
        "date": "2012-06-30", 
        "operating_revenue": 194860, 
        "accumulated_operating_revenue": 1035623, 
        "long_term_average": 172603, 
        "short_term_average": 177645
    }, 
    {
        "date": "2012-07-31", 
        "operating_revenue": 185974, 
        "accumulated_operating_revenue": 1221597, 
        "long_term_average": 174513, 
        "short_term_average": 184542
    }, 
    {
        "date": "2012-08-31", 
        "operating_revenue": 181085, 
        "accumulated_operating_revenue": 1402682, 
        "long_term_average": 175335, 
        "short_term_average": 187306
    }, 
    {
        "date": "2012-09-30", 
        "operating_revenue": 193360, 
        "accumulated_operating_revenue": 1596042, 
        "long_term_average": 177338, 
        "short_term_average": 186806
    }, 
    {
        "date": "2012-10-31", 
        "operating_revenue": 136377, 
        "accumulated_operating_revenue": 1732419, 
        "long_term_average": 173241, 
        "short_term_average": 170274
    }, 
    {
        "date": "2012-11-30", 
        "operating_revenue": 164433, 
        "accumulated_operating_revenue": 1896852, 
        "long_term_average": 172441, 
        "short_term_average": 164723
    }, 
    {
        "date": "2012-12-31", 
        "operating_revenue": 145447, 
        "accumulated_operating_revenue": 2042299, 
        "long_term_average": 170191, 
        "short_term_average": 148752
    }, 
    {
        "accumulated_operating_revenue_yoy": 56.100931308820044, 
        "accumulated_operating_revenue": 190913, 
        "long_term_average": 175909, 
        "date": "2013-01-31", 
        "operating_revenue": 190913, 
        "short_term_average": 166931
    }, 
    {
        "accumulated_operating_revenue_yoy": 2.399531186231386, 
        "accumulated_operating_revenue": 293560, 
        "long_term_average": 170764, 
        "date": "2013-02-28", 
        "operating_revenue": 102647, 
        "short_term_average": 146335
    }, 
    {
        "accumulated_operating_revenue_yoy": -2.1036989293515234, 
        "accumulated_operating_revenue": 492111, 
        "long_term_average": 169310, 
        "date": "2013-03-31", 
        "operating_revenue": 198551, 
        "short_term_average": 164037
    }, 
    {
        "accumulated_operating_revenue_yoy": -2.3521979247602065, 
        "accumulated_operating_revenue": 652259, 
        "long_term_average": 168882, 
        "date": "2013-04-30", 
        "operating_revenue": 160148, 
        "short_term_average": 153782
    }, 
    {
        "accumulated_operating_revenue_yoy": 1.4783000679145015, 
        "accumulated_operating_revenue": 853192, 
        "long_term_average": 171227, 
        "date": "2013-05-31", 
        "operating_revenue": 200933, 
        "short_term_average": 186544
    }, 
    {
        "accumulated_operating_revenue_yoy": -5.450439011107324, 
        "accumulated_operating_revenue": 979177, 
        "long_term_average": 165487, 
        "date": "2013-06-30", 
        "operating_revenue": 125985, 
        "short_term_average": 162355
    }, 
    {
        "accumulated_operating_revenue_yoy": -9.117900584235226, 
        "accumulated_operating_revenue": 1110213, 
        "long_term_average": 160909, 
        "date": "2013-07-31", 
        "operating_revenue": 131036, 
        "short_term_average": 152651
    }, 
    {
        "accumulated_operating_revenue_yoy": -9.64887265966199, 
        "accumulated_operating_revenue": 1267339, 
        "long_term_average": 158913, 
        "date": "2013-08-31", 
        "operating_revenue": 157126, 
        "short_term_average": 138049
    }, 
    {
        "accumulated_operating_revenue_yoy": -10.469210709993847, 
        "accumulated_operating_revenue": 1428949, 
        "long_term_average": 156267, 
        "date": "2013-09-30", 
        "operating_revenue": 161610, 
        "short_term_average": 149924
    }, 
    {
        "accumulated_operating_revenue_yoy": -9.87036046129718, 
        "accumulated_operating_revenue": 1561423, 
        "long_term_average": 155941, 
        "date": "2013-10-31", 
        "operating_revenue": 132474, 
        "short_term_average": 150403
    }, 
    {
        "accumulated_operating_revenue_yoy": -9.112150025410521, 
        "accumulated_operating_revenue": 1724008, 
        "long_term_average": 155787, 
        "date": "2013-11-30", 
        "operating_revenue": 162585, 
        "short_term_average": 152223
    }, 
    {
        "accumulated_operating_revenue_yoy": -8.932972106434955, 
        "accumulated_operating_revenue": 1859861, 
        "long_term_average": 154988, 
        "date": "2013-12-31", 
        "operating_revenue": 135853, 
        "short_term_average": 143637
    }, 
    {
        "accumulated_operating_revenue_yoy": -30.853844421280897, 
        "accumulated_operating_revenue": 132009, 
        "long_term_average": 150079, 
        "date": "2014-01-31", 
        "operating_revenue": 132009, 
        "short_term_average": 143482
    }, 
    {
        "accumulated_operating_revenue_yoy": -13.794454285324974, 
        "accumulated_operating_revenue": 253065, 
        "long_term_average": 151613, 
        "date": "2014-02-28", 
        "operating_revenue": 121056, 
        "short_term_average": 129639
    }, 
    {
        "accumulated_operating_revenue_yoy": -15.501177579854952, 
        "accumulated_operating_revenue": 415828, 
        "long_term_average": 148631, 
        "date": "2014-03-31", 
        "operating_revenue": 162763, 
        "short_term_average": 138609
    }, 
    {
        "accumulated_operating_revenue_yoy": -10.55960898968048, 
        "accumulated_operating_revenue": 583383, 
        "long_term_average": 149248, 
        "date": "2014-04-30", 
        "operating_revenue": 167555, 
        "short_term_average": 150458
    }, 
    {
        "accumulated_operating_revenue_yoy": -16.54856116794344, 
        "accumulated_operating_revenue": 712001, 
        "long_term_average": 143222, 
        "date": "2014-05-31", 
        "operating_revenue": 128618, 
        "short_term_average": 152978
    }, 
    {
        "accumulated_operating_revenue_yoy": -14.193450213802, 
        "accumulated_operating_revenue": 840198, 
        "long_term_average": 143406, 
        "date": "2014-06-30", 
        "operating_revenue": 128197, 
        "short_term_average": 141456
    }, 
    {
        "accumulated_operating_revenue_yoy": -14.529374093079436, 
        "accumulated_operating_revenue": 948906, 
        "long_term_average": 141546, 
        "date": "2014-07-31", 
        "operating_revenue": 108708, 
        "short_term_average": 121841
    }, 
    {
        "accumulated_operating_revenue_yoy": -16.090564560863353, 
        "accumulated_operating_revenue": 1063417, 
        "long_term_average": 137994, 
        "date": "2014-08-31", 
        "operating_revenue": 114511, 
        "short_term_average": 117138
    }, 
    {
        "accumulated_operating_revenue_yoy": -15.396560689009894, 
        "accumulated_operating_revenue": 1208940, 
        "long_term_average": 136654, 
        "date": "2014-09-30", 
        "operating_revenue": 145523, 
        "short_term_average": 122914
    }, 
    {
        "accumulated_operating_revenue_yoy": -12.071488635686805, 
        "accumulated_operating_revenue": 1372936, 
        "long_term_average": 139281, 
        "date": "2014-10-31", 
        "operating_revenue": 163996, 
        "short_term_average": 141343
    }, 
    {
        "accumulated_operating_revenue_yoy": -13.515656539876844, 
        "accumulated_operating_revenue": 1490997, 
        "long_term_average": 135570, 
        "date": "2014-11-30", 
        "operating_revenue": 118061, 
        "short_term_average": 142526
    }, 
    {
        "accumulated_operating_revenue_yoy": -12.922686157728991, 
        "accumulated_operating_revenue": 1619517, 
        "long_term_average": 134959, 
        "date": "2014-12-31", 
        "operating_revenue": 128520, 
        "short_term_average": 136859
    }, 
    {
        "accumulated_operating_revenue_yoy": 19.914551280594505, 
        "accumulated_operating_revenue": 158298, 
        "long_term_average": 137150, 
        "date": "2015-01-31", 
        "operating_revenue": 158298, 
        "short_term_average": 134959
    }, 
    {
        "accumulated_operating_revenue_yoy": 5.184438780550452, 
        "accumulated_operating_revenue": 266185, 
        "long_term_average": 136053, 
        "date": "2015-02-28", 
        "operating_revenue": 107887, 
        "short_term_average": 131568
    }, 
    {
        "accumulated_operating_revenue_yoy": 9.068893869580693, 
        "accumulated_operating_revenue": 453539, 
        "long_term_average": 138102, 
        "date": "2015-03-31", 
        "operating_revenue": 187354, 
        "short_term_average": 151179
    }, 
    {
        "accumulated_operating_revenue_yoy": 2.115419887106755, 
        "accumulated_operating_revenue": 595724, 
        "long_term_average": 135988, 
        "date": "2015-04-30", 
        "operating_revenue": 142185, 
        "short_term_average": 145808
    }, 
    {
        "accumulated_operating_revenue_yoy": 4.181033453604701, 
        "accumulated_operating_revenue": 741770, 
        "long_term_average": 137440, 
        "date": "2015-05-31", 
        "operating_revenue": 146046, 
        "short_term_average": 158528
    }, 
    {
        "accumulated_operating_revenue_yoy": 1.0915284254425741, 
        "accumulated_operating_revenue": 849369, 
        "long_term_average": 135724, 
        "date": "2015-06-30", 
        "operating_revenue": 107599, 
        "short_term_average": 131943
    }, 
    {
        "accumulated_operating_revenue_yoy": 2.654109047682278, 
        "accumulated_operating_revenue": 974091, 
        "long_term_average": 137058, 
        "date": "2015-07-31", 
        "operating_revenue": 124722, 
        "short_term_average": 126122
    }, 
    {
        "accumulated_operating_revenue_yoy": 5.761615622093685, 
        "accumulated_operating_revenue": 1124687, 
        "long_term_average": 140065, 
        "date": "2015-08-31", 
        "operating_revenue": 150596, 
        "short_term_average": 127639
    }, 
    {
        "accumulated_operating_revenue_yoy": 3.232418482306814, 
        "accumulated_operating_revenue": 1248018, 
        "long_term_average": 138216, 
        "date": "2015-09-30", 
        "operating_revenue": 123331, 
        "short_term_average": 132883
    }
]