[
    {
        "date": "2012-01-31", 
        "operating_revenue": 31501, 
        "accumulated_operating_revenue": 31501, 
        "long_term_average": 31501, 
        "short_term_average": 31501
    }, 
    {
        "date": "2012-02-29", 
        "operating_revenue": 12811, 
        "accumulated_operating_revenue": 44312, 
        "long_term_average": 22156, 
        "short_term_average": 22156
    }, 
    {
        "date": "2012-03-31", 
        "operating_revenue": 28212, 
        "accumulated_operating_revenue": 72524, 
        "long_term_average": 24174, 
        "short_term_average": 24174
    }, 
    {
        "date": "2012-04-30", 
        "operating_revenue": 27179, 
        "accumulated_operating_revenue": 99703, 
        "long_term_average": 24925, 
        "short_term_average": 22734
    }, 
    {
        "date": "2012-05-31", 
        "operating_revenue": 27257, 
        "accumulated_operating_revenue": 126960, 
        "long_term_average": 25392, 
        "short_term_average": 27549
    }, 
    {
        "date": "2012-06-30", 
        "operating_revenue": 28668, 
        "accumulated_operating_revenue": 155628, 
        "long_term_average": 25938, 
        "short_term_average": 27701
    }, 
    {
        "date": "2012-07-31", 
        "operating_revenue": 30038, 
        "accumulated_operating_revenue": 185666, 
        "long_term_average": 26523, 
        "short_term_average": 28654
    }, 
    {
        "date": "2012-08-31", 
        "operating_revenue": 40663, 
        "accumulated_operating_revenue": 226329, 
        "long_term_average": 28291, 
        "short_term_average": 33123
    }, 
    {
        "date": "2012-09-30", 
        "operating_revenue": 22369, 
        "accumulated_operating_revenue": 248698, 
        "long_term_average": 27633, 
        "short_term_average": 31023
    }, 
    {
        "date": "2012-10-31", 
        "operating_revenue": 33745, 
        "accumulated_operating_revenue": 282443, 
        "long_term_average": 28244, 
        "short_term_average": 32259
    }, 
    {
        "date": "2012-11-30", 
        "operating_revenue": 57566, 
        "accumulated_operating_revenue": 340009, 
        "long_term_average": 30909, 
        "short_term_average": 37893
    }, 
    {
        "date": "2012-12-31", 
        "operating_revenue": 16730, 
        "accumulated_operating_revenue": 356739, 
        "long_term_average": 29728, 
        "short_term_average": 36013
    }, 
    {
        "accumulated_operating_revenue_yoy": -21.96438208310847, 
        "accumulated_operating_revenue": 24582, 
        "long_term_average": 29151, 
        "date": "2013-01-31", 
        "operating_revenue": 24582, 
        "short_term_average": 32959
    }, 
    {
        "accumulated_operating_revenue_yoy": 2.3966419931395557, 
        "accumulated_operating_revenue": 45374, 
        "long_term_average": 29816, 
        "date": "2013-02-28", 
        "operating_revenue": 20792, 
        "short_term_average": 20701
    }, 
    {
        "accumulated_operating_revenue_yoy": 16.686889857150735, 
        "accumulated_operating_revenue": 84626, 
        "long_term_average": 30736, 
        "date": "2013-03-31", 
        "operating_revenue": 39252, 
        "short_term_average": 28208
    }, 
    {
        "accumulated_operating_revenue_yoy": 45.69671925619089, 
        "accumulated_operating_revenue": 145264, 
        "long_term_average": 33525, 
        "date": "2013-04-30", 
        "operating_revenue": 60638, 
        "short_term_average": 40227
    }, 
    {
        "accumulated_operating_revenue_yoy": 22.318052930056712, 
        "accumulated_operating_revenue": 155295, 
        "long_term_average": 32089, 
        "date": "2013-05-31", 
        "operating_revenue": 10031, 
        "short_term_average": 36640
    }, 
    {
        "accumulated_operating_revenue_yoy": 5.908962397512016, 
        "accumulated_operating_revenue": 164824, 
        "long_term_average": 30494, 
        "date": "2013-06-30", 
        "operating_revenue": 9529, 
        "short_term_average": 26732
    }, 
    {
        "accumulated_operating_revenue_yoy": 46.78023978542114, 
        "accumulated_operating_revenue": 272521, 
        "long_term_average": 36966, 
        "date": "2013-07-31", 
        "operating_revenue": 107697, 
        "short_term_average": 42419
    }, 
    {
        "accumulated_operating_revenue_yoy": 24.870431981761065, 
        "accumulated_operating_revenue": 282618, 
        "long_term_average": 34419, 
        "date": "2013-08-31", 
        "operating_revenue": 10097, 
        "short_term_average": 42441
    }, 
    {
        "accumulated_operating_revenue_yoy": 17.7202872560294, 
        "accumulated_operating_revenue": 292768, 
        "long_term_average": 33400, 
        "date": "2013-09-30", 
        "operating_revenue": 10150, 
        "short_term_average": 42648
    }, 
    {
        "accumulated_operating_revenue_yoy": 6.618326529600663, 
        "accumulated_operating_revenue": 301136, 
        "long_term_average": 31286, 
        "date": "2013-10-31", 
        "operating_revenue": 8368, 
        "short_term_average": 9538
    }, 
    {
        "accumulated_operating_revenue_yoy": -8.561243967071459, 
        "accumulated_operating_revenue": 310900, 
        "long_term_average": 27302, 
        "date": "2013-11-30", 
        "operating_revenue": 9764, 
        "short_term_average": 9427
    }, 
    {
        "accumulated_operating_revenue_yoy": -11.642124914853715, 
        "accumulated_operating_revenue": 315207, 
        "long_term_average": 26267, 
        "date": "2013-12-31", 
        "operating_revenue": 4307, 
        "short_term_average": 7479
    }, 
    {
        "accumulated_operating_revenue_yoy": -68.75355951509235, 
        "accumulated_operating_revenue": 7681, 
        "long_term_average": 24858, 
        "date": "2014-01-31", 
        "operating_revenue": 7681, 
        "short_term_average": 7250
    }, 
    {
        "accumulated_operating_revenue_yoy": -69.18719971790011, 
        "accumulated_operating_revenue": 13981, 
        "long_term_average": 23651, 
        "date": "2014-02-28", 
        "operating_revenue": 6300, 
        "short_term_average": 6096
    }, 
    {
        "accumulated_operating_revenue_yoy": -21.974334128991092, 
        "accumulated_operating_revenue": 66030, 
        "long_term_average": 24717, 
        "date": "2014-03-31", 
        "operating_revenue": 52049, 
        "short_term_average": 22010
    }, 
    {
        "accumulated_operating_revenue_yoy": -9.773928846789294, 
        "accumulated_operating_revenue": 131066, 
        "long_term_average": 25084, 
        "date": "2014-04-30", 
        "operating_revenue": 65036, 
        "short_term_average": 41128
    }, 
    {
        "accumulated_operating_revenue_yoy": 19.872500724427702, 
        "accumulated_operating_revenue": 186156, 
        "long_term_average": 28839, 
        "date": "2014-05-31", 
        "operating_revenue": 55090, 
        "short_term_average": 57391
    }, 
    {
        "accumulated_operating_revenue_yoy": 49.097218851623545, 
        "accumulated_operating_revenue": 245748, 
        "long_term_average": 33010, 
        "date": "2014-06-30", 
        "operating_revenue": 59592, 
        "short_term_average": 59906
    }, 
    {
        "accumulated_operating_revenue_yoy": 6.954326455575901, 
        "accumulated_operating_revenue": 291473, 
        "long_term_average": 27846, 
        "date": "2014-07-31", 
        "operating_revenue": 45725, 
        "short_term_average": 53469
    }, 
    {
        "accumulated_operating_revenue_yoy": 31.38370521339759, 
        "accumulated_operating_revenue": 371314, 
        "long_term_average": 33658, 
        "date": "2014-08-31", 
        "operating_revenue": 79841, 
        "short_term_average": 61719
    }, 
    {
        "accumulated_operating_revenue_yoy": 43.77493441906219, 
        "accumulated_operating_revenue": 420927, 
        "long_term_average": 36947, 
        "date": "2014-09-30", 
        "operating_revenue": 49613, 
        "short_term_average": 58393
    }, 
    {
        "accumulated_operating_revenue_yoy": 88.35144253759098, 
        "accumulated_operating_revenue": 567194, 
        "long_term_average": 48438, 
        "date": "2014-10-31", 
        "operating_revenue": 146267, 
        "short_term_average": 91907
    }, 
    {
        "accumulated_operating_revenue_yoy": 115.2901254422644, 
        "accumulated_operating_revenue": 669337, 
        "long_term_average": 56137, 
        "date": "2014-11-30", 
        "operating_revenue": 102143, 
        "short_term_average": 99341
    }, 
    {
        "accumulated_operating_revenue_yoy": 156.74842246523713, 
        "accumulated_operating_revenue": 809289, 
        "long_term_average": 67440, 
        "date": "2014-12-31", 
        "operating_revenue": 139952, 
        "short_term_average": 129454
    }, 
    {
        "accumulated_operating_revenue_yoy": 2061.372217159224, 
        "accumulated_operating_revenue": 166015, 
        "long_term_average": 80635, 
        "date": "2015-01-31", 
        "operating_revenue": 166015, 
        "short_term_average": 136036
    }, 
    {
        "accumulated_operating_revenue_yoy": 2061.9197482297404, 
        "accumulated_operating_revenue": 302258, 
        "long_term_average": 91463, 
        "date": "2015-02-28", 
        "operating_revenue": 136243, 
        "short_term_average": 147403
    }, 
    {
        "accumulated_operating_revenue_yoy": 577.8055429350295, 
        "accumulated_operating_revenue": 447555, 
        "long_term_average": 99234, 
        "date": "2015-03-31", 
        "operating_revenue": 145297, 
        "short_term_average": 149185
    }, 
    {
        "accumulated_operating_revenue_yoy": 350.43184349869534, 
        "accumulated_operating_revenue": 590363, 
        "long_term_average": 105715, 
        "date": "2015-04-30", 
        "operating_revenue": 142808, 
        "short_term_average": 141449
    }, 
    {
        "accumulated_operating_revenue_yoy": 308.0346591031178, 
        "accumulated_operating_revenue": 759581, 
        "long_term_average": 115226, 
        "date": "2015-05-31", 
        "operating_revenue": 169218, 
        "short_term_average": 152441
    }, 
    {
        "accumulated_operating_revenue_yoy": 269.93017237169784, 
        "accumulated_operating_revenue": 909096, 
        "long_term_average": 122719, 
        "date": "2015-06-30", 
        "operating_revenue": 149515, 
        "short_term_average": 153847
    }, 
    {
        "accumulated_operating_revenue_yoy": 253.92163253543208, 
        "accumulated_operating_revenue": 1031586, 
        "long_term_average": 129116, 
        "date": "2015-07-31", 
        "operating_revenue": 122490, 
        "short_term_average": 147074
    }, 
    {
        "accumulated_operating_revenue_yoy": 214.9474568693882, 
        "accumulated_operating_revenue": 1169444, 
        "long_term_average": 133951, 
        "date": "2015-08-31", 
        "operating_revenue": 137858, 
        "short_term_average": 136621
    }
]