[
    {
        "date": "2011-09-30", 
        "operating_revenue": 874841, 
        "accumulated_operating_revenue": 874841, 
        "long_term_average": 874841, 
        "short_term_average": 874841
    }, 
    {
        "date": "2011-10-31", 
        "operating_revenue": 859395, 
        "accumulated_operating_revenue": 1734236, 
        "long_term_average": 867118, 
        "short_term_average": 867118
    }, 
    {
        "date": "2011-11-30", 
        "operating_revenue": 835618, 
        "accumulated_operating_revenue": 2569854, 
        "long_term_average": 856618, 
        "short_term_average": 856618
    }, 
    {
        "date": "2011-12-31", 
        "operating_revenue": 806949, 
        "accumulated_operating_revenue": 3376803, 
        "long_term_average": 844200, 
        "short_term_average": 833987
    }, 
    {
        "date": "2012-01-31", 
        "operating_revenue": 702933, 
        "accumulated_operating_revenue": 702933, 
        "long_term_average": 815947, 
        "short_term_average": 781833
    }, 
    {
        "date": "2012-02-29", 
        "operating_revenue": 700522, 
        "accumulated_operating_revenue": 1403455, 
        "long_term_average": 796709, 
        "short_term_average": 736801
    }, 
    {
        "date": "2012-03-31", 
        "operating_revenue": 755156, 
        "accumulated_operating_revenue": 2158611, 
        "long_term_average": 790773, 
        "short_term_average": 719537
    }, 
    {
        "date": "2012-04-30", 
        "operating_revenue": 762763, 
        "accumulated_operating_revenue": 2921374, 
        "long_term_average": 787272, 
        "short_term_average": 739480
    }, 
    {
        "date": "2012-05-31", 
        "operating_revenue": 751766, 
        "accumulated_operating_revenue": 3673140, 
        "long_term_average": 783327, 
        "short_term_average": 756561
    }, 
    {
        "date": "2012-06-30", 
        "operating_revenue": 706595, 
        "accumulated_operating_revenue": 4379735, 
        "long_term_average": 775653, 
        "short_term_average": 740374
    }, 
    {
        "date": "2012-07-31", 
        "operating_revenue": 714760, 
        "accumulated_operating_revenue": 5094495, 
        "long_term_average": 770118, 
        "short_term_average": 724373
    }, 
    {
        "date": "2012-08-31", 
        "operating_revenue": 755620, 
        "accumulated_operating_revenue": 5850115, 
        "long_term_average": 768909, 
        "short_term_average": 725658
    }, 
    {
        "accumulated_operating_revenue_yoy": 663.9181291228921, 
        "accumulated_operating_revenue": 6683069, 
        "long_term_average": 765419, 
        "date": "2012-09-30", 
        "operating_revenue": 832954, 
        "short_term_average": 767778
    }, 
    {
        "accumulated_operating_revenue_yoy": 327.4336941454335, 
        "accumulated_operating_revenue": 7412709, 
        "long_term_average": 754606, 
        "date": "2012-10-31", 
        "operating_revenue": 729640, 
        "short_term_average": 772738
    }, 
    {
        "accumulated_operating_revenue_yoy": 213.48512405763128, 
        "accumulated_operating_revenue": 8056110, 
        "long_term_average": 738588, 
        "date": "2012-11-30", 
        "operating_revenue": 643401, 
        "short_term_average": 735331
    }, 
    {
        "accumulated_operating_revenue_yoy": 157.1100535032692, 
        "accumulated_operating_revenue": 8682100, 
        "long_term_average": 723508, 
        "date": "2012-12-31", 
        "operating_revenue": 625990, 
        "short_term_average": 666343
    }, 
    {
        "accumulated_operating_revenue_yoy": 7.722642129477489, 
        "accumulated_operating_revenue": 757218, 
        "long_term_average": 728032, 
        "date": "2013-01-31", 
        "operating_revenue": 757218, 
        "short_term_average": 675536
    }, 
    {
        "accumulated_operating_revenue_yoy": -9.988278925936351, 
        "accumulated_operating_revenue": 1263274, 
        "long_term_average": 711826, 
        "date": "2013-02-28", 
        "operating_revenue": 506056, 
        "short_term_average": 629754
    }, 
    {
        "accumulated_operating_revenue_yoy": -7.5018611505268895, 
        "accumulated_operating_revenue": 1996675, 
        "long_term_average": 710013, 
        "date": "2013-03-31", 
        "operating_revenue": 733401, 
        "short_term_average": 665558
    }, 
    {
        "accumulated_operating_revenue_yoy": -6.5509927862711175, 
        "accumulated_operating_revenue": 2729995, 
        "long_term_average": 707560, 
        "date": "2013-04-30", 
        "operating_revenue": 733320, 
        "short_term_average": 657592
    }, 
    {
        "accumulated_operating_revenue_yoy": -7.678716302672918, 
        "accumulated_operating_revenue": 3391090, 
        "long_term_average": 700004, 
        "date": "2013-05-31", 
        "operating_revenue": 661095, 
        "short_term_average": 709272
    }, 
    {
        "accumulated_operating_revenue_yoy": -8.876541617243966, 
        "accumulated_operating_revenue": 3990966, 
        "long_term_average": 691110, 
        "date": "2013-06-30", 
        "operating_revenue": 599876, 
        "short_term_average": 664763
    }, 
    {
        "accumulated_operating_revenue_yoy": -9.137922404477775, 
        "accumulated_operating_revenue": 4628964, 
        "long_term_average": 684714, 
        "date": "2013-07-31", 
        "operating_revenue": 637998, 
        "short_term_average": 632989
    }, 
    {
        "accumulated_operating_revenue_yoy": -9.436105102207392, 
        "accumulated_operating_revenue": 5298092, 
        "long_term_average": 677506, 
        "date": "2013-08-31", 
        "operating_revenue": 669128, 
        "short_term_average": 635667
    }, 
    {
        "accumulated_operating_revenue_yoy": -10.387218806210141, 
        "accumulated_operating_revenue": 5988884, 
        "long_term_average": 665659, 
        "date": "2013-09-30", 
        "operating_revenue": 690792, 
        "short_term_average": 665972
    }, 
    {
        "accumulated_operating_revenue_yoy": -9.911356293630304, 
        "accumulated_operating_revenue": 6678009, 
        "long_term_average": 662283, 
        "date": "2013-10-31", 
        "operating_revenue": 689125, 
        "short_term_average": 683015
    }, 
    {
        "accumulated_operating_revenue_yoy": -9.120605354197, 
        "accumulated_operating_revenue": 7321344, 
        "long_term_average": 662277, 
        "date": "2013-11-30", 
        "operating_revenue": 643335, 
        "short_term_average": 674417
    }, 
    {
        "accumulated_operating_revenue_yoy": -8.315741583257505, 
        "accumulated_operating_revenue": 7960119, 
        "long_term_average": 663343, 
        "date": "2013-12-31", 
        "operating_revenue": 638775, 
        "short_term_average": 657078
    }, 
    {
        "accumulated_operating_revenue_yoy": -15.381039542113367, 
        "accumulated_operating_revenue": 640750, 
        "long_term_average": 653637, 
        "date": "2014-01-31", 
        "operating_revenue": 640750, 
        "short_term_average": 640953
    }, 
    {
        "accumulated_operating_revenue_yoy": -8.91065596220614, 
        "accumulated_operating_revenue": 1150708, 
        "long_term_average": 653962, 
        "date": "2014-02-28", 
        "operating_revenue": 509958, 
        "short_term_average": 596494
    }, 
    {
        "accumulated_operating_revenue_yoy": -10.240374622810421, 
        "accumulated_operating_revenue": 1792208, 
        "long_term_average": 646304, 
        "date": "2014-03-31", 
        "operating_revenue": 641500, 
        "short_term_average": 597402
    }, 
    {
        "accumulated_operating_revenue_yoy": -10.230385037335234, 
        "accumulated_operating_revenue": 2450706, 
        "long_term_average": 640069, 
        "date": "2014-04-30", 
        "operating_revenue": 658498, 
        "short_term_average": 603318
    }, 
    {
        "accumulated_operating_revenue_yoy": -8.221958131456256, 
        "accumulated_operating_revenue": 3112276, 
        "long_term_average": 640108, 
        "date": "2014-05-31", 
        "operating_revenue": 661570, 
        "short_term_average": 653856
    }, 
    {
        "accumulated_operating_revenue_yoy": -6.2504416224042, 
        "accumulated_operating_revenue": 3741513, 
        "long_term_average": 642555, 
        "date": "2014-06-30", 
        "operating_revenue": 629237, 
        "short_term_average": 649768
    }, 
    {
        "accumulated_operating_revenue_yoy": -4.906886292483588, 
        "accumulated_operating_revenue": 4401826, 
        "long_term_average": 644415, 
        "date": "2014-07-31", 
        "operating_revenue": 660313, 
        "short_term_average": 650373
    }, 
    {
        "accumulated_operating_revenue_yoy": -4.471836276153756, 
        "accumulated_operating_revenue": 5061170, 
        "long_term_average": 643599, 
        "date": "2014-08-31", 
        "operating_revenue": 659344, 
        "short_term_average": 649631
    }, 
    {
        "accumulated_operating_revenue_yoy": -5.005757333085763, 
        "accumulated_operating_revenue": 5689095, 
        "long_term_average": 638360, 
        "date": "2014-09-30", 
        "operating_revenue": 627925, 
        "short_term_average": 649194
    }, 
    {
        "accumulated_operating_revenue_yoy": -5.299588545028915, 
        "accumulated_operating_revenue": 6324102, 
        "long_term_average": 633851, 
        "date": "2014-10-31", 
        "operating_revenue": 635007, 
        "short_term_average": 640758
    }, 
    {
        "accumulated_operating_revenue_yoy": -4.4862254799118855, 
        "accumulated_operating_revenue": 6992892, 
        "long_term_average": 635972, 
        "date": "2014-11-30", 
        "operating_revenue": 668790, 
        "short_term_average": 643907
    }, 
    {
        "accumulated_operating_revenue_yoy": -4.386039957442847, 
        "accumulated_operating_revenue": 7610985, 
        "long_term_average": 634248, 
        "date": "2014-12-31", 
        "operating_revenue": 618093, 
        "short_term_average": 640630
    }, 
    {
        "accumulated_operating_revenue_yoy": 1.2650799843932892, 
        "accumulated_operating_revenue": 648856, 
        "long_term_average": 634924, 
        "date": "2015-01-31", 
        "operating_revenue": 648856, 
        "short_term_average": 645246
    }, 
    {
        "accumulated_operating_revenue_yoy": -7.539097668565788, 
        "accumulated_operating_revenue": 1063955, 
        "long_term_average": 627019, 
        "date": "2015-02-28", 
        "operating_revenue": 415099, 
        "short_term_average": 560682
    }, 
    {
        "accumulated_operating_revenue_yoy": -8.917101140046245, 
        "accumulated_operating_revenue": 1632395, 
        "long_term_average": 620931, 
        "date": "2015-03-31", 
        "operating_revenue": 568440, 
        "short_term_average": 544131
    }, 
    {
        "accumulated_operating_revenue_yoy": -8.30899340843006, 
        "accumulated_operating_revenue": 2247077, 
        "long_term_average": 617279, 
        "date": "2015-04-30", 
        "operating_revenue": 614682, 
        "short_term_average": 532740
    }, 
    {
        "accumulated_operating_revenue_yoy": -10.052546753565558, 
        "accumulated_operating_revenue": 2799413, 
        "long_term_average": 608176, 
        "date": "2015-05-31", 
        "operating_revenue": 552336, 
        "short_term_average": 578486
    }, 
    {
        "accumulated_operating_revenue_yoy": -9.680816290094409, 
        "accumulated_operating_revenue": 3379304, 
        "long_term_average": 604064, 
        "date": "2015-06-30", 
        "operating_revenue": 579891, 
        "short_term_average": 582303
    }, 
    {
        "accumulated_operating_revenue_yoy": -8.585891400523328, 
        "accumulated_operating_revenue": 4023890, 
        "long_term_average": 602754, 
        "date": "2015-07-31", 
        "operating_revenue": 644586, 
        "short_term_average": 592271
    }, 
    {
        "accumulated_operating_revenue_yoy": -7.7355038459486645, 
        "accumulated_operating_revenue": 4669663, 
        "long_term_average": 601623, 
        "date": "2015-08-31", 
        "operating_revenue": 645773, 
        "short_term_average": 623416
    }, 
    {
        "accumulated_operating_revenue_yoy": -7.0268821315165235, 
        "accumulated_operating_revenue": 5289329, 
        "long_term_average": 600934, 
        "date": "2015-09-30", 
        "operating_revenue": 619666, 
        "short_term_average": 636675
    }
]