[
    {
        "date": "2012-01-31", 
        "operating_revenue": 2767286, 
        "accumulated_operating_revenue": 2767286, 
        "long_term_average": 2767286, 
        "short_term_average": 2767286
    }, 
    {
        "date": "2012-02-29", 
        "operating_revenue": 2721788, 
        "accumulated_operating_revenue": 5489074, 
        "long_term_average": 2744537, 
        "short_term_average": 2744537
    }, 
    {
        "date": "2012-03-31", 
        "operating_revenue": 3001168, 
        "accumulated_operating_revenue": 8490242, 
        "long_term_average": 2830080, 
        "short_term_average": 2830080
    }, 
    {
        "date": "2012-04-30", 
        "operating_revenue": 3029440, 
        "accumulated_operating_revenue": 11519682, 
        "long_term_average": 2879920, 
        "short_term_average": 2917465
    }, 
    {
        "date": "2012-05-31", 
        "operating_revenue": 3201828, 
        "accumulated_operating_revenue": 14721510, 
        "long_term_average": 2944302, 
        "short_term_average": 3077478
    }, 
    {
        "date": "2012-06-30", 
        "operating_revenue": 2895423, 
        "accumulated_operating_revenue": 17616933, 
        "long_term_average": 2936155, 
        "short_term_average": 3042230
    }, 
    {
        "date": "2012-07-31", 
        "operating_revenue": 3144904, 
        "accumulated_operating_revenue": 20761837, 
        "long_term_average": 2965976, 
        "short_term_average": 3080718
    }, 
    {
        "date": "2012-08-31", 
        "operating_revenue": 3535566, 
        "accumulated_operating_revenue": 24297403, 
        "long_term_average": 3037175, 
        "short_term_average": 3191964
    }, 
    {
        "date": "2012-09-30", 
        "operating_revenue": 2943806, 
        "accumulated_operating_revenue": 27241209, 
        "long_term_average": 3026801, 
        "short_term_average": 3208092
    }, 
    {
        "date": "2012-10-31", 
        "operating_revenue": 2712386, 
        "accumulated_operating_revenue": 29953595, 
        "long_term_average": 2995359, 
        "short_term_average": 3063919
    }, 
    {
        "date": "2012-11-30", 
        "operating_revenue": 2931722, 
        "accumulated_operating_revenue": 32885317, 
        "long_term_average": 2989574, 
        "short_term_average": 2862638
    }, 
    {
        "date": "2012-12-31", 
        "operating_revenue": 2898639, 
        "accumulated_operating_revenue": 35783956, 
        "long_term_average": 2981996, 
        "short_term_average": 2847582
    }, 
    {
        "accumulated_operating_revenue_yoy": 1.4722366968936351, 
        "accumulated_operating_revenue": 2808027, 
        "long_term_average": 2985391, 
        "date": "2013-01-31", 
        "operating_revenue": 2808027, 
        "short_term_average": 2879462
    }, 
    {
        "accumulated_operating_revenue_yoy": -10.418879395686776, 
        "accumulated_operating_revenue": 4917174, 
        "long_term_average": 2934338, 
        "date": "2013-02-28", 
        "operating_revenue": 2109147, 
        "short_term_average": 2605271
    }, 
    {
        "accumulated_operating_revenue_yoy": -10.841139746075553, 
        "accumulated_operating_revenue": 7569803, 
        "long_term_average": 2905293, 
        "date": "2013-03-31", 
        "operating_revenue": 2652629, 
        "short_term_average": 2523267
    }, 
    {
        "accumulated_operating_revenue_yoy": -7.245156593732362, 
        "accumulated_operating_revenue": 10685063, 
        "long_term_average": 2912444, 
        "date": "2013-04-30", 
        "operating_revenue": 3115260, 
        "short_term_average": 2625678
    }, 
    {
        "accumulated_operating_revenue_yoy": -6.281984660540936, 
        "accumulated_operating_revenue": 13796707, 
        "long_term_average": 2904929, 
        "date": "2013-05-31", 
        "operating_revenue": 3111644, 
        "short_term_average": 2959844
    }, 
    {
        "accumulated_operating_revenue_yoy": -4.961993100615186, 
        "accumulated_operating_revenue": 16742782, 
        "long_term_average": 2909150, 
        "date": "2013-06-30", 
        "operating_revenue": 2946075, 
        "short_term_average": 3057659
    }, 
    {
        "accumulated_operating_revenue_yoy": -5.924514290329897, 
        "accumulated_operating_revenue": 19531799, 
        "long_term_average": 2879493, 
        "date": "2013-07-31", 
        "operating_revenue": 2789017, 
        "short_term_average": 2948912
    }, 
    {
        "accumulated_operating_revenue_yoy": -8.42913541006831, 
        "accumulated_operating_revenue": 22249342, 
        "long_term_average": 2811324, 
        "date": "2013-08-31", 
        "operating_revenue": 2717543, 
        "short_term_average": 2817545
    }, 
    {
        "accumulated_operating_revenue_yoy": -7.686204382485373, 
        "accumulated_operating_revenue": 25147394, 
        "long_term_average": 2807511, 
        "date": "2013-09-30", 
        "operating_revenue": 2898052, 
        "short_term_average": 2801537
    }, 
    {
        "accumulated_operating_revenue_yoy": -7.96474346401492, 
        "accumulated_operating_revenue": 27567868, 
        "long_term_average": 2783185, 
        "date": "2013-10-31", 
        "operating_revenue": 2420474, 
        "short_term_average": 2678689
    }, 
    {
        "accumulated_operating_revenue_yoy": -10.403591365714979, 
        "accumulated_operating_revenue": 29464063, 
        "long_term_average": 2696891, 
        "date": "2013-11-30", 
        "operating_revenue": 1896195, 
        "short_term_average": 2404907
    }, 
    {
        "accumulated_operating_revenue_yoy": -12.189485142447639, 
        "accumulated_operating_revenue": 31422076, 
        "long_term_average": 2618506, 
        "date": "2013-12-31", 
        "operating_revenue": 1958013, 
        "short_term_average": 2091560
    }, 
    {
        "accumulated_operating_revenue_yoy": -32.83234099957016, 
        "accumulated_operating_revenue": 1886086, 
        "long_term_average": 2541677, 
        "date": "2014-01-31", 
        "operating_revenue": 1886086, 
        "short_term_average": 1913431
    }, 
    {
        "accumulated_operating_revenue_yoy": -25.853894940467836, 
        "accumulated_operating_revenue": 3645893, 
        "long_term_average": 2512566, 
        "date": "2014-02-28", 
        "operating_revenue": 1759807, 
        "short_term_average": 1867968
    }, 
    {
        "accumulated_operating_revenue_yoy": -25.69288791267091, 
        "accumulated_operating_revenue": 5624902, 
        "long_term_average": 2456431, 
        "date": "2014-03-31", 
        "operating_revenue": 1979009, 
        "short_term_average": 1874967
    }, 
    {
        "accumulated_operating_revenue_yoy": -28.4569496688976, 
        "accumulated_operating_revenue": 7644420, 
        "long_term_average": 2365119, 
        "date": "2014-04-30", 
        "operating_revenue": 2019518, 
        "short_term_average": 1919444
    }, 
    {
        "accumulated_operating_revenue_yoy": -29.52702409350289, 
        "accumulated_operating_revenue": 9722950, 
        "long_term_average": 2279026, 
        "date": "2014-05-31", 
        "operating_revenue": 2078530, 
        "short_term_average": 2025685
    }, 
    {
        "accumulated_operating_revenue_yoy": -29.758393796204242, 
        "accumulated_operating_revenue": 11760399, 
        "long_term_average": 2203307, 
        "date": "2014-06-30", 
        "operating_revenue": 2037449, 
        "short_term_average": 2045165
    }, 
    {
        "accumulated_operating_revenue_yoy": -30.28304765986994, 
        "accumulated_operating_revenue": 13616975, 
        "long_term_average": 2125604, 
        "date": "2014-07-31", 
        "operating_revenue": 1856576, 
        "short_term_average": 1990851
    }, 
    {
        "accumulated_operating_revenue_yoy": -30.595641884600454, 
        "accumulated_operating_revenue": 15442013, 
        "long_term_average": 2051228, 
        "date": "2014-08-31", 
        "operating_revenue": 1825038, 
        "short_term_average": 1906354
    }, 
    {
        "accumulated_operating_revenue_yoy": -30.777399837136205, 
        "accumulated_operating_revenue": 17407680, 
        "long_term_average": 1973530, 
        "date": "2014-09-30", 
        "operating_revenue": 1965667, 
        "short_term_average": 1882427
    }, 
    {
        "accumulated_operating_revenue_yoy": -29.209085011579422, 
        "accumulated_operating_revenue": 19515546, 
        "long_term_average": 1947479, 
        "date": "2014-10-31", 
        "operating_revenue": 2107866, 
        "short_term_average": 1966190
    }, 
    {
        "accumulated_operating_revenue_yoy": -26.64211992758772, 
        "accumulated_operating_revenue": 21614212, 
        "long_term_average": 1964352, 
        "date": "2014-11-30", 
        "operating_revenue": 2098666, 
        "short_term_average": 2057399
    }, 
    {
        "accumulated_operating_revenue_yoy": -24.656130295146635, 
        "accumulated_operating_revenue": 23674608, 
        "long_term_average": 1972884, 
        "date": "2014-12-31", 
        "operating_revenue": 2060396, 
        "short_term_average": 2088976
    }, 
    {
        "accumulated_operating_revenue_yoy": 10.385051370934304, 
        "accumulated_operating_revenue": 2081957, 
        "long_term_average": 1989206, 
        "date": "2015-01-31", 
        "operating_revenue": 2081957, 
        "short_term_average": 2080339
    }, 
    {
        "accumulated_operating_revenue_yoy": -6.057665433406849, 
        "accumulated_operating_revenue": 3425037, 
        "long_term_average": 1954479, 
        "date": "2015-02-28", 
        "operating_revenue": 1343080, 
        "short_term_average": 1828477
    }, 
    {
        "accumulated_operating_revenue_yoy": -5.952779266198771, 
        "accumulated_operating_revenue": 5290064, 
        "long_term_average": 1944980, 
        "date": "2015-03-31", 
        "operating_revenue": 1865027, 
        "short_term_average": 1763354
    }, 
    {
        "accumulated_operating_revenue_yoy": -11.411774863233575, 
        "accumulated_operating_revenue": 6772056, 
        "long_term_average": 1900187, 
        "date": "2015-04-30", 
        "operating_revenue": 1481992, 
        "short_term_average": 1563366
    }, 
    {
        "accumulated_operating_revenue_yoy": -16.568973408276293, 
        "accumulated_operating_revenue": 8111957, 
        "long_term_average": 1838634, 
        "date": "2015-05-31", 
        "operating_revenue": 1339901, 
        "short_term_average": 1562306
    }, 
    {
        "accumulated_operating_revenue_yoy": -19.919315662674368, 
        "accumulated_operating_revenue": 9417808, 
        "long_term_average": 1777668, 
        "date": "2015-06-30", 
        "operating_revenue": 1305851, 
        "short_term_average": 1375914
    }, 
    {
        "accumulated_operating_revenue_yoy": -20.557010642965857, 
        "accumulated_operating_revenue": 10817732, 
        "long_term_average": 1739613, 
        "date": "2015-07-31", 
        "operating_revenue": 1399924, 
        "short_term_average": 1348558
    }, 
    {
        "accumulated_operating_revenue_yoy": -21.338727017002252, 
        "accumulated_operating_revenue": 12146884, 
        "long_term_average": 1698289, 
        "date": "2015-08-31", 
        "operating_revenue": 1329152, 
        "short_term_average": 1344975
    }, 
    {
        "accumulated_operating_revenue_yoy": -22.96647801430173, 
        "accumulated_operating_revenue": 13409749, 
        "long_term_average": 1639723, 
        "date": "2015-09-30", 
        "operating_revenue": 1262865, 
        "short_term_average": 1330647
    }
]