[
    {
        "date": "2011-09-30", 
        "operating_revenue": 347669, 
        "accumulated_operating_revenue": 347669, 
        "long_term_average": 347669, 
        "short_term_average": 347669
    }, 
    {
        "date": "2011-10-31", 
        "operating_revenue": 293213, 
        "accumulated_operating_revenue": 640882, 
        "long_term_average": 320441, 
        "short_term_average": 320441
    }, 
    {
        "date": "2011-11-30", 
        "operating_revenue": 193914, 
        "accumulated_operating_revenue": 834796, 
        "long_term_average": 278265, 
        "short_term_average": 278265
    }, 
    {
        "date": "2011-12-31", 
        "operating_revenue": 226904, 
        "accumulated_operating_revenue": 1061700, 
        "long_term_average": 265425, 
        "short_term_average": 238010
    }, 
    {
        "date": "2012-01-31", 
        "operating_revenue": 217306, 
        "accumulated_operating_revenue": 217306, 
        "long_term_average": 255801, 
        "short_term_average": 212708
    }, 
    {
        "date": "2012-02-29", 
        "operating_revenue": 238730, 
        "accumulated_operating_revenue": 456036, 
        "long_term_average": 252956, 
        "short_term_average": 227646
    }, 
    {
        "date": "2012-03-31", 
        "operating_revenue": 273336, 
        "accumulated_operating_revenue": 729372, 
        "long_term_average": 255867, 
        "short_term_average": 243124
    }, 
    {
        "date": "2012-04-30", 
        "operating_revenue": 277552, 
        "accumulated_operating_revenue": 1006924, 
        "long_term_average": 258578, 
        "short_term_average": 263206
    }, 
    {
        "date": "2012-05-31", 
        "operating_revenue": 289249, 
        "accumulated_operating_revenue": 1296173, 
        "long_term_average": 261985, 
        "short_term_average": 280045
    }, 
    {
        "date": "2012-06-30", 
        "operating_revenue": 248163, 
        "accumulated_operating_revenue": 1544336, 
        "long_term_average": 260603, 
        "short_term_average": 271654
    }, 
    {
        "date": "2012-07-31", 
        "operating_revenue": 259629, 
        "accumulated_operating_revenue": 1803965, 
        "long_term_average": 260515, 
        "short_term_average": 265680
    }, 
    {
        "date": "2012-08-31", 
        "operating_revenue": 219062, 
        "accumulated_operating_revenue": 2023027, 
        "long_term_average": 257060, 
        "short_term_average": 242284
    }, 
    {
        "accumulated_operating_revenue_yoy": 552.7852641449194, 
        "accumulated_operating_revenue": 2269532, 
        "long_term_average": 248630, 
        "date": "2012-09-30", 
        "operating_revenue": 246505, 
        "short_term_average": 241732
    }, 
    {
        "accumulated_operating_revenue_yoy": 302.97293417508996, 
        "accumulated_operating_revenue": 2582581, 
        "long_term_average": 250283, 
        "date": "2012-10-31", 
        "operating_revenue": 313049, 
        "short_term_average": 259538
    }, 
    {
        "accumulated_operating_revenue_yoy": 235.479087106311, 
        "accumulated_operating_revenue": 2800566, 
        "long_term_average": 252289, 
        "date": "2012-11-30", 
        "operating_revenue": 217985, 
        "short_term_average": 259179
    }, 
    {
        "accumulated_operating_revenue_yoy": 187.98690778939437, 
        "accumulated_operating_revenue": 3057557, 
        "long_term_average": 254796, 
        "date": "2012-12-31", 
        "operating_revenue": 256991, 
        "short_term_average": 262675
    }, 
    {
        "accumulated_operating_revenue_yoy": 50.176709340745305, 
        "accumulated_operating_revenue": 326343, 
        "long_term_average": 263882, 
        "date": "2013-01-31", 
        "operating_revenue": 326343, 
        "short_term_average": 267106
    }, 
    {
        "accumulated_operating_revenue_yoy": 18.222903454990398, 
        "accumulated_operating_revenue": 539139, 
        "long_term_average": 261721, 
        "date": "2013-02-28", 
        "operating_revenue": 212796, 
        "short_term_average": 265376
    }, 
    {
        "accumulated_operating_revenue_yoy": 17.679455750974814, 
        "accumulated_operating_revenue": 858321, 
        "long_term_average": 265542, 
        "date": "2013-03-31", 
        "operating_revenue": 319182, 
        "short_term_average": 286107
    }, 
    {
        "accumulated_operating_revenue_yoy": 12.640874584377768, 
        "accumulated_operating_revenue": 1134208, 
        "long_term_average": 265403, 
        "date": "2013-04-30", 
        "operating_revenue": 275887, 
        "short_term_average": 269288
    }, 
    {
        "accumulated_operating_revenue_yoy": 8.058106441038348, 
        "accumulated_operating_revenue": 1400620, 
        "long_term_average": 263500, 
        "date": "2013-05-31", 
        "operating_revenue": 266412, 
        "short_term_average": 287160
    }, 
    {
        "accumulated_operating_revenue_yoy": 2.4701230820236013, 
        "accumulated_operating_revenue": 1582483, 
        "long_term_average": 257975, 
        "date": "2013-06-30", 
        "operating_revenue": 181863, 
        "short_term_average": 241387
    }, 
    {
        "accumulated_operating_revenue_yoy": 2.262682479981596, 
        "accumulated_operating_revenue": 1844783, 
        "long_term_average": 258197, 
        "date": "2013-07-31", 
        "operating_revenue": 262300, 
        "short_term_average": 236858
    }, 
    {
        "accumulated_operating_revenue_yoy": 2.8808809768727754, 
        "accumulated_operating_revenue": 2081308, 
        "long_term_average": 259653, 
        "date": "2013-08-31", 
        "operating_revenue": 236525, 
        "short_term_average": 226896
    }, 
    {
        "accumulated_operating_revenue_yoy": 2.4670725065784485, 
        "accumulated_operating_revenue": 2325523, 
        "long_term_average": 259462, 
        "date": "2013-09-30", 
        "operating_revenue": 244215, 
        "short_term_average": 247680
    }, 
    {
        "accumulated_operating_revenue_yoy": 2.604061595744722, 
        "accumulated_operating_revenue": 2649833, 
        "long_term_average": 260400, 
        "date": "2013-10-31", 
        "operating_revenue": 324310, 
        "short_term_average": 268350
    }, 
    {
        "accumulated_operating_revenue_yoy": 2.547806407704728, 
        "accumulated_operating_revenue": 2871919, 
        "long_term_average": 260742, 
        "date": "2013-11-30", 
        "operating_revenue": 222086, 
        "short_term_average": 263537
    }, 
    {
        "accumulated_operating_revenue_yoy": 3.0419710899911268, 
        "accumulated_operating_revenue": 3150567, 
        "long_term_average": 262547, 
        "date": "2013-12-31", 
        "operating_revenue": 278648, 
        "short_term_average": 275014
    }, 
    {
        "accumulated_operating_revenue_yoy": -5.371035995869377, 
        "accumulated_operating_revenue": 308815, 
        "long_term_average": 261086, 
        "date": "2014-01-31", 
        "operating_revenue": 308815, 
        "short_term_average": 269849
    }, 
    {
        "accumulated_operating_revenue_yoy": -3.6001847390005177, 
        "accumulated_operating_revenue": 519729, 
        "long_term_average": 260929, 
        "date": "2014-02-28", 
        "operating_revenue": 210914, 
        "short_term_average": 266125
    }, 
    {
        "accumulated_operating_revenue_yoy": -0.24314912486121162, 
        "accumulated_operating_revenue": 856234, 
        "long_term_average": 262373, 
        "date": "2014-03-31", 
        "operating_revenue": 336505, 
        "short_term_average": 285411
    }, 
    {
        "accumulated_operating_revenue_yoy": 4.617142534702629, 
        "accumulated_operating_revenue": 1186576, 
        "long_term_average": 266911, 
        "date": "2014-04-30", 
        "operating_revenue": 330342, 
        "short_term_average": 292587
    }, 
    {
        "accumulated_operating_revenue_yoy": 6.9575616512687235, 
        "accumulated_operating_revenue": 1498069, 
        "long_term_average": 270668, 
        "date": "2014-05-31", 
        "operating_revenue": 311493, 
        "short_term_average": 326113
    }, 
    {
        "accumulated_operating_revenue_yoy": 12.303260129808661, 
        "accumulated_operating_revenue": 1777180, 
        "long_term_average": 278772, 
        "date": "2014-06-30", 
        "operating_revenue": 279111, 
        "short_term_average": 306982
    }, 
    {
        "accumulated_operating_revenue_yoy": 11.349952812878263, 
        "accumulated_operating_revenue": 2054165, 
        "long_term_average": 279995, 
        "date": "2014-07-31", 
        "operating_revenue": 276985, 
        "short_term_average": 289196
    }, 
    {
        "accumulated_operating_revenue_yoy": 8.405195194560344, 
        "accumulated_operating_revenue": 2256246, 
        "long_term_average": 277125, 
        "date": "2014-08-31", 
        "operating_revenue": 202081, 
        "short_term_average": 252725
    }, 
    {
        "accumulated_operating_revenue_yoy": 5.1128283831207, 
        "accumulated_operating_revenue": 2444423, 
        "long_term_average": 272455, 
        "date": "2014-09-30", 
        "operating_revenue": 188177, 
        "short_term_average": 222414
    }, 
    {
        "accumulated_operating_revenue_yoy": 0.200540939749788, 
        "accumulated_operating_revenue": 2655147, 
        "long_term_average": 262990, 
        "date": "2014-10-31", 
        "operating_revenue": 210724, 
        "short_term_average": 200327
    }, 
    {
        "accumulated_operating_revenue_yoy": -1.9059729748645418, 
        "accumulated_operating_revenue": 2817181, 
        "long_term_average": 257985, 
        "date": "2014-11-30", 
        "operating_revenue": 162034, 
        "short_term_average": 186978
    }, 
    {
        "accumulated_operating_revenue_yoy": -4.954282832264796, 
        "accumulated_operating_revenue": 2994479, 
        "long_term_average": 249539, 
        "date": "2014-12-31", 
        "operating_revenue": 177298, 
        "short_term_average": 183352
    }, 
    {
        "accumulated_operating_revenue_yoy": -41.95974936450626, 
        "accumulated_operating_revenue": 179237, 
        "long_term_average": 238741, 
        "date": "2015-01-31", 
        "operating_revenue": 179237, 
        "short_term_average": 172856
    }, 
    {
        "accumulated_operating_revenue_yoy": -42.98047636364336, 
        "accumulated_operating_revenue": 296347, 
        "long_term_average": 230924, 
        "date": "2015-02-28", 
        "operating_revenue": 117110, 
        "short_term_average": 157881
    }, 
    {
        "accumulated_operating_revenue_yoy": -46.65114910176424, 
        "accumulated_operating_revenue": 456791, 
        "long_term_average": 216253, 
        "date": "2015-03-31", 
        "operating_revenue": 160444, 
        "short_term_average": 152263
    }, 
    {
        "accumulated_operating_revenue_yoy": -47.58405698412913, 
        "accumulated_operating_revenue": 621955, 
        "long_term_average": 202488, 
        "date": "2015-04-30", 
        "operating_revenue": 165164, 
        "short_term_average": 147572
    }, 
    {
        "accumulated_operating_revenue_yoy": -48.543892170520856, 
        "accumulated_operating_revenue": 770848, 
        "long_term_average": 188938, 
        "date": "2015-05-31", 
        "operating_revenue": 148893, 
        "short_term_average": 158167
    }, 
    {
        "accumulated_operating_revenue_yoy": -47.526699602741424, 
        "accumulated_operating_revenue": 932545, 
        "long_term_average": 179153, 
        "date": "2015-06-30", 
        "operating_revenue": 161697, 
        "short_term_average": 158584
    }, 
    {
        "accumulated_operating_revenue_yoy": -45.71239408713516, 
        "accumulated_operating_revenue": 1115157, 
        "long_term_average": 171289, 
        "date": "2015-07-31", 
        "operating_revenue": 182612, 
        "short_term_average": 164400
    }, 
    {
        "accumulated_operating_revenue_yoy": -42.284795186340496, 
        "accumulated_operating_revenue": 1302197, 
        "long_term_average": 170035, 
        "date": "2015-08-31", 
        "operating_revenue": 187040, 
        "short_term_average": 177116
    }, 
    {
        "accumulated_operating_revenue_yoy": -38.833172491013215, 
        "accumulated_operating_revenue": 1495176, 
        "long_term_average": 170436, 
        "date": "2015-09-30", 
        "operating_revenue": 192979, 
        "short_term_average": 187543
    }
]