[
    {
        "date": "2012-01-31", 
        "operating_revenue": 668812, 
        "accumulated_operating_revenue": 668812, 
        "long_term_average": 668812, 
        "short_term_average": 668812
    }, 
    {
        "date": "2012-02-29", 
        "operating_revenue": 711451, 
        "accumulated_operating_revenue": 1380263, 
        "long_term_average": 690131, 
        "short_term_average": 690131
    }, 
    {
        "date": "2012-03-31", 
        "operating_revenue": 862674, 
        "accumulated_operating_revenue": 2242937, 
        "long_term_average": 747645, 
        "short_term_average": 747645
    }, 
    {
        "date": "2012-04-30", 
        "operating_revenue": 635755, 
        "accumulated_operating_revenue": 2878692, 
        "long_term_average": 719673, 
        "short_term_average": 736626
    }, 
    {
        "date": "2012-05-31", 
        "operating_revenue": 721866, 
        "accumulated_operating_revenue": 3600558, 
        "long_term_average": 720111, 
        "short_term_average": 740098
    }, 
    {
        "date": "2012-06-30", 
        "operating_revenue": 745649, 
        "accumulated_operating_revenue": 4346207, 
        "long_term_average": 724367, 
        "short_term_average": 701090
    }, 
    {
        "date": "2012-07-31", 
        "operating_revenue": 783183, 
        "accumulated_operating_revenue": 5129390, 
        "long_term_average": 732770, 
        "short_term_average": 750232
    }, 
    {
        "date": "2012-08-31", 
        "operating_revenue": 818047, 
        "accumulated_operating_revenue": 5947437, 
        "long_term_average": 743429, 
        "short_term_average": 782293
    }, 
    {
        "date": "2012-09-30", 
        "operating_revenue": 754084, 
        "accumulated_operating_revenue": 6701521, 
        "long_term_average": 744613, 
        "short_term_average": 785104
    }, 
    {
        "date": "2012-10-31", 
        "operating_revenue": 737937, 
        "accumulated_operating_revenue": 7439458, 
        "long_term_average": 743945, 
        "short_term_average": 770022
    }, 
    {
        "date": "2012-11-30", 
        "operating_revenue": 772188, 
        "accumulated_operating_revenue": 8211646, 
        "long_term_average": 746513, 
        "short_term_average": 754736
    }, 
    {
        "date": "2012-12-31", 
        "operating_revenue": 795214, 
        "accumulated_operating_revenue": 9006860, 
        "long_term_average": 750571, 
        "short_term_average": 768446
    }, 
    {
        "accumulated_operating_revenue_yoy": 16.168071147048796, 
        "accumulated_operating_revenue": 776946, 
        "long_term_average": 759582, 
        "date": "2013-01-31", 
        "operating_revenue": 776946, 
        "short_term_average": 781449
    }, 
    {
        "accumulated_operating_revenue_yoy": -2.823737215298823, 
        "accumulated_operating_revenue": 1341288, 
        "long_term_average": 747323, 
        "date": "2013-02-28", 
        "operating_revenue": 564342, 
        "short_term_average": 712167
    }, 
    {
        "accumulated_operating_revenue_yoy": -7.424595519178648, 
        "accumulated_operating_revenue": 2076408, 
        "long_term_average": 736694, 
        "date": "2013-03-31", 
        "operating_revenue": 735120, 
        "short_term_average": 692136
    }, 
    {
        "accumulated_operating_revenue_yoy": -5.643743755844668, 
        "accumulated_operating_revenue": 2716226, 
        "long_term_average": 737032, 
        "date": "2013-04-30", 
        "operating_revenue": 639818, 
        "short_term_average": 646426
    }, 
    {
        "accumulated_operating_revenue_yoy": -3.795161749928761, 
        "accumulated_operating_revenue": 3463911, 
        "long_term_average": 739184, 
        "date": "2013-05-31", 
        "operating_revenue": 747685, 
        "short_term_average": 707541
    }, 
    {
        "accumulated_operating_revenue_yoy": -2.5858869584444553, 
        "accumulated_operating_revenue": 4233819, 
        "long_term_average": 741206, 
        "date": "2013-06-30", 
        "operating_revenue": 769908, 
        "short_term_average": 719137
    }, 
    {
        "accumulated_operating_revenue_yoy": -2.2050965124507984, 
        "accumulated_operating_revenue": 5016282, 
        "long_term_average": 741146, 
        "date": "2013-07-31", 
        "operating_revenue": 782463, 
        "short_term_average": 766685
    }, 
    {
        "accumulated_operating_revenue_yoy": -2.8146746237076576, 
        "accumulated_operating_revenue": 5780036, 
        "long_term_average": 736621, 
        "date": "2013-08-31", 
        "operating_revenue": 763754, 
        "short_term_average": 772041
    }, 
    {
        "accumulated_operating_revenue_yoy": -1.8705753514761798, 
        "accumulated_operating_revenue": 6576164, 
        "long_term_average": 740125, 
        "date": "2013-09-30", 
        "operating_revenue": 796128, 
        "short_term_average": 780781
    }, 
    {
        "accumulated_operating_revenue_yoy": -2.405282750436927, 
        "accumulated_operating_revenue": 7260518, 
        "long_term_average": 735660, 
        "date": "2013-10-31", 
        "operating_revenue": 684354, 
        "short_term_average": 748078
    }, 
    {
        "accumulated_operating_revenue_yoy": -3.6841456633663943, 
        "accumulated_operating_revenue": 7909117, 
        "long_term_average": 725360, 
        "date": "2013-11-30", 
        "operating_revenue": 648599, 
        "short_term_average": 709693
    }, 
    {
        "accumulated_operating_revenue_yoy": -3.5244136136233934, 
        "accumulated_operating_revenue": 8689421, 
        "long_term_average": 724118, 
        "date": "2013-12-31", 
        "operating_revenue": 780304, 
        "short_term_average": 704419
    }, 
    {
        "accumulated_operating_revenue_yoy": -11.556015475979025, 
        "accumulated_operating_revenue": 687162, 
        "long_term_average": 716636, 
        "date": "2014-01-31", 
        "operating_revenue": 687162, 
        "short_term_average": 705355
    }, 
    {
        "accumulated_operating_revenue_yoy": -7.5251549257131956, 
        "accumulated_operating_revenue": 1240354, 
        "long_term_average": 715707, 
        "date": "2014-02-28", 
        "operating_revenue": 553192, 
        "short_term_average": 673552
    }, 
    {
        "accumulated_operating_revenue_yoy": -9.649789444078428, 
        "accumulated_operating_revenue": 1876039, 
        "long_term_average": 707421, 
        "date": "2014-03-31", 
        "operating_revenue": 635685, 
        "short_term_average": 625346
    }, 
    {
        "accumulated_operating_revenue_yoy": -8.301039751478706, 
        "accumulated_operating_revenue": 2490751, 
        "long_term_average": 705328, 
        "date": "2014-04-30", 
        "operating_revenue": 614712, 
        "short_term_average": 601196
    }, 
    {
        "accumulated_operating_revenue_yoy": -10.709599640406466, 
        "accumulated_operating_revenue": 3092940, 
        "long_term_average": 693204, 
        "date": "2014-05-31", 
        "operating_revenue": 602189, 
        "short_term_average": 617528
    }, 
    {
        "accumulated_operating_revenue_yoy": -10.921699770349182, 
        "accumulated_operating_revenue": 3771414, 
        "long_term_average": 685584, 
        "date": "2014-06-30", 
        "operating_revenue": 678474, 
        "short_term_average": 631791
    }, 
    {
        "accumulated_operating_revenue_yoy": -10.502360114523066, 
        "accumulated_operating_revenue": 4489454, 
        "long_term_average": 680216, 
        "date": "2014-07-31", 
        "operating_revenue": 718040, 
        "short_term_average": 666234
    }, 
    {
        "accumulated_operating_revenue_yoy": -9.969557283034224, 
        "accumulated_operating_revenue": 5203792, 
        "long_term_average": 676098, 
        "date": "2014-08-31", 
        "operating_revenue": 714338, 
        "short_term_average": 703617
    }, 
    {
        "accumulated_operating_revenue_yoy": -8.892098798022676, 
        "accumulated_operating_revenue": 5991405, 
        "long_term_average": 675388, 
        "date": "2014-09-30", 
        "operating_revenue": 787613, 
        "short_term_average": 739997
    }, 
    {
        "accumulated_operating_revenue_yoy": -7.952325164678332, 
        "accumulated_operating_revenue": 6683138, 
        "long_term_average": 676003, 
        "date": "2014-10-31", 
        "operating_revenue": 691733, 
        "short_term_average": 731228
    }, 
    {
        "accumulated_operating_revenue_yoy": -7.962734651668447, 
        "accumulated_operating_revenue": 7279335, 
        "long_term_average": 671636, 
        "date": "2014-11-30", 
        "operating_revenue": 596197, 
        "short_term_average": 691847
    }, 
    {
        "accumulated_operating_revenue_yoy": -7.456423160990819, 
        "accumulated_operating_revenue": 8041501, 
        "long_term_average": 670125, 
        "date": "2014-12-31", 
        "operating_revenue": 762166, 
        "short_term_average": 683365
    }, 
    {
        "accumulated_operating_revenue_yoy": -17.366210587896305, 
        "accumulated_operating_revenue": 567828, 
        "long_term_average": 660180, 
        "date": "2015-01-31", 
        "operating_revenue": 567828, 
        "short_term_average": 642063
    }, 
    {
        "accumulated_operating_revenue_yoy": -12.087839439385853, 
        "accumulated_operating_revenue": 1090422, 
        "long_term_average": 657630, 
        "date": "2015-02-28", 
        "operating_revenue": 522594, 
        "short_term_average": 617529
    }, 
    {
        "accumulated_operating_revenue_yoy": -8.877693907216216, 
        "accumulated_operating_revenue": 1709490, 
        "long_term_average": 656246, 
        "date": "2015-03-31", 
        "operating_revenue": 619068, 
        "short_term_average": 569830
    }, 
    {
        "accumulated_operating_revenue_yoy": -8.172153699827883, 
        "accumulated_operating_revenue": 2287203, 
        "long_term_average": 653162, 
        "date": "2015-04-30", 
        "operating_revenue": 577713, 
        "short_term_average": 573125
    }, 
    {
        "accumulated_operating_revenue_yoy": -7.125970759212917, 
        "accumulated_operating_revenue": 2872538, 
        "long_term_average": 651758, 
        "date": "2015-05-31", 
        "operating_revenue": 585335, 
        "short_term_average": 594038
    }, 
    {
        "accumulated_operating_revenue_yoy": -4.842003556225862, 
        "accumulated_operating_revenue": 3588802, 
        "long_term_average": 654907, 
        "date": "2015-06-30", 
        "operating_revenue": 716264, 
        "short_term_average": 626437
    }, 
    {
        "accumulated_operating_revenue_yoy": -6.007924348929737, 
        "accumulated_operating_revenue": 4219731, 
        "long_term_average": 647648, 
        "date": "2015-07-31", 
        "operating_revenue": 630929, 
        "short_term_average": 644176
    }, 
    {
        "accumulated_operating_revenue_yoy": -6.54643767468031, 
        "accumulated_operating_revenue": 4863129, 
        "long_term_average": 641736, 
        "date": "2015-08-31", 
        "operating_revenue": 643398, 
        "short_term_average": 663530
    }, 
    {
        "accumulated_operating_revenue_yoy": -9.489593843180357, 
        "accumulated_operating_revenue": 5422845, 
        "long_term_average": 622745, 
        "date": "2015-09-30", 
        "operating_revenue": 559716, 
        "short_term_average": 611347
    }
]