[
    {
        "date": "2011-09-30", 
        "operating_revenue": 2069766, 
        "accumulated_operating_revenue": 2069766, 
        "long_term_average": 2069766, 
        "short_term_average": 2069766
    }, 
    {
        "date": "2011-10-31", 
        "operating_revenue": 2087761, 
        "accumulated_operating_revenue": 4157527, 
        "long_term_average": 2078763, 
        "short_term_average": 2078763
    }, 
    {
        "date": "2011-11-30", 
        "operating_revenue": 1886999, 
        "accumulated_operating_revenue": 6044526, 
        "long_term_average": 2014842, 
        "short_term_average": 2014842
    }, 
    {
        "date": "2011-12-31", 
        "operating_revenue": 1762638, 
        "accumulated_operating_revenue": 7807164, 
        "long_term_average": 1951791, 
        "short_term_average": 1912466
    }, 
    {
        "date": "2012-01-31", 
        "operating_revenue": 1726753, 
        "accumulated_operating_revenue": 1726753, 
        "long_term_average": 1906783, 
        "short_term_average": 1792130
    }, 
    {
        "date": "2012-02-29", 
        "operating_revenue": 1756721, 
        "accumulated_operating_revenue": 3483474, 
        "long_term_average": 1881773, 
        "short_term_average": 1748704
    }, 
    {
        "date": "2012-03-31", 
        "operating_revenue": 2062790, 
        "accumulated_operating_revenue": 5546264, 
        "long_term_average": 1907632, 
        "short_term_average": 1848754
    }, 
    {
        "date": "2012-04-30", 
        "operating_revenue": 1759591, 
        "accumulated_operating_revenue": 7305855, 
        "long_term_average": 1889127, 
        "short_term_average": 1859700
    }, 
    {
        "date": "2012-05-31", 
        "operating_revenue": 1782485, 
        "accumulated_operating_revenue": 9088340, 
        "long_term_average": 1877278, 
        "short_term_average": 1868288
    }, 
    {
        "date": "2012-06-30", 
        "operating_revenue": 1924646, 
        "accumulated_operating_revenue": 11012986, 
        "long_term_average": 1882015, 
        "short_term_average": 1822240
    }, 
    {
        "date": "2012-07-31", 
        "operating_revenue": 1912369, 
        "accumulated_operating_revenue": 12925355, 
        "long_term_average": 1884774, 
        "short_term_average": 1873166
    }, 
    {
        "date": "2012-08-31", 
        "operating_revenue": 1921504, 
        "accumulated_operating_revenue": 14846859, 
        "long_term_average": 1887835, 
        "short_term_average": 1919506
    }, 
    {
        "accumulated_operating_revenue_yoy": 702.7049434573763, 
        "accumulated_operating_revenue": 16614114, 
        "long_term_average": 1862626, 
        "date": "2012-09-30", 
        "operating_revenue": 1767255, 
        "short_term_average": 1867042
    }, 
    {
        "accumulated_operating_revenue_yoy": 340.14285415344267, 
        "accumulated_operating_revenue": 18299058, 
        "long_term_average": 1829057, 
        "date": "2012-10-31", 
        "operating_revenue": 1684944, 
        "short_term_average": 1791234
    }, 
    {
        "accumulated_operating_revenue_yoy": 226.8649518589216, 
        "accumulated_operating_revenue": 19757437, 
        "long_term_average": 1793339, 
        "date": "2012-11-30", 
        "operating_revenue": 1458379, 
        "short_term_average": 1636859
    }, 
    {
        "accumulated_operating_revenue_yoy": 170.75301607600403, 
        "accumulated_operating_revenue": 21138132, 
        "long_term_average": 1761511, 
        "date": "2012-12-31", 
        "operating_revenue": 1380695, 
        "short_term_average": 1508006
    }, 
    {
        "accumulated_operating_revenue_yoy": -19.631354339618927, 
        "accumulated_operating_revenue": 1387768, 
        "long_term_average": 1733262, 
        "date": "2013-01-31", 
        "operating_revenue": 1387768, 
        "short_term_average": 1408947
    }, 
    {
        "accumulated_operating_revenue_yoy": -24.434429537869377, 
        "accumulated_operating_revenue": 2632307, 
        "long_term_average": 1690580, 
        "date": "2013-02-28", 
        "operating_revenue": 1244539, 
        "short_term_average": 1337667
    }, 
    {
        "accumulated_operating_revenue_yoy": -28.436457406282862, 
        "accumulated_operating_revenue": 3969103, 
        "long_term_average": 1630080, 
        "date": "2013-03-31", 
        "operating_revenue": 1336796, 
        "short_term_average": 1323034
    }, 
    {
        "accumulated_operating_revenue_yoy": -27.403733033300004, 
        "accumulated_operating_revenue": 5303778, 
        "long_term_average": 1594671, 
        "date": "2013-04-30", 
        "operating_revenue": 1334675, 
        "short_term_average": 1305336
    }, 
    {
        "accumulated_operating_revenue_yoy": -23.588895221789677, 
        "accumulated_operating_revenue": 6944501, 
        "long_term_average": 1582857, 
        "date": "2013-05-31", 
        "operating_revenue": 1640723, 
        "short_term_average": 1437398
    }, 
    {
        "accumulated_operating_revenue_yoy": -23.545076694004695, 
        "accumulated_operating_revenue": 8419970, 
        "long_term_average": 1545426, 
        "date": "2013-06-30", 
        "operating_revenue": 1475469, 
        "short_term_average": 1483622
    }, 
    {
        "accumulated_operating_revenue_yoy": -23.61691419694082, 
        "accumulated_operating_revenue": 9872785, 
        "long_term_average": 1507130, 
        "date": "2013-07-31", 
        "operating_revenue": 1452815, 
        "short_term_average": 1523002
    }, 
    {
        "accumulated_operating_revenue_yoy": -23.03211743305436, 
        "accumulated_operating_revenue": 11427313, 
        "long_term_average": 1476548, 
        "date": "2013-08-31", 
        "operating_revenue": 1554528, 
        "short_term_average": 1494270
    }, 
    {
        "accumulated_operating_revenue_yoy": -22.83419386673283, 
        "accumulated_operating_revenue": 12820415, 
        "long_term_average": 1445369, 
        "date": "2013-09-30", 
        "operating_revenue": 1393102, 
        "short_term_average": 1466815
    }, 
    {
        "accumulated_operating_revenue_yoy": -22.587496033948852, 
        "accumulated_operating_revenue": 14165759, 
        "long_term_average": 1417069, 
        "date": "2013-10-31", 
        "operating_revenue": 1345344, 
        "short_term_average": 1430991
    }, 
    {
        "accumulated_operating_revenue_yoy": -8.9847888670985, 
        "accumulated_operating_revenue": 17982273, 
        "long_term_average": 1613580, 
        "date": "2013-11-30", 
        "operating_revenue": 3816514, 
        "short_term_average": 2184986
    }, 
    {
        "accumulated_operating_revenue_yoy": 0.48307485259340793, 
        "accumulated_operating_revenue": 21240245, 
        "long_term_average": 1770020, 
        "date": "2013-12-31", 
        "operating_revenue": 3257972, 
        "short_term_average": 2806610
    }, 
    {
        "accumulated_operating_revenue_yoy": 140.78750915138554, 
        "accumulated_operating_revenue": 3341572, 
        "long_term_average": 1932837, 
        "date": "2014-01-31", 
        "operating_revenue": 3341572, 
        "short_term_average": 3472019
    }, 
    {
        "accumulated_operating_revenue_yoy": 129.22941738938505, 
        "accumulated_operating_revenue": 6034022, 
        "long_term_average": 2053496, 
        "date": "2014-02-28", 
        "operating_revenue": 2692450, 
        "short_term_average": 3097331
    }, 
    {
        "accumulated_operating_revenue_yoy": 132.04580480778654, 
        "accumulated_operating_revenue": 9210137, 
        "long_term_average": 2206773, 
        "date": "2014-03-31", 
        "operating_revenue": 3176115, 
        "short_term_average": 3070045
    }, 
    {
        "accumulated_operating_revenue_yoy": 134.1863479202938, 
        "accumulated_operating_revenue": 12420724, 
        "long_term_average": 2363099, 
        "date": "2014-04-30", 
        "operating_revenue": 3210587, 
        "short_term_average": 3026384
    }, 
    {
        "accumulated_operating_revenue_yoy": 130.41027713870298, 
        "accumulated_operating_revenue": 16000844, 
        "long_term_average": 2524715, 
        "date": "2014-05-31", 
        "operating_revenue": 3580120, 
        "short_term_average": 3322274
    }, 
    {
        "accumulated_operating_revenue_yoy": 128.91616003382435, 
        "accumulated_operating_revenue": 19274672, 
        "long_term_average": 2674578, 
        "date": "2014-06-30", 
        "operating_revenue": 3273828, 
        "short_term_average": 3354845
    }, 
    {
        "accumulated_operating_revenue_yoy": 131.96823388739853, 
        "accumulated_operating_revenue": 22901725, 
        "long_term_average": 2855765, 
        "date": "2014-07-31", 
        "operating_revenue": 3627053, 
        "short_term_average": 3493667
    }, 
    {
        "accumulated_operating_revenue_yoy": 129.21448813032427, 
        "accumulated_operating_revenue": 26193057, 
        "long_term_average": 3000499, 
        "date": "2014-08-31", 
        "operating_revenue": 3291332, 
        "short_term_average": 3397404
    }, 
    {
        "accumulated_operating_revenue_yoy": 130.5206734727386, 
        "accumulated_operating_revenue": 29553707, 
        "long_term_average": 3164461, 
        "date": "2014-09-30", 
        "operating_revenue": 3360650, 
        "short_term_average": 3426345
    }, 
    {
        "accumulated_operating_revenue_yoy": 144.2491715410378, 
        "accumulated_operating_revenue": 34599749, 
        "long_term_average": 3472852, 
        "date": "2014-10-31", 
        "operating_revenue": 5046042, 
        "short_term_average": 3899341
    }, 
    {
        "accumulated_operating_revenue_yoy": 119.58931443205205, 
        "accumulated_operating_revenue": 39487150, 
        "long_term_average": 3562093, 
        "date": "2014-11-30", 
        "operating_revenue": 4887401, 
        "short_term_average": 4431364
    }, 
    {
        "accumulated_operating_revenue_yoy": 106.29540760946968, 
        "accumulated_operating_revenue": 43817650, 
        "long_term_average": 3651470, 
        "date": "2014-12-31", 
        "operating_revenue": 4330500, 
        "short_term_average": 4754647
    }, 
    {
        "accumulated_operating_revenue_yoy": 11.23031315799869, 
        "accumulated_operating_revenue": 3716841, 
        "long_term_average": 3682743, 
        "date": "2015-01-31", 
        "operating_revenue": 3716841, 
        "short_term_average": 4311580
    }, 
    {
        "accumulated_operating_revenue_yoy": 14.565906455097446, 
        "accumulated_operating_revenue": 6912932, 
        "long_term_average": 3724713, 
        "date": "2015-02-28", 
        "operating_revenue": 3196091, 
        "short_term_average": 3747810
    }, 
    {
        "accumulated_operating_revenue_yoy": 19.280516674181936, 
        "accumulated_operating_revenue": 10985899, 
        "long_term_average": 3799451, 
        "date": "2015-03-31", 
        "operating_revenue": 4072967, 
        "short_term_average": 3661966
    }, 
    {
        "accumulated_operating_revenue_yoy": 13.807286918218296, 
        "accumulated_operating_revenue": 14135689, 
        "long_term_average": 3794384, 
        "date": "2015-04-30", 
        "operating_revenue": 3149790, 
        "short_term_average": 3472949
    }, 
    {
        "accumulated_operating_revenue_yoy": 8.64311282579844, 
        "accumulated_operating_revenue": 17383815, 
        "long_term_average": 3766718, 
        "date": "2015-05-31", 
        "operating_revenue": 3248126, 
        "short_term_average": 3490294
    }, 
    {
        "accumulated_operating_revenue_yoy": 6.020942924476225, 
        "accumulated_operating_revenue": 20435189, 
        "long_term_average": 3748180, 
        "date": "2015-06-30", 
        "operating_revenue": 3051374, 
        "short_term_average": 3149763
    }, 
    {
        "accumulated_operating_revenue_yoy": 2.07637197634676, 
        "accumulated_operating_revenue": 23377250, 
        "long_term_average": 3691097, 
        "date": "2015-07-31", 
        "operating_revenue": 2942061, 
        "short_term_average": 3080520
    }, 
    {
        "accumulated_operating_revenue_yoy": 3.125286216114446, 
        "accumulated_operating_revenue": 27011665, 
        "long_term_average": 3719688, 
        "date": "2015-08-31", 
        "operating_revenue": 3634415, 
        "short_term_average": 3209283
    }, 
    {
        "accumulated_operating_revenue_yoy": 3.9318451658196385, 
        "accumulated_operating_revenue": 30715713, 
        "long_term_average": 3748304, 
        "date": "2015-09-30", 
        "operating_revenue": 3704048, 
        "short_term_average": 3426841
    }
]