[
    {
        "date": "2012-01-31", 
        "operating_revenue": 3593089, 
        "accumulated_operating_revenue": 3593089, 
        "long_term_average": 3593089, 
        "short_term_average": 3593089
    }, 
    {
        "date": "2012-02-29", 
        "operating_revenue": 3794154, 
        "accumulated_operating_revenue": 7387243, 
        "long_term_average": 3693621, 
        "short_term_average": 3693621
    }, 
    {
        "date": "2012-03-31", 
        "operating_revenue": 4427884, 
        "accumulated_operating_revenue": 11815127, 
        "long_term_average": 3938375, 
        "short_term_average": 3938375
    }, 
    {
        "date": "2012-04-30", 
        "operating_revenue": 4526040, 
        "accumulated_operating_revenue": 16341167, 
        "long_term_average": 4085291, 
        "short_term_average": 4249359
    }, 
    {
        "date": "2012-05-31", 
        "operating_revenue": 4813528, 
        "accumulated_operating_revenue": 21154695, 
        "long_term_average": 4230939, 
        "short_term_average": 4589150
    }, 
    {
        "date": "2012-06-30", 
        "operating_revenue": 5004597, 
        "accumulated_operating_revenue": 26159292, 
        "long_term_average": 4359882, 
        "short_term_average": 4781388
    }, 
    {
        "date": "2012-07-31", 
        "operating_revenue": 5107527, 
        "accumulated_operating_revenue": 31266819, 
        "long_term_average": 4466688, 
        "short_term_average": 4975217
    }, 
    {
        "date": "2012-08-31", 
        "operating_revenue": 5043862, 
        "accumulated_operating_revenue": 36310681, 
        "long_term_average": 4538835, 
        "short_term_average": 5051995
    }, 
    {
        "date": "2012-09-30", 
        "operating_revenue": 5697025, 
        "accumulated_operating_revenue": 42007706, 
        "long_term_average": 4667522, 
        "short_term_average": 5282804
    }, 
    {
        "date": "2012-10-31", 
        "operating_revenue": 5675910, 
        "accumulated_operating_revenue": 47683616, 
        "long_term_average": 4768361, 
        "short_term_average": 5472265
    }, 
    {
        "date": "2012-11-30", 
        "operating_revenue": 5796825, 
        "accumulated_operating_revenue": 53480441, 
        "long_term_average": 4861858, 
        "short_term_average": 5723253
    }, 
    {
        "date": "2012-12-31", 
        "operating_revenue": 5352961, 
        "accumulated_operating_revenue": 58833402, 
        "long_term_average": 4902783, 
        "short_term_average": 5608565
    }, 
    {
        "accumulated_operating_revenue_yoy": 17.303106046079016, 
        "accumulated_operating_revenue": 4214805, 
        "long_term_average": 4954593, 
        "date": "2013-01-31", 
        "operating_revenue": 4214805, 
        "short_term_average": 5121530
    }, 
    {
        "accumulated_operating_revenue_yoy": 7.255359001998444, 
        "accumulated_operating_revenue": 7923214, 
        "long_term_average": 4947447, 
        "date": "2013-02-28", 
        "operating_revenue": 3708409, 
        "short_term_average": 4425391
    }, 
    {
        "accumulated_operating_revenue_yoy": -2.655257112344201, 
        "accumulated_operating_revenue": 11501405, 
        "long_term_average": 4876640, 
        "date": "2013-03-31", 
        "operating_revenue": 3578191, 
        "short_term_average": 3833801
    }, 
    {
        "accumulated_operating_revenue_yoy": -6.513622925461811, 
        "accumulated_operating_revenue": 15276765, 
        "long_term_average": 4814083, 
        "date": "2013-04-30", 
        "operating_revenue": 3775360, 
        "short_term_average": 3687320
    }, 
    {
        "accumulated_operating_revenue_yoy": -9.916730068667972, 
        "accumulated_operating_revenue": 19056841, 
        "long_term_average": 4727962, 
        "date": "2013-05-31", 
        "operating_revenue": 3780076, 
        "short_term_average": 3711209
    }, 
    {
        "accumulated_operating_revenue_yoy": -12.065273020386027, 
        "accumulated_operating_revenue": 23003102, 
        "long_term_average": 4639767, 
        "date": "2013-06-30", 
        "operating_revenue": 3946261, 
        "short_term_average": 3833899
    }, 
    {
        "accumulated_operating_revenue_yoy": -12.032995745425845, 
        "accumulated_operating_revenue": 27504484, 
        "long_term_average": 4589255, 
        "date": "2013-07-31", 
        "operating_revenue": 4501382, 
        "short_term_average": 4075906
    }, 
    {
        "accumulated_operating_revenue_yoy": -11.30311491541566, 
        "accumulated_operating_revenue": 32206443, 
        "long_term_average": 4560763, 
        "date": "2013-08-31", 
        "operating_revenue": 4701959, 
        "short_term_average": 4383200
    }, 
    {
        "accumulated_operating_revenue_yoy": -10.684908621289626, 
        "accumulated_operating_revenue": 37519221, 
        "long_term_average": 4528743, 
        "date": "2013-09-30", 
        "operating_revenue": 5312778, 
        "short_term_average": 4838706
    }, 
    {
        "accumulated_operating_revenue_yoy": -9.838721123834231, 
        "accumulated_operating_revenue": 42992158, 
        "long_term_average": 4511828, 
        "date": "2013-10-31", 
        "operating_revenue": 5472937, 
        "short_term_average": 5162558
    }, 
    {
        "accumulated_operating_revenue_yoy": -8.372083169620833, 
        "accumulated_operating_revenue": 49003014, 
        "long_term_average": 4529664, 
        "date": "2013-11-30", 
        "operating_revenue": 6010856, 
        "short_term_average": 5598857
    }, 
    {
        "accumulated_operating_revenue_yoy": -6.966285920368841, 
        "accumulated_operating_revenue": 54734899, 
        "long_term_average": 4561241, 
        "date": "2013-12-31", 
        "operating_revenue": 5731885, 
        "short_term_average": 5738559
    }, 
    {
        "accumulated_operating_revenue_yoy": 7.016955707322166, 
        "accumulated_operating_revenue": 4510556, 
        "long_term_average": 4585887, 
        "date": "2014-01-31", 
        "operating_revenue": 4510556, 
        "short_term_average": 5417765
    }, 
    {
        "accumulated_operating_revenue_yoy": -3.8468606300423036, 
        "accumulated_operating_revenue": 7618419, 
        "long_term_average": 4535842, 
        "date": "2014-02-28", 
        "operating_revenue": 3107863, 
        "short_term_average": 4450101
    }, 
    {
        "accumulated_operating_revenue_yoy": 5.46833191249243, 
        "accumulated_operating_revenue": 12130340, 
        "long_term_average": 4613652, 
        "date": "2014-03-31", 
        "operating_revenue": 4511921, 
        "short_term_average": 4043446
    }, 
    {
        "accumulated_operating_revenue_yoy": 8.943254674664432, 
        "accumulated_operating_revenue": 16643005, 
        "long_term_average": 4675094, 
        "date": "2014-04-30", 
        "operating_revenue": 4512665, 
        "short_term_average": 4044149
    }, 
    {
        "accumulated_operating_revenue_yoy": 11.080225731011767, 
        "accumulated_operating_revenue": 21168382, 
        "long_term_average": 4737203, 
        "date": "2014-05-31", 
        "operating_revenue": 4525377, 
        "short_term_average": 4516654
    }, 
    {
        "accumulated_operating_revenue_yoy": 12.040689120971598, 
        "accumulated_operating_revenue": 25772834, 
        "long_term_average": 4792052, 
        "date": "2014-06-30", 
        "operating_revenue": 4604452, 
        "short_term_average": 4547498
    }, 
    {
        "accumulated_operating_revenue_yoy": 11.164884969301733, 
        "accumulated_operating_revenue": 30575328, 
        "long_term_average": 4817145, 
        "date": "2014-07-31", 
        "operating_revenue": 4802494, 
        "short_term_average": 4644107
    }, 
    {
        "accumulated_operating_revenue_yoy": 10.484299678794084, 
        "accumulated_operating_revenue": 35583063, 
        "long_term_average": 4842626, 
        "date": "2014-08-31", 
        "operating_revenue": 5007735, 
        "short_term_average": 4804893
    }, 
    {
        "accumulated_operating_revenue_yoy": 9.235245049464114, 
        "accumulated_operating_revenue": 40984213, 
        "long_term_average": 4849990, 
        "date": "2014-09-30", 
        "operating_revenue": 5401150, 
        "short_term_average": 5070459
    }, 
    {
        "accumulated_operating_revenue_yoy": 9.185635668718932, 
        "accumulated_operating_revenue": 46941261, 
        "long_term_average": 4890333, 
        "date": "2014-10-31", 
        "operating_revenue": 5957048, 
        "short_term_average": 5455311
    }, 
    {
        "accumulated_operating_revenue_yoy": 9.09718124685147, 
        "accumulated_operating_revenue": 53460907, 
        "long_term_average": 4932732, 
        "date": "2014-11-30", 
        "operating_revenue": 6519646, 
        "short_term_average": 5959281
    }, 
    {
        "accumulated_operating_revenue_yoy": 9.647539497606454, 
        "accumulated_operating_revenue": 60015470, 
        "long_term_average": 5001289, 
        "date": "2014-12-31", 
        "operating_revenue": 6554563, 
        "short_term_average": 6343752
    }, 
    {
        "accumulated_operating_revenue_yoy": 20.253556324320108, 
        "accumulated_operating_revenue": 5424104, 
        "long_term_average": 5077418, 
        "date": "2015-01-31", 
        "operating_revenue": 5424104, 
        "short_term_average": 6166104
    }, 
    {
        "accumulated_operating_revenue_yoy": 24.5144432197809, 
        "accumulated_operating_revenue": 9486032, 
        "long_term_average": 5156923, 
        "date": "2015-02-28", 
        "operating_revenue": 4061928, 
        "short_term_average": 5346865
    }, 
    {
        "accumulated_operating_revenue_yoy": 23.71681255430598, 
        "accumulated_operating_revenue": 15007270, 
        "long_term_average": 5241033, 
        "date": "2015-03-31", 
        "operating_revenue": 5521238, 
        "short_term_average": 5002423
    }, 
    {
        "accumulated_operating_revenue_yoy": 22.77008869492018, 
        "accumulated_operating_revenue": 20432632, 
        "long_term_average": 5317091, 
        "date": "2015-04-30", 
        "operating_revenue": 5425362, 
        "short_term_average": 5002842
    }, 
    {
        "accumulated_operating_revenue_yoy": 20.627944072437845, 
        "accumulated_operating_revenue": 25534984, 
        "long_term_average": 5365172, 
        "date": "2015-05-31", 
        "operating_revenue": 5102352, 
        "short_term_average": 5349650
    }, 
    {
        "accumulated_operating_revenue_yoy": 18.948661214362378, 
        "accumulated_operating_revenue": 30656441, 
        "long_term_average": 5408256, 
        "date": "2015-06-30", 
        "operating_revenue": 5121457, 
        "short_term_average": 5216390
    }, 
    {
        "accumulated_operating_revenue_yoy": 17.064644408720653, 
        "accumulated_operating_revenue": 35792899, 
        "long_term_average": 5436086, 
        "date": "2015-07-31", 
        "operating_revenue": 5136458, 
        "short_term_average": 5120089
    }, 
    {
        "accumulated_operating_revenue_yoy": 15.548832881531304, 
        "accumulated_operating_revenue": 41115814, 
        "long_term_average": 5462351, 
        "date": "2015-08-31", 
        "operating_revenue": 5322915, 
        "short_term_average": 5193610
    }
]