[
    {
        "date": "2011-09-30", 
        "operating_revenue": 161059, 
        "accumulated_operating_revenue": 161059, 
        "long_term_average": 161059, 
        "short_term_average": 161059
    }, 
    {
        "date": "2011-10-31", 
        "operating_revenue": 76472, 
        "accumulated_operating_revenue": 237531, 
        "long_term_average": 118765, 
        "short_term_average": 118765
    }, 
    {
        "date": "2011-11-30", 
        "operating_revenue": 142406, 
        "accumulated_operating_revenue": 379937, 
        "long_term_average": 126645, 
        "short_term_average": 126645
    }, 
    {
        "date": "2011-12-31", 
        "operating_revenue": 215024, 
        "accumulated_operating_revenue": 594961, 
        "long_term_average": 148740, 
        "short_term_average": 144634
    }, 
    {
        "date": "2012-01-31", 
        "operating_revenue": 130988, 
        "accumulated_operating_revenue": 130988, 
        "long_term_average": 145189, 
        "short_term_average": 162806
    }, 
    {
        "date": "2012-02-29", 
        "operating_revenue": 170304, 
        "accumulated_operating_revenue": 301292, 
        "long_term_average": 149375, 
        "short_term_average": 172105
    }, 
    {
        "date": "2012-03-31", 
        "operating_revenue": 184423, 
        "accumulated_operating_revenue": 485715, 
        "long_term_average": 154382, 
        "short_term_average": 161905
    }, 
    {
        "date": "2012-04-30", 
        "operating_revenue": 119885, 
        "accumulated_operating_revenue": 605600, 
        "long_term_average": 150070, 
        "short_term_average": 158204
    }, 
    {
        "date": "2012-05-31", 
        "operating_revenue": 128000, 
        "accumulated_operating_revenue": 733600, 
        "long_term_average": 147617, 
        "short_term_average": 144102
    }, 
    {
        "date": "2012-06-30", 
        "operating_revenue": 165401, 
        "accumulated_operating_revenue": 899001, 
        "long_term_average": 149396, 
        "short_term_average": 137762
    }, 
    {
        "date": "2012-07-31", 
        "operating_revenue": 148118, 
        "accumulated_operating_revenue": 1047119, 
        "long_term_average": 149280, 
        "short_term_average": 147173
    }, 
    {
        "date": "2012-08-31", 
        "operating_revenue": 102273, 
        "accumulated_operating_revenue": 1149392, 
        "long_term_average": 145362, 
        "short_term_average": 138597
    }, 
    {
        "accumulated_operating_revenue_yoy": 676.5812528328129, 
        "accumulated_operating_revenue": 1250754, 
        "long_term_average": 140388, 
        "date": "2012-09-30", 
        "operating_revenue": 101362, 
        "short_term_average": 117251
    }, 
    {
        "accumulated_operating_revenue_yoy": 494.2529606661867, 
        "accumulated_operating_revenue": 1411535, 
        "long_term_average": 147413, 
        "date": "2012-10-31", 
        "operating_revenue": 160781, 
        "short_term_average": 121472
    }, 
    {
        "accumulated_operating_revenue_yoy": 303.5229524894917, 
        "accumulated_operating_revenue": 1533133, 
        "long_term_average": 145679, 
        "date": "2012-11-30", 
        "operating_revenue": 121598, 
        "short_term_average": 127913
    }, 
    {
        "accumulated_operating_revenue_yoy": 213.51315464374974, 
        "accumulated_operating_revenue": 1865281, 
        "long_term_average": 155440, 
        "date": "2012-12-31", 
        "operating_revenue": 332148, 
        "short_term_average": 204842
    }, 
    {
        "accumulated_operating_revenue_yoy": 37.29578281980029, 
        "accumulated_operating_revenue": 179841, 
        "long_term_average": 159511, 
        "date": "2013-01-31", 
        "operating_revenue": 179841, 
        "short_term_average": 211195
    }, 
    {
        "accumulated_operating_revenue_yoy": -3.8162314299749083, 
        "accumulated_operating_revenue": 289794, 
        "long_term_average": 154481, 
        "date": "2013-02-28", 
        "operating_revenue": 109953, 
        "short_term_average": 207314
    }, 
    {
        "accumulated_operating_revenue_yoy": -10.751366542108027, 
        "accumulated_operating_revenue": 433494, 
        "long_term_average": 151088, 
        "date": "2013-03-31", 
        "operating_revenue": 143700, 
        "short_term_average": 144498
    }, 
    {
        "accumulated_operating_revenue_yoy": -0.3347093791281374, 
        "accumulated_operating_revenue": 603573, 
        "long_term_average": 155271, 
        "date": "2013-04-30", 
        "operating_revenue": 170079, 
        "short_term_average": 141244
    }, 
    {
        "accumulated_operating_revenue_yoy": 1.037486368593239, 
        "accumulated_operating_revenue": 741211, 
        "long_term_average": 156074, 
        "date": "2013-05-31", 
        "operating_revenue": 137638, 
        "short_term_average": 150472
    }, 
    {
        "accumulated_operating_revenue_yoy": -0.054060006607334135, 
        "accumulated_operating_revenue": 898515, 
        "long_term_average": 155399, 
        "date": "2013-06-30", 
        "operating_revenue": 157304, 
        "short_term_average": 155007
    }, 
    {
        "accumulated_operating_revenue_yoy": 0.8319971273561075, 
        "accumulated_operating_revenue": 1055831, 
        "long_term_average": 156166, 
        "date": "2013-07-31", 
        "operating_revenue": 157316, 
        "short_term_average": 150752
    }, 
    {
        "accumulated_operating_revenue_yoy": 2.2611084817016303, 
        "accumulated_operating_revenue": 1175381, 
        "long_term_average": 157605, 
        "date": "2013-08-31", 
        "operating_revenue": 119550, 
        "short_term_average": 144723
    }, 
    {
        "accumulated_operating_revenue_yoy": 1.7499844094042472, 
        "accumulated_operating_revenue": 1272642, 
        "long_term_average": 157264, 
        "date": "2013-09-30", 
        "operating_revenue": 97261, 
        "short_term_average": 124709
    }, 
    {
        "accumulated_operating_revenue_yoy": 0.9760296414895839, 
        "accumulated_operating_revenue": 1425312, 
        "long_term_average": 156588, 
        "date": "2013-10-31", 
        "operating_revenue": 152670, 
        "short_term_average": 123160
    }, 
    {
        "accumulated_operating_revenue_yoy": 5.970975773139055, 
        "accumulated_operating_revenue": 1624676, 
        "long_term_average": 163068, 
        "date": "2013-11-30", 
        "operating_revenue": 199364, 
        "short_term_average": 149765
    }, 
    {
        "accumulated_operating_revenue_yoy": -5.494239205781863, 
        "accumulated_operating_revenue": 1762798, 
        "long_term_average": 146899, 
        "date": "2013-12-31", 
        "operating_revenue": 138122, 
        "short_term_average": 163385
    }, 
    {
        "accumulated_operating_revenue_yoy": -21.84040346750741, 
        "accumulated_operating_revenue": 140563, 
        "long_term_average": 143626, 
        "date": "2014-01-31", 
        "operating_revenue": 140563, 
        "short_term_average": 159349
    }, 
    {
        "accumulated_operating_revenue_yoy": -16.959633394756274, 
        "accumulated_operating_revenue": 240646, 
        "long_term_average": 142804, 
        "date": "2014-02-28", 
        "operating_revenue": 100083, 
        "short_term_average": 126256
    }, 
    {
        "accumulated_operating_revenue_yoy": -17.167250296428556, 
        "accumulated_operating_revenue": 359075, 
        "long_term_average": 140698, 
        "date": "2014-03-31", 
        "operating_revenue": 118429, 
        "short_term_average": 119691
    }, 
    {
        "accumulated_operating_revenue_yoy": -25.937541937760635, 
        "accumulated_operating_revenue": 447021, 
        "long_term_average": 133853, 
        "date": "2014-04-30", 
        "operating_revenue": 87946, 
        "short_term_average": 102152
    }, 
    {
        "accumulated_operating_revenue_yoy": -15.256789227359011, 
        "accumulated_operating_revenue": 628126, 
        "long_term_average": 137476, 
        "date": "2014-05-31", 
        "operating_revenue": 181105, 
        "short_term_average": 129160
    }, 
    {
        "accumulated_operating_revenue_yoy": -17.443670945949705, 
        "accumulated_operating_revenue": 741781, 
        "long_term_average": 133838, 
        "date": "2014-06-30", 
        "operating_revenue": 113655, 
        "short_term_average": 127568
    }, 
    {
        "accumulated_operating_revenue_yoy": -23.681536154933884, 
        "accumulated_operating_revenue": 805794, 
        "long_term_average": 126063, 
        "date": "2014-07-31", 
        "operating_revenue": 64013, 
        "short_term_average": 119591
    }, 
    {
        "accumulated_operating_revenue_yoy": -26.10055803182117, 
        "accumulated_operating_revenue": 868600, 
        "long_term_average": 121334, 
        "date": "2014-08-31", 
        "operating_revenue": 62806, 
        "short_term_average": 80158
    }, 
    {
        "accumulated_operating_revenue_yoy": -24.26927604149478, 
        "accumulated_operating_revenue": 963781, 
        "long_term_average": 121161, 
        "date": "2014-09-30", 
        "operating_revenue": 95181, 
        "short_term_average": 74000
    }, 
    {
        "accumulated_operating_revenue_yoy": -26.806762308883954, 
        "accumulated_operating_revenue": 1043232, 
        "long_term_average": 115059, 
        "date": "2014-10-31", 
        "operating_revenue": 79451, 
        "short_term_average": 79146
    }, 
    {
        "accumulated_operating_revenue_yoy": -31.845672614108906, 
        "accumulated_operating_revenue": 1107287, 
        "long_term_average": 103784, 
        "date": "2014-11-30", 
        "operating_revenue": 64055, 
        "short_term_average": 79562
    }, 
    {
        "accumulated_operating_revenue_yoy": -33.2039178623983, 
        "accumulated_operating_revenue": 1177480, 
        "long_term_average": 98123, 
        "date": "2014-12-31", 
        "operating_revenue": 70193, 
        "short_term_average": 71233
    }, 
    {
        "accumulated_operating_revenue_yoy": -47.893115542496965, 
        "accumulated_operating_revenue": 73243, 
        "long_term_average": 92513, 
        "date": "2015-01-31", 
        "operating_revenue": 73243, 
        "short_term_average": 69163
    }, 
    {
        "accumulated_operating_revenue_yoy": -4.751377542115804, 
        "accumulated_operating_revenue": 229212, 
        "long_term_average": 97170, 
        "date": "2015-02-28", 
        "operating_revenue": 155969, 
        "short_term_average": 99801
    }, 
    {
        "accumulated_operating_revenue_yoy": -20.976397688505184, 
        "accumulated_operating_revenue": 283754, 
        "long_term_average": 91846, 
        "date": "2015-03-31", 
        "operating_revenue": 54542, 
        "short_term_average": 94584
    }, 
    {
        "accumulated_operating_revenue_yoy": -20.318955932719042, 
        "accumulated_operating_revenue": 356191, 
        "long_term_average": 90554, 
        "date": "2015-04-30", 
        "operating_revenue": 72437, 
        "short_term_average": 94316
    }, 
    {
        "accumulated_operating_revenue_yoy": -31.24627861288977, 
        "accumulated_operating_revenue": 431860, 
        "long_term_average": 81767, 
        "date": "2015-05-31", 
        "operating_revenue": 75669, 
        "short_term_average": 67549
    }, 
    {
        "accumulated_operating_revenue_yoy": -29.00101242819646, 
        "accumulated_operating_revenue": 526657, 
        "long_term_average": 80196, 
        "date": "2015-06-30", 
        "operating_revenue": 94797, 
        "short_term_average": 80967
    }, 
    {
        "accumulated_operating_revenue_yoy": -25.35362636107988, 
        "accumulated_operating_revenue": 601496, 
        "long_term_average": 81098, 
        "date": "2015-07-31", 
        "operating_revenue": 74839, 
        "short_term_average": 81768
    }, 
    {
        "accumulated_operating_revenue_yoy": -20.805088648399725, 
        "accumulated_operating_revenue": 687887, 
        "long_term_average": 83063, 
        "date": "2015-08-31", 
        "operating_revenue": 86391, 
        "short_term_average": 85342
    }
]