[
    {
        "date": "2011-09-30", 
        "operating_revenue": 327325, 
        "accumulated_operating_revenue": 327325, 
        "long_term_average": 327325, 
        "short_term_average": 327325
    }, 
    {
        "date": "2011-10-31", 
        "operating_revenue": 312783, 
        "accumulated_operating_revenue": 640108, 
        "long_term_average": 320054, 
        "short_term_average": 320054
    }, 
    {
        "date": "2011-11-30", 
        "operating_revenue": 311008, 
        "accumulated_operating_revenue": 951116, 
        "long_term_average": 317038, 
        "short_term_average": 317038
    }, 
    {
        "date": "2011-12-31", 
        "operating_revenue": 372736, 
        "accumulated_operating_revenue": 1323852, 
        "long_term_average": 330963, 
        "short_term_average": 332175
    }, 
    {
        "date": "2012-01-31", 
        "operating_revenue": 211517, 
        "accumulated_operating_revenue": 211517, 
        "long_term_average": 307073, 
        "short_term_average": 298420
    }, 
    {
        "date": "2012-02-29", 
        "operating_revenue": 258596, 
        "accumulated_operating_revenue": 470113, 
        "long_term_average": 298994, 
        "short_term_average": 280949
    }, 
    {
        "date": "2012-03-31", 
        "operating_revenue": 300401, 
        "accumulated_operating_revenue": 770514, 
        "long_term_average": 299195, 
        "short_term_average": 256838
    }, 
    {
        "date": "2012-04-30", 
        "operating_revenue": 298533, 
        "accumulated_operating_revenue": 1069047, 
        "long_term_average": 299112, 
        "short_term_average": 285843
    }, 
    {
        "date": "2012-05-31", 
        "operating_revenue": 373300, 
        "accumulated_operating_revenue": 1442347, 
        "long_term_average": 307355, 
        "short_term_average": 324078
    }, 
    {
        "date": "2012-06-30", 
        "operating_revenue": 293514, 
        "accumulated_operating_revenue": 1735861, 
        "long_term_average": 305971, 
        "short_term_average": 321782
    }, 
    {
        "date": "2012-07-31", 
        "operating_revenue": 289909, 
        "accumulated_operating_revenue": 2025770, 
        "long_term_average": 304511, 
        "short_term_average": 318907
    }, 
    {
        "date": "2012-08-31", 
        "operating_revenue": 362004, 
        "accumulated_operating_revenue": 2387774, 
        "long_term_average": 309302, 
        "short_term_average": 315142
    }, 
    {
        "accumulated_operating_revenue_yoy": 732.6430917284044, 
        "accumulated_operating_revenue": 2725449, 
        "long_term_average": 310164, 
        "date": "2012-09-30", 
        "operating_revenue": 337675, 
        "short_term_average": 329862
    }, 
    {
        "accumulated_operating_revenue_yoy": 367.67076805789026, 
        "accumulated_operating_revenue": 2993598, 
        "long_term_average": 306445, 
        "date": "2012-10-31", 
        "operating_revenue": 268149, 
        "short_term_average": 322609
    }, 
    {
        "accumulated_operating_revenue_yoy": 247.85399467572827, 
        "accumulated_operating_revenue": 3308495, 
        "long_term_average": 306769, 
        "date": "2012-11-30", 
        "operating_revenue": 314897, 
        "short_term_average": 306907
    }, 
    {
        "accumulated_operating_revenue_yoy": 178.38413961681516, 
        "accumulated_operating_revenue": 3685394, 
        "long_term_average": 307116, 
        "date": "2012-12-31", 
        "operating_revenue": 376899, 
        "short_term_average": 319981
    }, 
    {
        "accumulated_operating_revenue_yoy": 31.52276176382986, 
        "accumulated_operating_revenue": 278193, 
        "long_term_average": 312672, 
        "date": "2013-01-31", 
        "operating_revenue": 278193, 
        "short_term_average": 323329
    }, 
    {
        "accumulated_operating_revenue_yoy": -0.934243469123381, 
        "accumulated_operating_revenue": 465721, 
        "long_term_average": 306750, 
        "date": "2013-02-28", 
        "operating_revenue": 187528, 
        "short_term_average": 280873
    }, 
    {
        "accumulated_operating_revenue_yoy": 5.507103050690838, 
        "accumulated_operating_revenue": 812947, 
        "long_term_average": 310652, 
        "date": "2013-03-31", 
        "operating_revenue": 347226, 
        "short_term_average": 270982
    }, 
    {
        "accumulated_operating_revenue_yoy": -1.9529543602853756, 
        "accumulated_operating_revenue": 1048169, 
        "long_term_average": 305376, 
        "date": "2013-04-30", 
        "operating_revenue": 235222, 
        "short_term_average": 256658
    }, 
    {
        "accumulated_operating_revenue_yoy": -5.273141622646977, 
        "accumulated_operating_revenue": 1366290, 
        "long_term_average": 300778, 
        "date": "2013-05-31", 
        "operating_revenue": 318121, 
        "short_term_average": 300189
    }, 
    {
        "accumulated_operating_revenue_yoy": -5.582128983829927, 
        "accumulated_operating_revenue": 1638963, 
        "long_term_average": 299041, 
        "date": "2013-06-30", 
        "operating_revenue": 272673, 
        "short_term_average": 275338
    }, 
    {
        "accumulated_operating_revenue_yoy": -6.485336439970974, 
        "accumulated_operating_revenue": 1894392, 
        "long_term_average": 296168, 
        "date": "2013-07-31", 
        "operating_revenue": 255429, 
        "short_term_average": 282074
    }, 
    {
        "accumulated_operating_revenue_yoy": -9.491559921500109, 
        "accumulated_operating_revenue": 2161137, 
        "long_term_average": 288229, 
        "date": "2013-08-31", 
        "operating_revenue": 266745, 
        "short_term_average": 264949
    }, 
    {
        "accumulated_operating_revenue_yoy": -9.062873676961116, 
        "accumulated_operating_revenue": 2478445, 
        "long_term_average": 286532, 
        "date": "2013-09-30", 
        "operating_revenue": 317308, 
        "short_term_average": 279827
    }, 
    {
        "accumulated_operating_revenue_yoy": -7.9556774156049, 
        "accumulated_operating_revenue": 2755437, 
        "long_term_average": 287269, 
        "date": "2013-10-31", 
        "operating_revenue": 276992, 
        "short_term_average": 287015
    }, 
    {
        "accumulated_operating_revenue_yoy": -5.165339527489085, 
        "accumulated_operating_revenue": 3137600, 
        "long_term_average": 292874, 
        "date": "2013-11-30", 
        "operating_revenue": 382163, 
        "short_term_average": 325487
    }, 
    {
        "accumulated_operating_revenue_yoy": -3.7147452891061308, 
        "accumulated_operating_revenue": 3548491, 
        "long_term_average": 295707, 
        "date": "2013-12-31", 
        "operating_revenue": 410891, 
        "short_term_average": 356682
    }, 
    {
        "accumulated_operating_revenue_yoy": 19.888350893085015, 
        "accumulated_operating_revenue": 333521, 
        "long_term_average": 300318, 
        "date": "2014-01-31", 
        "operating_revenue": 333521, 
        "short_term_average": 375525
    }, 
    {
        "accumulated_operating_revenue_yoy": 40.75852280657303, 
        "accumulated_operating_revenue": 655542, 
        "long_term_average": 311526, 
        "date": "2014-02-28", 
        "operating_revenue": 322021, 
        "short_term_average": 355477
    }, 
    {
        "accumulated_operating_revenue_yoy": 19.353168164714305, 
        "accumulated_operating_revenue": 970278, 
        "long_term_average": 308818, 
        "date": "2014-03-31", 
        "operating_revenue": 314736, 
        "short_term_average": 323426
    }, 
    {
        "accumulated_operating_revenue_yoy": 24.11090196332843, 
        "accumulated_operating_revenue": 1300892, 
        "long_term_average": 316767, 
        "date": "2014-04-30", 
        "operating_revenue": 330614, 
        "short_term_average": 322457
    }, 
    {
        "accumulated_operating_revenue_yoy": 22.983188049389224, 
        "accumulated_operating_revenue": 1680307, 
        "long_term_average": 321875, 
        "date": "2014-05-31", 
        "operating_revenue": 379415, 
        "short_term_average": 341588
    }, 
    {
        "accumulated_operating_revenue_yoy": 21.992564810798047, 
        "accumulated_operating_revenue": 1999413, 
        "long_term_average": 325745, 
        "date": "2014-06-30", 
        "operating_revenue": 319106, 
        "short_term_average": 343045
    }, 
    {
        "accumulated_operating_revenue_yoy": 21.73979830995908, 
        "accumulated_operating_revenue": 2306229, 
        "long_term_average": 330027, 
        "date": "2014-07-31", 
        "operating_revenue": 306816, 
        "short_term_average": 335112
    }, 
    {
        "accumulated_operating_revenue_yoy": 20.245037681553736, 
        "accumulated_operating_revenue": 2598660, 
        "long_term_average": 332167, 
        "date": "2014-08-31", 
        "operating_revenue": 292431, 
        "short_term_average": 306117
    }, 
    {
        "accumulated_operating_revenue_yoy": 21.633968072723018, 
        "accumulated_operating_revenue": 3014631, 
        "long_term_average": 340389, 
        "date": "2014-09-30", 
        "operating_revenue": 415971, 
        "short_term_average": 338406
    }, 
    {
        "accumulated_operating_revenue_yoy": 23.020921908212742, 
        "accumulated_operating_revenue": 3389764, 
        "long_term_average": 348568, 
        "date": "2014-10-31", 
        "operating_revenue": 375133, 
        "short_term_average": 361178
    }, 
    {
        "accumulated_operating_revenue_yoy": 18.55357598164202, 
        "accumulated_operating_revenue": 3719737, 
        "long_term_average": 344219, 
        "date": "2014-11-30", 
        "operating_revenue": 329973, 
        "short_term_average": 373692
    }, 
    {
        "accumulated_operating_revenue_yoy": 14.971941594328406, 
        "accumulated_operating_revenue": 4079769, 
        "long_term_average": 339980, 
        "date": "2014-12-31", 
        "operating_revenue": 360032, 
        "short_term_average": 355046
    }, 
    {
        "accumulated_operating_revenue_yoy": -21.484104449195105, 
        "accumulated_operating_revenue": 261867, 
        "long_term_average": 334009, 
        "date": "2015-01-31", 
        "operating_revenue": 261867, 
        "short_term_average": 317290
    }, 
    {
        "accumulated_operating_revenue_yoy": -27.151425843042855, 
        "accumulated_operating_revenue": 477553, 
        "long_term_average": 325148, 
        "date": "2015-02-28", 
        "operating_revenue": 215686, 
        "short_term_average": 279195
    }, 
    {
        "accumulated_operating_revenue_yoy": -26.04026887139562, 
        "accumulated_operating_revenue": 717615, 
        "long_term_average": 318925, 
        "date": "2015-03-31", 
        "operating_revenue": 240062, 
        "short_term_average": 239205
    }, 
    {
        "accumulated_operating_revenue_yoy": -23.91958748305009, 
        "accumulated_operating_revenue": 989724, 
        "long_term_average": 314050, 
        "date": "2015-04-30", 
        "operating_revenue": 272109, 
        "short_term_average": 242619
    }, 
    {
        "accumulated_operating_revenue_yoy": -22.54659416404264, 
        "accumulated_operating_revenue": 1301455, 
        "long_term_average": 308409, 
        "date": "2015-05-31", 
        "operating_revenue": 311731, 
        "short_term_average": 274634
    }, 
    {
        "accumulated_operating_revenue_yoy": -16.431772725294874, 
        "accumulated_operating_revenue": 1670874, 
        "long_term_average": 312602, 
        "date": "2015-06-30", 
        "operating_revenue": 369419, 
        "short_term_average": 317753
    }, 
    {
        "accumulated_operating_revenue_yoy": -12.344307525401858, 
        "accumulated_operating_revenue": 2021541, 
        "long_term_average": 316256, 
        "date": "2015-07-31", 
        "operating_revenue": 350667, 
        "short_term_average": 343939
    }, 
    {
        "accumulated_operating_revenue_yoy": -10.088699560542741, 
        "accumulated_operating_revenue": 2336489, 
        "long_term_average": 318133, 
        "date": "2015-08-31", 
        "operating_revenue": 314948, 
        "short_term_average": 345011
    }, 
    {
        "accumulated_operating_revenue_yoy": -11.269903348038284, 
        "accumulated_operating_revenue": 2674885, 
        "long_term_average": 311668, 
        "date": "2015-09-30", 
        "operating_revenue": 338396, 
        "short_term_average": 334670
    }, 
    {
        "accumulated_operating_revenue_yoy": -11.483690310003883, 
        "accumulated_operating_revenue": 3000494, 
        "long_term_average": 307541, 
        "date": "2015-10-31", 
        "operating_revenue": 325609, 
        "short_term_average": 326317
    }
]