[
    {
        "date": "2011-09-30", 
        "operating_revenue": 165077, 
        "accumulated_operating_revenue": 165077, 
        "long_term_average": 165077, 
        "short_term_average": 165077
    }, 
    {
        "date": "2011-10-31", 
        "operating_revenue": 227498, 
        "accumulated_operating_revenue": 392575, 
        "long_term_average": 196287, 
        "short_term_average": 196287
    }, 
    {
        "date": "2011-11-30", 
        "operating_revenue": 160269, 
        "accumulated_operating_revenue": 552844, 
        "long_term_average": 184281, 
        "short_term_average": 184281
    }, 
    {
        "date": "2011-12-31", 
        "operating_revenue": 187494, 
        "accumulated_operating_revenue": 740338, 
        "long_term_average": 185084, 
        "short_term_average": 191753
    }, 
    {
        "date": "2012-01-31", 
        "operating_revenue": 135001, 
        "accumulated_operating_revenue": 135001, 
        "long_term_average": 175067, 
        "short_term_average": 160921
    }, 
    {
        "date": "2012-02-29", 
        "operating_revenue": 135485, 
        "accumulated_operating_revenue": 270486, 
        "long_term_average": 168470, 
        "short_term_average": 152660
    }, 
    {
        "date": "2012-03-31", 
        "operating_revenue": 180733, 
        "accumulated_operating_revenue": 451219, 
        "long_term_average": 170222, 
        "short_term_average": 150406
    }, 
    {
        "date": "2012-04-30", 
        "operating_revenue": 221107, 
        "accumulated_operating_revenue": 672326, 
        "long_term_average": 176583, 
        "short_term_average": 179108
    }, 
    {
        "date": "2012-05-31", 
        "operating_revenue": 212228, 
        "accumulated_operating_revenue": 884554, 
        "long_term_average": 180543, 
        "short_term_average": 204689
    }, 
    {
        "date": "2012-06-30", 
        "operating_revenue": 176895, 
        "accumulated_operating_revenue": 1061449, 
        "long_term_average": 180178, 
        "short_term_average": 203410
    }, 
    {
        "date": "2012-07-31", 
        "operating_revenue": 236201, 
        "accumulated_operating_revenue": 1297650, 
        "long_term_average": 185271, 
        "short_term_average": 208441
    }, 
    {
        "date": "2012-08-31", 
        "operating_revenue": 166832, 
        "accumulated_operating_revenue": 1464482, 
        "long_term_average": 183735, 
        "short_term_average": 193309
    }, 
    {
        "accumulated_operating_revenue_yoy": 884.2552263489159, 
        "accumulated_operating_revenue": 1624779, 
        "long_term_average": 183336, 
        "date": "2012-09-30", 
        "operating_revenue": 160297, 
        "short_term_average": 187776
    }, 
    {
        "accumulated_operating_revenue_yoy": 369.25861300388465, 
        "accumulated_operating_revenue": 1842192, 
        "long_term_average": 182496, 
        "date": "2012-10-31", 
        "operating_revenue": 217413, 
        "short_term_average": 181514
    }, 
    {
        "accumulated_operating_revenue_yoy": 269.2958592297285, 
        "accumulated_operating_revenue": 2041630, 
        "long_term_average": 185760, 
        "date": "2012-11-30", 
        "operating_revenue": 199438, 
        "short_term_average": 192382
    }, 
    {
        "accumulated_operating_revenue_yoy": 201.810659455546, 
        "accumulated_operating_revenue": 2234419, 
        "long_term_average": 186201, 
        "date": "2012-12-31", 
        "operating_revenue": 192789, 
        "short_term_average": 203213
    }, 
    {
        "accumulated_operating_revenue_yoy": 33.89011933244939, 
        "accumulated_operating_revenue": 180753, 
        "long_term_average": 190014, 
        "date": "2013-01-31", 
        "operating_revenue": 180753, 
        "short_term_average": 190993
    }, 
    {
        "accumulated_operating_revenue_yoy": -2.0171099428436223, 
        "accumulated_operating_revenue": 265030, 
        "long_term_average": 185746, 
        "date": "2013-02-28", 
        "operating_revenue": 84277, 
        "short_term_average": 152606
    }, 
    {
        "accumulated_operating_revenue_yoy": -12.578592656780854, 
        "accumulated_operating_revenue": 394462, 
        "long_term_average": 181471, 
        "date": "2013-03-31", 
        "operating_revenue": 129432, 
        "short_term_average": 131487
    }, 
    {
        "accumulated_operating_revenue_yoy": -13.957812132804623, 
        "accumulated_operating_revenue": 578484, 
        "long_term_average": 178381, 
        "date": "2013-04-30", 
        "operating_revenue": 184022, 
        "short_term_average": 132577
    }, 
    {
        "accumulated_operating_revenue_yoy": -10.915105239476617, 
        "accumulated_operating_revenue": 788004, 
        "long_term_average": 178155, 
        "date": "2013-05-31", 
        "operating_revenue": 209520, 
        "short_term_average": 174324
    }, 
    {
        "accumulated_operating_revenue_yoy": -10.555193890615564, 
        "accumulated_operating_revenue": 949411, 
        "long_term_average": 176865, 
        "date": "2013-06-30", 
        "operating_revenue": 161407, 
        "short_term_average": 184983
    }, 
    {
        "accumulated_operating_revenue_yoy": -8.976842754209532, 
        "accumulated_operating_revenue": 1181162, 
        "long_term_average": 176494, 
        "date": "2013-07-31", 
        "operating_revenue": 231751, 
        "short_term_average": 200892
    }, 
    {
        "accumulated_operating_revenue_yoy": -6.791070153132643, 
        "accumulated_operating_revenue": 1365028, 
        "long_term_average": 177913, 
        "date": "2013-08-31", 
        "operating_revenue": 183866, 
        "short_term_average": 192341
    }, 
    {
        "accumulated_operating_revenue_yoy": -6.062424489730604, 
        "accumulated_operating_revenue": 1526278, 
        "long_term_average": 177993, 
        "date": "2013-09-30", 
        "operating_revenue": 161250, 
        "short_term_average": 192289
    }, 
    {
        "accumulated_operating_revenue_yoy": -7.1170648879161345, 
        "accumulated_operating_revenue": 1711082, 
        "long_term_average": 175275, 
        "date": "2013-10-31", 
        "operating_revenue": 184804, 
        "short_term_average": 176640
    }, 
    {
        "accumulated_operating_revenue_yoy": -6.437895211179303, 
        "accumulated_operating_revenue": 1910192, 
        "long_term_average": 175248, 
        "date": "2013-11-30", 
        "operating_revenue": 199110, 
        "short_term_average": 181721
    }, 
    {
        "accumulated_operating_revenue_yoy": -5.27618141449746, 
        "accumulated_operating_revenue": 2116527, 
        "long_term_average": 176377, 
        "date": "2013-12-31", 
        "operating_revenue": 206335, 
        "short_term_average": 196749
    }, 
    {
        "accumulated_operating_revenue_yoy": -4.453038123848567, 
        "accumulated_operating_revenue": 172704, 
        "long_term_average": 175706, 
        "date": "2014-01-31", 
        "operating_revenue": 172704, 
        "short_term_average": 192716
    }, 
    {
        "accumulated_operating_revenue_yoy": 0.43693166811304385, 
        "accumulated_operating_revenue": 266188, 
        "long_term_average": 176473, 
        "date": "2014-02-28", 
        "operating_revenue": 93484, 
        "short_term_average": 157507
    }, 
    {
        "accumulated_operating_revenue_yoy": 7.613154118774432, 
        "accumulated_operating_revenue": 424493, 
        "long_term_average": 178879, 
        "date": "2014-03-31", 
        "operating_revenue": 158305, 
        "short_term_average": 141497
    }, 
    {
        "accumulated_operating_revenue_yoy": 10.897622060419994, 
        "accumulated_operating_revenue": 641525, 
        "long_term_average": 181630, 
        "date": "2014-04-30", 
        "operating_revenue": 217032, 
        "short_term_average": 156273
    }, 
    {
        "accumulated_operating_revenue_yoy": 2.4238455642357146, 
        "accumulated_operating_revenue": 807104, 
        "long_term_average": 177968, 
        "date": "2014-05-31", 
        "operating_revenue": 165579, 
        "short_term_average": 180305
    }, 
    {
        "accumulated_operating_revenue_yoy": -0.04813510692418774, 
        "accumulated_operating_revenue": 948954, 
        "long_term_average": 176339, 
        "date": "2014-06-30", 
        "operating_revenue": 141850, 
        "short_term_average": 174820
    }, 
    {
        "accumulated_operating_revenue_yoy": -5.02793012304832, 
        "accumulated_operating_revenue": 1121774, 
        "long_term_average": 171428, 
        "date": "2014-07-31", 
        "operating_revenue": 172820, 
        "short_term_average": 160083
    }, 
    {
        "accumulated_operating_revenue_yoy": -5.213885722490675, 
        "accumulated_operating_revenue": 1293857, 
        "long_term_average": 170446, 
        "date": "2014-08-31", 
        "operating_revenue": 172083, 
        "short_term_average": 162251
    }, 
    {
        "accumulated_operating_revenue_yoy": -4.8308368462364, 
        "accumulated_operating_revenue": 1452546, 
        "long_term_average": 170232, 
        "date": "2014-09-30", 
        "operating_revenue": 158689, 
        "short_term_average": 167864
    }, 
    {
        "accumulated_operating_revenue_yoy": -4.085660418378547, 
        "accumulated_operating_revenue": 1641173, 
        "long_term_average": 170551, 
        "date": "2014-10-31", 
        "operating_revenue": 188627, 
        "short_term_average": 173133
    }, 
    {
        "accumulated_operating_revenue_yoy": -3.0229421963865413, 
        "accumulated_operating_revenue": 1852448, 
        "long_term_average": 171565, 
        "date": "2014-11-30", 
        "operating_revenue": 211275, 
        "short_term_average": 186197
    }, 
    {
        "accumulated_operating_revenue_yoy": -3.3721752663679694, 
        "accumulated_operating_revenue": 2045154, 
        "long_term_average": 170429, 
        "date": "2014-12-31", 
        "operating_revenue": 192706, 
        "short_term_average": 197536
    }, 
    {
        "accumulated_operating_revenue_yoy": 13.032703353715029, 
        "accumulated_operating_revenue": 195212, 
        "long_term_average": 172305, 
        "date": "2015-01-31", 
        "operating_revenue": 195212, 
        "short_term_average": 199731
    }, 
    {
        "accumulated_operating_revenue_yoy": 4.423189625377553, 
        "accumulated_operating_revenue": 277962, 
        "long_term_average": 171410, 
        "date": "2015-02-28", 
        "operating_revenue": 82750, 
        "short_term_average": 156889
    }, 
    {
        "accumulated_operating_revenue_yoy": -4.356255580186246, 
        "accumulated_operating_revenue": 406001, 
        "long_term_average": 168888, 
        "date": "2015-03-31", 
        "operating_revenue": 128039, 
        "short_term_average": 135333
    }, 
    {
        "accumulated_operating_revenue_yoy": -13.668368341062312, 
        "accumulated_operating_revenue": 553839, 
        "long_term_average": 163122, 
        "date": "2015-04-30", 
        "operating_revenue": 147838, 
        "short_term_average": 119542
    }, 
    {
        "accumulated_operating_revenue_yoy": -17.232351716755215, 
        "accumulated_operating_revenue": 668021, 
        "long_term_average": 158839, 
        "date": "2015-05-31", 
        "operating_revenue": 114182, 
        "short_term_average": 130019
    }, 
    {
        "accumulated_operating_revenue_yoy": -17.821727923587442, 
        "accumulated_operating_revenue": 779834, 
        "long_term_average": 156336, 
        "date": "2015-06-30", 
        "operating_revenue": 111813, 
        "short_term_average": 124611
    }, 
    {
        "accumulated_operating_revenue_yoy": -17.556210074400013, 
        "accumulated_operating_revenue": 924833, 
        "long_term_average": 154017, 
        "date": "2015-07-31", 
        "operating_revenue": 144999, 
        "short_term_average": 123664
    }, 
    {
        "accumulated_operating_revenue_yoy": -15.95678656914945, 
        "accumulated_operating_revenue": 1087399, 
        "long_term_average": 153224, 
        "date": "2015-08-31", 
        "operating_revenue": 162566, 
        "short_term_average": 139792
    }, 
    {
        "accumulated_operating_revenue_yoy": -13.846859238881247, 
        "accumulated_operating_revenue": 1251414, 
        "long_term_average": 153668, 
        "date": "2015-09-30", 
        "operating_revenue": 164015, 
        "short_term_average": 157193
    }, 
    {
        "accumulated_operating_revenue_yoy": -12.644736417184538, 
        "accumulated_operating_revenue": 1433651, 
        "long_term_average": 153136, 
        "date": "2015-10-31", 
        "operating_revenue": 182237, 
        "short_term_average": 169606
    }
]