[
    {
        "date": "2011-09-30", 
        "operating_revenue": 660336, 
        "accumulated_operating_revenue": 660336, 
        "long_term_average": 660336, 
        "short_term_average": 660336
    }, 
    {
        "date": "2011-10-31", 
        "operating_revenue": 541130, 
        "accumulated_operating_revenue": 1201466, 
        "long_term_average": 600733, 
        "short_term_average": 600733
    }, 
    {
        "date": "2011-11-30", 
        "operating_revenue": 515665, 
        "accumulated_operating_revenue": 1717131, 
        "long_term_average": 572377, 
        "short_term_average": 572377
    }, 
    {
        "date": "2011-12-31", 
        "operating_revenue": 517545, 
        "accumulated_operating_revenue": 2234676, 
        "long_term_average": 558669, 
        "short_term_average": 524780
    }, 
    {
        "date": "2012-01-31", 
        "operating_revenue": 555653, 
        "accumulated_operating_revenue": 555653, 
        "long_term_average": 558065, 
        "short_term_average": 529621
    }, 
    {
        "date": "2012-02-29", 
        "operating_revenue": 595992, 
        "accumulated_operating_revenue": 1151645, 
        "long_term_average": 564386, 
        "short_term_average": 556396
    }, 
    {
        "date": "2012-03-31", 
        "operating_revenue": 727584, 
        "accumulated_operating_revenue": 1879229, 
        "long_term_average": 587700, 
        "short_term_average": 626409
    }, 
    {
        "date": "2012-04-30", 
        "operating_revenue": 628697, 
        "accumulated_operating_revenue": 2507926, 
        "long_term_average": 592825, 
        "short_term_average": 650757
    }, 
    {
        "date": "2012-05-31", 
        "operating_revenue": 737050, 
        "accumulated_operating_revenue": 3244976, 
        "long_term_average": 608850, 
        "short_term_average": 697777
    }, 
    {
        "date": "2012-06-30", 
        "operating_revenue": 632722, 
        "accumulated_operating_revenue": 3877698, 
        "long_term_average": 611237, 
        "short_term_average": 666156
    }, 
    {
        "date": "2012-07-31", 
        "operating_revenue": 649822, 
        "accumulated_operating_revenue": 4527520, 
        "long_term_average": 614745, 
        "short_term_average": 673198
    }, 
    {
        "date": "2012-08-31", 
        "operating_revenue": 678411, 
        "accumulated_operating_revenue": 5205931, 
        "long_term_average": 620050, 
        "short_term_average": 653651
    }, 
    {
        "accumulated_operating_revenue_yoy": 782.7845218191951, 
        "accumulated_operating_revenue": 5829344, 
        "long_term_average": 616973, 
        "date": "2012-09-30", 
        "operating_revenue": 623413, 
        "short_term_average": 650548
    }, 
    {
        "accumulated_operating_revenue_yoy": 431.02659584207964, 
        "accumulated_operating_revenue": 6380104, 
        "long_term_average": 617776, 
        "date": "2012-10-31", 
        "operating_revenue": 550760, 
        "short_term_average": 617528
    }, 
    {
        "accumulated_operating_revenue_yoy": 311.5962614384109, 
        "accumulated_operating_revenue": 7067647, 
        "long_term_average": 632099, 
        "date": "2012-11-30", 
        "operating_revenue": 687543, 
        "short_term_average": 620572
    }, 
    {
        "accumulated_operating_revenue_yoy": 241.5755125127759, 
        "accumulated_operating_revenue": 7633106, 
        "long_term_average": 636092, 
        "date": "2012-12-31", 
        "operating_revenue": 565459, 
        "short_term_average": 601254
    }, 
    {
        "accumulated_operating_revenue_yoy": -15.13192586020412, 
        "accumulated_operating_revenue": 471572, 
        "long_term_average": 629085, 
        "date": "2013-01-31", 
        "operating_revenue": 471572, 
        "short_term_average": 574858
    }, 
    {
        "accumulated_operating_revenue_yoy": -18.83115022424445, 
        "accumulated_operating_revenue": 934777, 
        "long_term_average": 618019, 
        "date": "2013-02-28", 
        "operating_revenue": 463205, 
        "short_term_average": 500078
    }, 
    {
        "accumulated_operating_revenue_yoy": -12.587768707273037, 
        "accumulated_operating_revenue": 1642676, 
        "long_term_average": 616379, 
        "date": "2013-03-31", 
        "operating_revenue": 707899, 
        "short_term_average": 547558
    }, 
    {
        "accumulated_operating_revenue_yoy": -6.996378681029664, 
        "accumulated_operating_revenue": 2332462, 
        "long_term_average": 621470, 
        "date": "2013-04-30", 
        "operating_revenue": 689786, 
        "short_term_average": 620296
    }, 
    {
        "accumulated_operating_revenue_yoy": -4.6348262668198466, 
        "accumulated_operating_revenue": 3094577, 
        "long_term_average": 623558, 
        "date": "2013-05-31", 
        "operating_revenue": 762115, 
        "short_term_average": 719933
    }, 
    {
        "accumulated_operating_revenue_yoy": 0.7722107291490982, 
        "accumulated_operating_revenue": 3907642, 
        "long_term_average": 638587, 
        "date": "2013-06-30", 
        "operating_revenue": 813065, 
        "short_term_average": 754988
    }, 
    {
        "accumulated_operating_revenue_yoy": 1.939803689437043, 
        "accumulated_operating_revenue": 4615345, 
        "long_term_average": 643410, 
        "date": "2013-07-31", 
        "operating_revenue": 707703, 
        "short_term_average": 760961
    }, 
    {
        "accumulated_operating_revenue_yoy": 0.1343275583176189, 
        "accumulated_operating_revenue": 5212924, 
        "long_term_average": 636674, 
        "date": "2013-08-31", 
        "operating_revenue": 597579, 
        "short_term_average": 706115
    }, 
    {
        "accumulated_operating_revenue_yoy": 0.33319358061558896, 
        "accumulated_operating_revenue": 5848767, 
        "long_term_average": 637710, 
        "date": "2013-09-30", 
        "operating_revenue": 635843, 
        "short_term_average": 647041
    }, 
    {
        "accumulated_operating_revenue_yoy": 2.62771578645113, 
        "accumulated_operating_revenue": 6547755, 
        "long_term_average": 650063, 
        "date": "2013-10-31", 
        "operating_revenue": 698988, 
        "short_term_average": 644136
    }, 
    {
        "accumulated_operating_revenue_yoy": 2.585117790970602, 
        "accumulated_operating_revenue": 7250354, 
        "long_term_average": 651317, 
        "date": "2013-11-30", 
        "operating_revenue": 702599, 
        "short_term_average": 679143
    }, 
    {
        "accumulated_operating_revenue_yoy": 4.492797558425102, 
        "accumulated_operating_revenue": 7976046, 
        "long_term_average": 664670, 
        "date": "2013-12-31", 
        "operating_revenue": 725692, 
        "short_term_average": 709093
    }, 
    {
        "accumulated_operating_revenue_yoy": 43.23899637807164, 
        "accumulated_operating_revenue": 675475, 
        "long_term_average": 681662, 
        "date": "2014-01-31", 
        "operating_revenue": 675475, 
        "short_term_average": 701255
    }, 
    {
        "accumulated_operating_revenue_yoy": 50.9630639179184, 
        "accumulated_operating_revenue": 1411168, 
        "long_term_average": 704369, 
        "date": "2014-02-28", 
        "operating_revenue": 735693, 
        "short_term_average": 712286
    }, 
    {
        "accumulated_operating_revenue_yoy": 38.174843974100796, 
        "accumulated_operating_revenue": 2269765, 
        "long_term_average": 716927, 
        "date": "2014-03-31", 
        "operating_revenue": 858597, 
        "short_term_average": 756588
    }, 
    {
        "accumulated_operating_revenue_yoy": 41.29674995776995, 
        "accumulated_operating_revenue": 3295693, 
        "long_term_average": 744939, 
        "date": "2014-04-30", 
        "operating_revenue": 1025928, 
        "short_term_average": 873406
    }, 
    {
        "accumulated_operating_revenue_yoy": 37.775437483055036, 
        "accumulated_operating_revenue": 4263567, 
        "long_term_average": 762086, 
        "date": "2014-05-31", 
        "operating_revenue": 967874, 
        "short_term_average": 950799
    }, 
    {
        "accumulated_operating_revenue_yoy": 33.20959289515263, 
        "accumulated_operating_revenue": 5205354, 
        "long_term_average": 772813, 
        "date": "2014-06-30", 
        "operating_revenue": 941787, 
        "short_term_average": 978529
    }, 
    {
        "accumulated_operating_revenue_yoy": 27.149888036538982, 
        "accumulated_operating_revenue": 5868406, 
        "long_term_average": 769092, 
        "date": "2014-07-31", 
        "operating_revenue": 663052, 
        "short_term_average": 857571
    }, 
    {
        "accumulated_operating_revenue_yoy": 27.132450041473845, 
        "accumulated_operating_revenue": 6627318, 
        "long_term_average": 782536, 
        "date": "2014-08-31", 
        "operating_revenue": 758912, 
        "short_term_average": 787917
    }, 
    {
        "accumulated_operating_revenue_yoy": 27.033749164567507, 
        "accumulated_operating_revenue": 7429908, 
        "long_term_average": 796432, 
        "date": "2014-09-30", 
        "operating_revenue": 802590, 
        "short_term_average": 741518
    }, 
    {
        "accumulated_operating_revenue_yoy": 26.058763652580158, 
        "accumulated_operating_revenue": 8254019, 
        "long_term_average": 806859, 
        "date": "2014-10-31", 
        "operating_revenue": 824111, 
        "short_term_average": 795204
    }, 
    {
        "accumulated_operating_revenue_yoy": 26.053555453981968, 
        "accumulated_operating_revenue": 9139329, 
        "long_term_average": 822085, 
        "date": "2014-11-30", 
        "operating_revenue": 885310, 
        "short_term_average": 837337
    }, 
    {
        "accumulated_operating_revenue_yoy": 28.67497253651747, 
        "accumulated_operating_revenue": 10263175, 
        "long_term_average": 855264, 
        "date": "2014-12-31", 
        "operating_revenue": 1123846, 
        "short_term_average": 944422
    }, 
    {
        "accumulated_operating_revenue_yoy": 31.529072134423924, 
        "accumulated_operating_revenue": 888446, 
        "long_term_average": 873012, 
        "date": "2015-01-31", 
        "operating_revenue": 888446, 
        "short_term_average": 965867
    }, 
    {
        "accumulated_operating_revenue_yoy": 18.135190140365996, 
        "accumulated_operating_revenue": 1667086, 
        "long_term_average": 876591, 
        "date": "2015-02-28", 
        "operating_revenue": 778640, 
        "short_term_average": 930310
    }, 
    {
        "accumulated_operating_revenue_yoy": 7.917515689950282, 
        "accumulated_operating_revenue": 2449474, 
        "long_term_average": 870240, 
        "date": "2015-03-31", 
        "operating_revenue": 782388, 
        "short_term_average": 816491
    }, 
    {
        "accumulated_operating_revenue_yoy": -0.3023643282308152, 
        "accumulated_operating_revenue": 3285728, 
        "long_term_average": 854434, 
        "date": "2015-04-30", 
        "operating_revenue": 836254, 
        "short_term_average": 799094
    }, 
    {
        "accumulated_operating_revenue_yoy": -6.479316497195893, 
        "accumulated_operating_revenue": 3987317, 
        "long_term_average": 832243, 
        "date": "2015-05-31", 
        "operating_revenue": 701589, 
        "short_term_average": 773410
    }, 
    {
        "accumulated_operating_revenue_yoy": -9.261137667101988, 
        "accumulated_operating_revenue": 4723279, 
        "long_term_average": 815091, 
        "date": "2015-06-30", 
        "operating_revenue": 735962, 
        "short_term_average": 757935
    }, 
    {
        "accumulated_operating_revenue_yoy": -6.948496746816768, 
        "accumulated_operating_revenue": 5460640, 
        "long_term_average": 821284, 
        "date": "2015-07-31", 
        "operating_revenue": 737361, 
        "short_term_average": 724970
    }, 
    {
        "accumulated_operating_revenue_yoy": -4.35597024316624, 
        "accumulated_operating_revenue": 6338634, 
        "long_term_average": 831207, 
        "date": "2015-08-31", 
        "operating_revenue": 877994, 
        "short_term_average": 783772
    }, 
    {
        "accumulated_operating_revenue_yoy": -0.2847006988511836, 
        "accumulated_operating_revenue": 7408755, 
        "long_term_average": 853501, 
        "date": "2015-09-30", 
        "operating_revenue": 1070121, 
        "short_term_average": 895158
    }
]