[
    {
        "date": "2011-09-30", 
        "operating_revenue": 356109, 
        "accumulated_operating_revenue": 356109, 
        "long_term_average": 356109, 
        "short_term_average": 356109
    }, 
    {
        "date": "2011-10-31", 
        "operating_revenue": 325249, 
        "accumulated_operating_revenue": 681358, 
        "long_term_average": 340679, 
        "short_term_average": 340679
    }, 
    {
        "date": "2011-11-30", 
        "operating_revenue": 426023, 
        "accumulated_operating_revenue": 1107381, 
        "long_term_average": 369127, 
        "short_term_average": 369127
    }, 
    {
        "date": "2011-12-31", 
        "operating_revenue": 407638, 
        "accumulated_operating_revenue": 1515019, 
        "long_term_average": 378754, 
        "short_term_average": 386303
    }, 
    {
        "date": "2012-01-31", 
        "operating_revenue": 310681, 
        "accumulated_operating_revenue": 310681, 
        "long_term_average": 365140, 
        "short_term_average": 381447
    }, 
    {
        "date": "2012-02-29", 
        "operating_revenue": 316134, 
        "accumulated_operating_revenue": 626815, 
        "long_term_average": 356972, 
        "short_term_average": 344817
    }, 
    {
        "date": "2012-03-31", 
        "operating_revenue": 387652, 
        "accumulated_operating_revenue": 1014467, 
        "long_term_average": 361355, 
        "short_term_average": 338155
    }, 
    {
        "date": "2012-04-30", 
        "operating_revenue": 392684, 
        "accumulated_operating_revenue": 1407151, 
        "long_term_average": 365271, 
        "short_term_average": 365490
    }, 
    {
        "date": "2012-05-31", 
        "operating_revenue": 435204, 
        "accumulated_operating_revenue": 1842355, 
        "long_term_average": 373041, 
        "short_term_average": 405180
    }, 
    {
        "date": "2012-06-30", 
        "operating_revenue": 352639, 
        "accumulated_operating_revenue": 2194994, 
        "long_term_average": 371001, 
        "short_term_average": 393509
    }, 
    {
        "date": "2012-07-31", 
        "operating_revenue": 364373, 
        "accumulated_operating_revenue": 2559367, 
        "long_term_average": 370398, 
        "short_term_average": 384072
    }, 
    {
        "date": "2012-08-31", 
        "operating_revenue": 419587, 
        "accumulated_operating_revenue": 2978954, 
        "long_term_average": 374497, 
        "short_term_average": 378866
    }, 
    {
        "accumulated_operating_revenue_yoy": 875.7318686132617, 
        "accumulated_operating_revenue": 3474669, 
        "long_term_average": 386131, 
        "date": "2012-09-30", 
        "operating_revenue": 495715, 
        "short_term_average": 426558
    }, 
    {
        "accumulated_operating_revenue_yoy": 468.307996677224, 
        "accumulated_operating_revenue": 3872212, 
        "long_term_average": 392156, 
        "date": "2012-10-31", 
        "operating_revenue": 397543, 
        "short_term_average": 437615
    }, 
    {
        "accumulated_operating_revenue_yoy": 287.64454149023686, 
        "accumulated_operating_revenue": 4292702, 
        "long_term_average": 391695, 
        "date": "2012-11-30", 
        "operating_revenue": 420490, 
        "short_term_average": 437916
    }, 
    {
        "accumulated_operating_revenue_yoy": 204.57241790366987, 
        "accumulated_operating_revenue": 4614330, 
        "long_term_average": 384527, 
        "date": "2012-12-31", 
        "operating_revenue": 321628, 
        "short_term_average": 379887
    }, 
    {
        "accumulated_operating_revenue_yoy": 20.519761427316123, 
        "accumulated_operating_revenue": 374432, 
        "long_term_average": 389840, 
        "date": "2013-01-31", 
        "operating_revenue": 374432, 
        "short_term_average": 372183
    }, 
    {
        "accumulated_operating_revenue_yoy": -8.411891866021074, 
        "accumulated_operating_revenue": 574088, 
        "long_term_average": 380133, 
        "date": "2013-02-28", 
        "operating_revenue": 199656, 
        "short_term_average": 298572
    }, 
    {
        "accumulated_operating_revenue_yoy": -14.966184212990663, 
        "accumulated_operating_revenue": 862640, 
        "long_term_average": 371875, 
        "date": "2013-03-31", 
        "operating_revenue": 288552, 
        "short_term_average": 287546
    }, 
    {
        "accumulated_operating_revenue_yoy": -18.626003890129773, 
        "accumulated_operating_revenue": 1145055, 
        "long_term_average": 362686, 
        "date": "2013-04-30", 
        "operating_revenue": 282415, 
        "short_term_average": 256874
    }, 
    {
        "accumulated_operating_revenue_yoy": -21.69489593482255, 
        "accumulated_operating_revenue": 1442658, 
        "long_term_average": 351219, 
        "date": "2013-05-31", 
        "operating_revenue": 297603, 
        "short_term_average": 289523
    }, 
    {
        "accumulated_operating_revenue_yoy": -19.86716136809486, 
        "accumulated_operating_revenue": 1758911, 
        "long_term_average": 348187, 
        "date": "2013-06-30", 
        "operating_revenue": 316253, 
        "short_term_average": 298757
    }, 
    {
        "accumulated_operating_revenue_yoy": -20.18827311596969, 
        "accumulated_operating_revenue": 2042675, 
        "long_term_average": 341469, 
        "date": "2013-07-31", 
        "operating_revenue": 283764, 
        "short_term_average": 299206
    }, 
    {
        "accumulated_operating_revenue_yoy": -21.269613428069047, 
        "accumulated_operating_revenue": 2345342, 
        "long_term_average": 331726, 
        "date": "2013-08-31", 
        "operating_revenue": 302667, 
        "short_term_average": 300894
    }, 
    {
        "accumulated_operating_revenue_yoy": -22.088722695600644, 
        "accumulated_operating_revenue": 2707159, 
        "long_term_average": 320568, 
        "date": "2013-09-30", 
        "operating_revenue": 361817, 
        "short_term_average": 316082
    }, 
    {
        "accumulated_operating_revenue_yoy": -21.556051166620012, 
        "accumulated_operating_revenue": 3037516, 
        "long_term_average": 314969, 
        "date": "2013-10-31", 
        "operating_revenue": 330357, 
        "short_term_average": 331613
    }, 
    {
        "accumulated_operating_revenue_yoy": -20.87351975515654, 
        "accumulated_operating_revenue": 3396664, 
        "long_term_average": 309857, 
        "date": "2013-11-30", 
        "operating_revenue": 359148, 
        "short_term_average": 350440
    }, 
    {
        "accumulated_operating_revenue_yoy": -18.60935390403374, 
        "accumulated_operating_revenue": 3755633, 
        "long_term_average": 312969, 
        "date": "2013-12-31", 
        "operating_revenue": 358969, 
        "short_term_average": 349491
    }, 
    {
        "accumulated_operating_revenue_yoy": -11.327824544910692, 
        "accumulated_operating_revenue": 332017, 
        "long_term_average": 309434, 
        "date": "2014-01-31", 
        "operating_revenue": 332017, 
        "short_term_average": 350044
    }, 
    {
        "accumulated_operating_revenue_yoy": -3.3224871448279707, 
        "accumulated_operating_revenue": 555014, 
        "long_term_average": 311379, 
        "date": "2014-02-28", 
        "operating_revenue": 222997, 
        "short_term_average": 304661
    }, 
    {
        "accumulated_operating_revenue_yoy": 0.34382824816841323, 
        "accumulated_operating_revenue": 865606, 
        "long_term_average": 313216, 
        "date": "2014-03-31", 
        "operating_revenue": 310592, 
        "short_term_average": 288535
    }, 
    {
        "accumulated_operating_revenue_yoy": 3.5183462803096797, 
        "accumulated_operating_revenue": 1185342, 
        "long_term_average": 316326, 
        "date": "2014-04-30", 
        "operating_revenue": 319736, 
        "short_term_average": 284441
    }, 
    {
        "accumulated_operating_revenue_yoy": 5.29633495949837, 
        "accumulated_operating_revenue": 1519066, 
        "long_term_average": 319336, 
        "date": "2014-05-31", 
        "operating_revenue": 333724, 
        "short_term_average": 321350
    }, 
    {
        "accumulated_operating_revenue_yoy": 3.240129830332518, 
        "accumulated_operating_revenue": 1815902, 
        "long_term_average": 317718, 
        "date": "2014-06-30", 
        "operating_revenue": 296836, 
        "short_term_average": 316765
    }, 
    {
        "accumulated_operating_revenue_yoy": 3.369111581627033, 
        "accumulated_operating_revenue": 2111495, 
        "long_term_average": 318704, 
        "date": "2014-07-31", 
        "operating_revenue": 295593, 
        "short_term_average": 308717
    }, 
    {
        "accumulated_operating_revenue_yoy": 3.1856334811724687, 
        "accumulated_operating_revenue": 2420056, 
        "long_term_average": 319195, 
        "date": "2014-08-31", 
        "operating_revenue": 308561, 
        "short_term_average": 300330
    }, 
    {
        "accumulated_operating_revenue_yoy": 1.1591118216551004, 
        "accumulated_operating_revenue": 2738538, 
        "long_term_average": 315584, 
        "date": "2014-09-30", 
        "operating_revenue": 318482, 
        "short_term_average": 307545
    }, 
    {
        "accumulated_operating_revenue_yoy": -0.5391905754570511, 
        "accumulated_operating_revenue": 3021138, 
        "long_term_average": 311604, 
        "date": "2014-10-31", 
        "operating_revenue": 282600, 
        "short_term_average": 303214
    }, 
    {
        "accumulated_operating_revenue_yoy": -2.4042118973204296, 
        "accumulated_operating_revenue": 3315001, 
        "long_term_average": 306164, 
        "date": "2014-11-30", 
        "operating_revenue": 293863, 
        "short_term_average": 298315
    }, 
    {
        "accumulated_operating_revenue_yoy": -4.391217139693895, 
        "accumulated_operating_revenue": 3590715, 
        "long_term_average": 299226, 
        "date": "2014-12-31", 
        "operating_revenue": 275714, 
        "short_term_average": 284059
    }, 
    {
        "accumulated_operating_revenue_yoy": -21.15192896749263, 
        "accumulated_operating_revenue": 261789, 
        "long_term_average": 293373, 
        "date": "2015-01-31", 
        "operating_revenue": 261789, 
        "short_term_average": 277122
    }, 
    {
        "accumulated_operating_revenue_yoy": -19.611217014345584, 
        "accumulated_operating_revenue": 446169, 
        "long_term_average": 290155, 
        "date": "2015-02-28", 
        "operating_revenue": 184380, 
        "short_term_average": 240627
    }, 
    {
        "accumulated_operating_revenue_yoy": -20.18585823111208, 
        "accumulated_operating_revenue": 690876, 
        "long_term_average": 284665, 
        "date": "2015-03-31", 
        "operating_revenue": 244707, 
        "short_term_average": 230292
    }, 
    {
        "accumulated_operating_revenue_yoy": -23.043138604723364, 
        "accumulated_operating_revenue": 912202, 
        "long_term_average": 276464, 
        "date": "2015-04-30", 
        "operating_revenue": 221326, 
        "short_term_average": 216804
    }, 
    {
        "accumulated_operating_revenue_yoy": -24.46720550654152, 
        "accumulated_operating_revenue": 1147393, 
        "long_term_average": 268253, 
        "date": "2015-05-31", 
        "operating_revenue": 235191, 
        "short_term_average": 233741
    }, 
    {
        "accumulated_operating_revenue_yoy": -24.445372052016022, 
        "accumulated_operating_revenue": 1371998, 
        "long_term_average": 262234, 
        "date": "2015-06-30", 
        "operating_revenue": 224605, 
        "short_term_average": 227040
    }, 
    {
        "accumulated_operating_revenue_yoy": -24.229657186022227, 
        "accumulated_operating_revenue": 1599887, 
        "long_term_average": 256592, 
        "date": "2015-07-31", 
        "operating_revenue": 227889, 
        "short_term_average": 229228
    }, 
    {
        "accumulated_operating_revenue_yoy": -23.772507743622462, 
        "accumulated_operating_revenue": 1844748, 
        "long_term_average": 251283, 
        "date": "2015-08-31", 
        "operating_revenue": 244861, 
        "short_term_average": 232451
    }
]