[
    {
        "date": "2011-09-30", 
        "operating_revenue": 52641, 
        "accumulated_operating_revenue": 52641, 
        "long_term_average": 52641, 
        "short_term_average": 52641
    }, 
    {
        "date": "2011-10-31", 
        "operating_revenue": 56320, 
        "accumulated_operating_revenue": 108961, 
        "long_term_average": 54480, 
        "short_term_average": 54480
    }, 
    {
        "date": "2011-11-30", 
        "operating_revenue": 59240, 
        "accumulated_operating_revenue": 168201, 
        "long_term_average": 56067, 
        "short_term_average": 56067
    }, 
    {
        "date": "2011-12-31", 
        "operating_revenue": 56632, 
        "accumulated_operating_revenue": 224833, 
        "long_term_average": 56208, 
        "short_term_average": 57397
    }, 
    {
        "date": "2012-01-31", 
        "operating_revenue": 50972, 
        "accumulated_operating_revenue": 50972, 
        "long_term_average": 55161, 
        "short_term_average": 55614
    }, 
    {
        "date": "2012-02-29", 
        "operating_revenue": 51156, 
        "accumulated_operating_revenue": 102128, 
        "long_term_average": 54493, 
        "short_term_average": 52920
    }, 
    {
        "date": "2012-03-31", 
        "operating_revenue": 68648, 
        "accumulated_operating_revenue": 170776, 
        "long_term_average": 56515, 
        "short_term_average": 56925
    }, 
    {
        "date": "2012-04-30", 
        "operating_revenue": 72379, 
        "accumulated_operating_revenue": 243155, 
        "long_term_average": 58498, 
        "short_term_average": 64061
    }, 
    {
        "date": "2012-05-31", 
        "operating_revenue": 69787, 
        "accumulated_operating_revenue": 312942, 
        "long_term_average": 59752, 
        "short_term_average": 70271
    }, 
    {
        "date": "2012-06-30", 
        "operating_revenue": 73006, 
        "accumulated_operating_revenue": 385948, 
        "long_term_average": 61078, 
        "short_term_average": 71724
    }, 
    {
        "date": "2012-07-31", 
        "operating_revenue": 71419, 
        "accumulated_operating_revenue": 457367, 
        "long_term_average": 62018, 
        "short_term_average": 71404
    }, 
    {
        "date": "2012-08-31", 
        "operating_revenue": 58704, 
        "accumulated_operating_revenue": 516071, 
        "long_term_average": 61742, 
        "short_term_average": 67709
    }, 
    {
        "accumulated_operating_revenue_yoy": 1005.9744305769268, 
        "accumulated_operating_revenue": 582196, 
        "long_term_average": 62865, 
        "date": "2012-09-30", 
        "operating_revenue": 66125, 
        "short_term_average": 65416
    }, 
    {
        "accumulated_operating_revenue_yoy": 494.77427703490235, 
        "accumulated_operating_revenue": 648072, 
        "long_term_average": 63662, 
        "date": "2012-10-31", 
        "operating_revenue": 65876, 
        "short_term_average": 63568
    }, 
    {
        "accumulated_operating_revenue_yoy": 320.80962657772545, 
        "accumulated_operating_revenue": 707806, 
        "long_term_average": 63703, 
        "date": "2012-11-30", 
        "operating_revenue": 59734, 
        "short_term_average": 63911
    }, 
    {
        "accumulated_operating_revenue_yoy": 241.553508604164, 
        "accumulated_operating_revenue": 767925, 
        "long_term_average": 63993, 
        "date": "2012-12-31", 
        "operating_revenue": 60119, 
        "short_term_average": 61909
    }, 
    {
        "accumulated_operating_revenue_yoy": 33.779329828140945, 
        "accumulated_operating_revenue": 68190, 
        "long_term_average": 65428, 
        "date": "2013-01-31", 
        "operating_revenue": 68190, 
        "short_term_average": 62681
    }, 
    {
        "accumulated_operating_revenue_yoy": 13.190310198966005, 
        "accumulated_operating_revenue": 115599, 
        "long_term_average": 65116, 
        "date": "2013-02-28", 
        "operating_revenue": 47409, 
        "short_term_average": 58572
    }, 
    {
        "accumulated_operating_revenue_yoy": 13.335597507846536, 
        "accumulated_operating_revenue": 193550, 
        "long_term_average": 65891, 
        "date": "2013-03-31", 
        "operating_revenue": 77951, 
        "short_term_average": 64516
    }, 
    {
        "accumulated_operating_revenue_yoy": 15.949497234274435, 
        "accumulated_operating_revenue": 281937, 
        "long_term_average": 67225, 
        "date": "2013-04-30", 
        "operating_revenue": 88387, 
        "short_term_average": 71249
    }, 
    {
        "accumulated_operating_revenue_yoy": 15.58595522492986, 
        "accumulated_operating_revenue": 361717, 
        "long_term_average": 68058, 
        "date": "2013-05-31", 
        "operating_revenue": 79780, 
        "short_term_average": 82039
    }, 
    {
        "accumulated_operating_revenue_yoy": 15.763263444816399, 
        "accumulated_operating_revenue": 446786, 
        "long_term_average": 69063, 
        "date": "2013-06-30", 
        "operating_revenue": 85069, 
        "short_term_average": 84412
    }, 
    {
        "accumulated_operating_revenue_yoy": 15.30302798409155, 
        "accumulated_operating_revenue": 527358, 
        "long_term_average": 69826, 
        "date": "2013-07-31", 
        "operating_revenue": 80572, 
        "short_term_average": 81807
    }, 
    {
        "accumulated_operating_revenue_yoy": 18.01438174204712, 
        "accumulated_operating_revenue": 609038, 
        "long_term_average": 71741, 
        "date": "2013-08-31", 
        "operating_revenue": 81680, 
        "short_term_average": 82440
    }, 
    {
        "accumulated_operating_revenue_yoy": 18.5552631759751, 
        "accumulated_operating_revenue": 690224, 
        "long_term_average": 72996, 
        "date": "2013-09-30", 
        "operating_revenue": 81186, 
        "short_term_average": 81146
    }, 
    {
        "accumulated_operating_revenue_yoy": 19.490426989593747, 
        "accumulated_operating_revenue": 774384, 
        "long_term_average": 74519, 
        "date": "2013-10-31", 
        "operating_revenue": 84160, 
        "short_term_average": 82342
    }, 
    {
        "accumulated_operating_revenue_yoy": 18.828605578364694, 
        "accumulated_operating_revenue": 841076, 
        "long_term_average": 75099, 
        "date": "2013-11-30", 
        "operating_revenue": 66692, 
        "short_term_average": 77346
    }, 
    {
        "accumulated_operating_revenue_yoy": 18.33890028323078, 
        "accumulated_operating_revenue": 908754, 
        "long_term_average": 75729, 
        "date": "2013-12-31", 
        "operating_revenue": 67678, 
        "short_term_average": 72843
    }, 
    {
        "accumulated_operating_revenue_yoy": 25.027130077724006, 
        "accumulated_operating_revenue": 85256, 
        "long_term_average": 77151, 
        "date": "2014-01-31", 
        "operating_revenue": 85256, 
        "short_term_average": 73208
    }, 
    {
        "accumulated_operating_revenue_yoy": 39.86453170010121, 
        "accumulated_operating_revenue": 161682, 
        "long_term_average": 79569, 
        "date": "2014-02-28", 
        "operating_revenue": 76426, 
        "short_term_average": 76453
    }, 
    {
        "accumulated_operating_revenue_yoy": 24.42056316197365, 
        "accumulated_operating_revenue": 240816, 
        "long_term_average": 79668, 
        "date": "2014-03-31", 
        "operating_revenue": 79134, 
        "short_term_average": 80272
    }, 
    {
        "accumulated_operating_revenue_yoy": 17.266268705420003, 
        "accumulated_operating_revenue": 330617, 
        "long_term_average": 79786, 
        "date": "2014-04-30", 
        "operating_revenue": 89801, 
        "short_term_average": 81787
    }, 
    {
        "accumulated_operating_revenue_yoy": 15.059010220697397, 
        "accumulated_operating_revenue": 416188, 
        "long_term_average": 80268, 
        "date": "2014-05-31", 
        "operating_revenue": 85571, 
        "short_term_average": 84835
    }, 
    {
        "accumulated_operating_revenue_yoy": 12.488305363194012, 
        "accumulated_operating_revenue": 502582, 
        "long_term_average": 80379, 
        "date": "2014-06-30", 
        "operating_revenue": 86394, 
        "short_term_average": 87255
    }, 
    {
        "accumulated_operating_revenue_yoy": 14.41260016914506, 
        "accumulated_operating_revenue": 603364, 
        "long_term_average": 82063, 
        "date": "2014-07-31", 
        "operating_revenue": 100782, 
        "short_term_average": 90915
    }, 
    {
        "accumulated_operating_revenue_yoy": 12.710865331884053, 
        "accumulated_operating_revenue": 686452, 
        "long_term_average": 82180, 
        "date": "2014-08-31", 
        "operating_revenue": 83088, 
        "short_term_average": 90088
    }, 
    {
        "accumulated_operating_revenue_yoy": 12.258918843737684, 
        "accumulated_operating_revenue": 774838, 
        "long_term_average": 82780, 
        "date": "2014-09-30", 
        "operating_revenue": 88386, 
        "short_term_average": 90752
    }, 
    {
        "accumulated_operating_revenue_yoy": 11.916181119444616, 
        "accumulated_operating_revenue": 866661, 
        "long_term_average": 83419, 
        "date": "2014-10-31", 
        "operating_revenue": 91823, 
        "short_term_average": 87765
    }, 
    {
        "accumulated_operating_revenue_yoy": 13.095487209241497, 
        "accumulated_operating_revenue": 951219, 
        "long_term_average": 84908, 
        "date": "2014-11-30", 
        "operating_revenue": 84558, 
        "short_term_average": 88255
    }, 
    {
        "accumulated_operating_revenue_yoy": 14.861117530156676, 
        "accumulated_operating_revenue": 1043805, 
        "long_term_average": 86983, 
        "date": "2014-12-31", 
        "operating_revenue": 92586, 
        "short_term_average": 89655
    }, 
    {
        "accumulated_operating_revenue_yoy": 4.185042694942291, 
        "accumulated_operating_revenue": 88824, 
        "long_term_average": 87281, 
        "date": "2015-01-31", 
        "operating_revenue": 88824, 
        "short_term_average": 88656
    }, 
    {
        "accumulated_operating_revenue_yoy": 8.808649076582427, 
        "accumulated_operating_revenue": 175924, 
        "long_term_average": 88170, 
        "date": "2015-02-28", 
        "operating_revenue": 87100, 
        "short_term_average": 89503
    }, 
    {
        "accumulated_operating_revenue_yoy": 16.15714902664275, 
        "accumulated_operating_revenue": 279725, 
        "long_term_average": 90226, 
        "date": "2015-03-31", 
        "operating_revenue": 103801, 
        "short_term_average": 93241
    }, 
    {
        "accumulated_operating_revenue_yoy": 10.491596015933844, 
        "accumulated_operating_revenue": 365304, 
        "long_term_average": 89874, 
        "date": "2015-04-30", 
        "operating_revenue": 85579, 
        "short_term_average": 92160
    }, 
    {
        "accumulated_operating_revenue_yoy": 10.803050544465483, 
        "accumulated_operating_revenue": 461149, 
        "long_term_average": 90730, 
        "date": "2015-05-31", 
        "operating_revenue": 95845, 
        "short_term_average": 95075
    }, 
    {
        "accumulated_operating_revenue_yoy": 10.159337182788082, 
        "accumulated_operating_revenue": 553641, 
        "long_term_average": 91238, 
        "date": "2015-06-30", 
        "operating_revenue": 92492, 
        "short_term_average": 91305
    }, 
    {
        "accumulated_operating_revenue_yoy": 6.011462400806146, 
        "accumulated_operating_revenue": 639635, 
        "long_term_average": 90006, 
        "date": "2015-07-31", 
        "operating_revenue": 85994, 
        "short_term_average": 91443
    }, 
    {
        "accumulated_operating_revenue_yoy": 4.946740631537238, 
        "accumulated_operating_revenue": 720409, 
        "long_term_average": 89813, 
        "date": "2015-08-31", 
        "operating_revenue": 80774, 
        "short_term_average": 86420
    }
]