[
    {
        "date": "2012-01-31", 
        "operating_revenue": 81525, 
        "accumulated_operating_revenue": 81525, 
        "long_term_average": 81525, 
        "short_term_average": 81525
    }, 
    {
        "date": "2012-02-29", 
        "operating_revenue": 110742, 
        "accumulated_operating_revenue": 192267, 
        "long_term_average": 96133, 
        "short_term_average": 96133
    }, 
    {
        "date": "2012-03-31", 
        "operating_revenue": 114089, 
        "accumulated_operating_revenue": 306356, 
        "long_term_average": 102118, 
        "short_term_average": 102118
    }, 
    {
        "date": "2012-04-30", 
        "operating_revenue": 112742, 
        "accumulated_operating_revenue": 419098, 
        "long_term_average": 104774, 
        "short_term_average": 112524
    }, 
    {
        "date": "2012-05-31", 
        "operating_revenue": 114374, 
        "accumulated_operating_revenue": 533472, 
        "long_term_average": 106694, 
        "short_term_average": 113735
    }, 
    {
        "date": "2012-06-30", 
        "operating_revenue": 110011, 
        "accumulated_operating_revenue": 643483, 
        "long_term_average": 107247, 
        "short_term_average": 112375
    }, 
    {
        "date": "2012-07-31", 
        "operating_revenue": 128635, 
        "accumulated_operating_revenue": 772118, 
        "long_term_average": 110302, 
        "short_term_average": 117673
    }, 
    {
        "date": "2012-08-31", 
        "operating_revenue": 124292, 
        "accumulated_operating_revenue": 896410, 
        "long_term_average": 112051, 
        "short_term_average": 120979
    }, 
    {
        "date": "2012-09-30", 
        "operating_revenue": 119173, 
        "accumulated_operating_revenue": 1015583, 
        "long_term_average": 112842, 
        "short_term_average": 124033
    }, 
    {
        "date": "2012-10-31", 
        "operating_revenue": 136477, 
        "accumulated_operating_revenue": 1152060, 
        "long_term_average": 115206, 
        "short_term_average": 126647
    }, 
    {
        "date": "2012-11-30", 
        "operating_revenue": 126675, 
        "accumulated_operating_revenue": 1278735, 
        "long_term_average": 116248, 
        "short_term_average": 127441
    }, 
    {
        "date": "2012-12-31", 
        "operating_revenue": 140748, 
        "accumulated_operating_revenue": 1419483, 
        "long_term_average": 118290, 
        "short_term_average": 134633
    }, 
    {
        "accumulated_operating_revenue_yoy": 78.78074210364919, 
        "accumulated_operating_revenue": 145751, 
        "long_term_average": 123642, 
        "date": "2013-01-31", 
        "operating_revenue": 145751, 
        "short_term_average": 137724
    }, 
    {
        "accumulated_operating_revenue_yoy": 30.675570950813192, 
        "accumulated_operating_revenue": 251246, 
        "long_term_average": 123205, 
        "date": "2013-02-28", 
        "operating_revenue": 105495, 
        "short_term_average": 130664
    }, 
    {
        "accumulated_operating_revenue_yoy": 30.835368003238063, 
        "accumulated_operating_revenue": 400822, 
        "long_term_average": 126162, 
        "date": "2013-03-31", 
        "operating_revenue": 149576, 
        "short_term_average": 133607
    }, 
    {
        "accumulated_operating_revenue_yoy": 31.29649867095524, 
        "accumulated_operating_revenue": 550261, 
        "long_term_average": 129220, 
        "date": "2013-04-30", 
        "operating_revenue": 149439, 
        "short_term_average": 134836
    }, 
    {
        "accumulated_operating_revenue_yoy": 28.38255803491092, 
        "accumulated_operating_revenue": 684885, 
        "long_term_average": 130908, 
        "date": "2013-05-31", 
        "operating_revenue": 134624, 
        "short_term_average": 144546
    }, 
    {
        "accumulated_operating_revenue_yoy": 29.402952370148082, 
        "accumulated_operating_revenue": 832686, 
        "long_term_average": 134057, 
        "date": "2013-06-30", 
        "operating_revenue": 147801, 
        "short_term_average": 143954
    }, 
    {
        "accumulated_operating_revenue_yoy": 27.795880940478007, 
        "accumulated_operating_revenue": 986735, 
        "long_term_average": 136175, 
        "date": "2013-07-31", 
        "operating_revenue": 154049, 
        "short_term_average": 145491
    }, 
    {
        "accumulated_operating_revenue_yoy": 25.81664640064256, 
        "accumulated_operating_revenue": 1127833, 
        "long_term_average": 137575, 
        "date": "2013-08-31", 
        "operating_revenue": 141098, 
        "short_term_average": 147649
    }, 
    {
        "accumulated_operating_revenue_yoy": 24.61955349784311, 
        "accumulated_operating_revenue": 1265615, 
        "long_term_average": 139126, 
        "date": "2013-09-30", 
        "operating_revenue": 137782, 
        "short_term_average": 144309
    }, 
    {
        "accumulated_operating_revenue_yoy": 22.786400013888166, 
        "accumulated_operating_revenue": 1414573, 
        "long_term_average": 140166, 
        "date": "2013-10-31", 
        "operating_revenue": 148958, 
        "short_term_average": 142612
    }, 
    {
        "accumulated_operating_revenue_yoy": 23.569543337751764, 
        "accumulated_operating_revenue": 1580127, 
        "long_term_average": 143406, 
        "date": "2013-11-30", 
        "operating_revenue": 165554, 
        "short_term_average": 150764
    }, 
    {
        "accumulated_operating_revenue_yoy": 21.56954327737634, 
        "accumulated_operating_revenue": 1725659, 
        "long_term_average": 143804, 
        "date": "2013-12-31", 
        "operating_revenue": 145532, 
        "short_term_average": 153348
    }, 
    {
        "accumulated_operating_revenue_yoy": 3.287799054551941, 
        "accumulated_operating_revenue": 150543, 
        "long_term_average": 144204, 
        "date": "2014-01-31", 
        "operating_revenue": 150543, 
        "short_term_average": 153876
    }, 
    {
        "accumulated_operating_revenue_yoy": 10.037174721189592, 
        "accumulated_operating_revenue": 276464, 
        "long_term_average": 145906, 
        "date": "2014-02-28", 
        "operating_revenue": 125921, 
        "short_term_average": 140665
    }, 
    {
        "accumulated_operating_revenue_yoy": 12.668216814446312, 
        "accumulated_operating_revenue": 451599, 
        "long_term_average": 148036, 
        "date": "2014-03-31", 
        "operating_revenue": 175135, 
        "short_term_average": 150533
    }, 
    {
        "accumulated_operating_revenue_yoy": 12.461359245885134, 
        "accumulated_operating_revenue": 618831, 
        "long_term_average": 149519, 
        "date": "2014-04-30", 
        "operating_revenue": 167232, 
        "short_term_average": 156096
    }, 
    {
        "accumulated_operating_revenue_yoy": 14.693123663096724, 
        "accumulated_operating_revenue": 785516, 
        "long_term_average": 152190, 
        "date": "2014-05-31", 
        "operating_revenue": 166685, 
        "short_term_average": 169684
    }, 
    {
        "accumulated_operating_revenue_yoy": 12.283982197370918, 
        "accumulated_operating_revenue": 934973, 
        "long_term_average": 152328, 
        "date": "2014-06-30", 
        "operating_revenue": 149457, 
        "short_term_average": 161124
    }, 
    {
        "accumulated_operating_revenue_yoy": 11.351578691340633, 
        "accumulated_operating_revenue": 1098745, 
        "long_term_average": 153139, 
        "date": "2014-07-31", 
        "operating_revenue": 163772, 
        "short_term_average": 159971
    }, 
    {
        "accumulated_operating_revenue_yoy": 9.913524431365282, 
        "accumulated_operating_revenue": 1239641, 
        "long_term_average": 153122, 
        "date": "2014-08-31", 
        "operating_revenue": 140896, 
        "short_term_average": 151375
    }, 
    {
        "accumulated_operating_revenue_yoy": 10.241898207590776, 
        "accumulated_operating_revenue": 1395238, 
        "long_term_average": 154606, 
        "date": "2014-09-30", 
        "operating_revenue": 155597, 
        "short_term_average": 153421
    }, 
    {
        "accumulated_operating_revenue_yoy": 8.852848173971934, 
        "accumulated_operating_revenue": 1539803, 
        "long_term_average": 154240, 
        "date": "2014-10-31", 
        "operating_revenue": 144565, 
        "short_term_average": 147019
    }, 
    {
        "accumulated_operating_revenue_yoy": 5.983253244834118, 
        "accumulated_operating_revenue": 1674670, 
        "long_term_average": 151683, 
        "date": "2014-11-30", 
        "operating_revenue": 134867, 
        "short_term_average": 145009
    }, 
    {
        "accumulated_operating_revenue_yoy": 7.614250555874596, 
        "accumulated_operating_revenue": 1857055, 
        "long_term_average": 154754, 
        "date": "2014-12-31", 
        "operating_revenue": 182385, 
        "short_term_average": 153939
    }, 
    {
        "accumulated_operating_revenue_yoy": 4.331652750376969, 
        "accumulated_operating_revenue": 157064, 
        "long_term_average": 155298, 
        "date": "2015-01-31", 
        "operating_revenue": 157064, 
        "short_term_average": 158105
    }, 
    {
        "accumulated_operating_revenue_yoy": 1.0323224723652988, 
        "accumulated_operating_revenue": 279318, 
        "long_term_average": 154992, 
        "date": "2015-02-28", 
        "operating_revenue": 122254, 
        "short_term_average": 153901
    }, 
    {
        "accumulated_operating_revenue_yoy": -0.9517292996662969, 
        "accumulated_operating_revenue": 447301, 
        "long_term_average": 154396, 
        "date": "2015-03-31", 
        "operating_revenue": 167983, 
        "short_term_average": 149100
    }, 
    {
        "accumulated_operating_revenue_yoy": 1.6020529029735098, 
        "accumulated_operating_revenue": 628745, 
        "long_term_average": 155580, 
        "date": "2015-04-30", 
        "operating_revenue": 181444, 
        "short_term_average": 157227
    }, 
    {
        "accumulated_operating_revenue_yoy": 1.5360603730541453, 
        "accumulated_operating_revenue": 797582, 
        "long_term_average": 155760, 
        "date": "2015-05-31", 
        "operating_revenue": 168837, 
        "short_term_average": 172754
    }, 
    {
        "accumulated_operating_revenue_yoy": 3.438388060403883, 
        "accumulated_operating_revenue": 967121, 
        "long_term_average": 157433, 
        "date": "2015-06-30", 
        "operating_revenue": 169539, 
        "short_term_average": 173273
    }, 
    {
        "accumulated_operating_revenue_yoy": 4.669418290868218, 
        "accumulated_operating_revenue": 1150050, 
        "long_term_average": 159030, 
        "date": "2015-07-31", 
        "operating_revenue": 182929, 
        "short_term_average": 173768
    }, 
    {
        "accumulated_operating_revenue_yoy": 4.276641382464762, 
        "accumulated_operating_revenue": 1292656, 
        "long_term_average": 159172, 
        "date": "2015-08-31", 
        "operating_revenue": 142606, 
        "short_term_average": 165024
    }, 
    {
        "accumulated_operating_revenue_yoy": 3.903491734026739, 
        "accumulated_operating_revenue": 1449701, 
        "long_term_average": 159293, 
        "date": "2015-09-30", 
        "operating_revenue": 157045, 
        "short_term_average": 160860
    }
]