[
    {
        "date": "2011-09-30", 
        "operating_revenue": 158816, 
        "accumulated_operating_revenue": 158816, 
        "long_term_average": 158816, 
        "short_term_average": 158816
    }, 
    {
        "date": "2011-10-31", 
        "operating_revenue": 155460, 
        "accumulated_operating_revenue": 314276, 
        "long_term_average": 157138, 
        "short_term_average": 157138
    }, 
    {
        "date": "2011-11-30", 
        "operating_revenue": 151284, 
        "accumulated_operating_revenue": 465560, 
        "long_term_average": 155186, 
        "short_term_average": 155186
    }, 
    {
        "date": "2011-12-31", 
        "operating_revenue": 134793, 
        "accumulated_operating_revenue": 600353, 
        "long_term_average": 150088, 
        "short_term_average": 147179
    }, 
    {
        "date": "2012-01-31", 
        "operating_revenue": 121400, 
        "accumulated_operating_revenue": 121400, 
        "long_term_average": 144350, 
        "short_term_average": 135825
    }, 
    {
        "date": "2012-02-29", 
        "operating_revenue": 134337, 
        "accumulated_operating_revenue": 255737, 
        "long_term_average": 142681, 
        "short_term_average": 130176
    }, 
    {
        "date": "2012-03-31", 
        "operating_revenue": 144710, 
        "accumulated_operating_revenue": 400447, 
        "long_term_average": 142971, 
        "short_term_average": 133482
    }, 
    {
        "date": "2012-04-30", 
        "operating_revenue": 140602, 
        "accumulated_operating_revenue": 541049, 
        "long_term_average": 142675, 
        "short_term_average": 139883
    }, 
    {
        "date": "2012-05-31", 
        "operating_revenue": 165186, 
        "accumulated_operating_revenue": 706235, 
        "long_term_average": 145176, 
        "short_term_average": 150166
    }, 
    {
        "date": "2012-06-30", 
        "operating_revenue": 163518, 
        "accumulated_operating_revenue": 869753, 
        "long_term_average": 147010, 
        "short_term_average": 156435
    }, 
    {
        "date": "2012-07-31", 
        "operating_revenue": 165104, 
        "accumulated_operating_revenue": 1034857, 
        "long_term_average": 148655, 
        "short_term_average": 164602
    }, 
    {
        "date": "2012-08-31", 
        "operating_revenue": 158219, 
        "accumulated_operating_revenue": 1193076, 
        "long_term_average": 149452, 
        "short_term_average": 162280
    }, 
    {
        "accumulated_operating_revenue_yoy": 737.4439603062664, 
        "accumulated_operating_revenue": 1329995, 
        "long_term_average": 147627, 
        "date": "2012-09-30", 
        "operating_revenue": 136919, 
        "short_term_average": 153414
    }, 
    {
        "accumulated_operating_revenue_yoy": 359.471929132355, 
        "accumulated_operating_revenue": 1444010, 
        "long_term_average": 144173, 
        "date": "2012-10-31", 
        "operating_revenue": 114015, 
        "short_term_average": 136384
    }, 
    {
        "accumulated_operating_revenue_yoy": 237.19670933929032, 
        "accumulated_operating_revenue": 1569853, 
        "long_term_average": 142053, 
        "date": "2012-11-30", 
        "operating_revenue": 125843, 
        "short_term_average": 125592
    }, 
    {
        "accumulated_operating_revenue_yoy": 182.94253547496223, 
        "accumulated_operating_revenue": 1698654, 
        "long_term_average": 141554, 
        "date": "2012-12-31", 
        "operating_revenue": 128801, 
        "short_term_average": 122886
    }, 
    {
        "accumulated_operating_revenue_yoy": -2.929159802306425, 
        "accumulated_operating_revenue": 117844, 
        "long_term_average": 141258, 
        "date": "2013-01-31", 
        "operating_revenue": 117844, 
        "short_term_average": 124162
    }, 
    {
        "accumulated_operating_revenue_yoy": -18.682474573487607, 
        "accumulated_operating_revenue": 207959, 
        "long_term_average": 137573, 
        "date": "2013-02-28", 
        "operating_revenue": 90115, 
        "short_term_average": 112253
    }, 
    {
        "accumulated_operating_revenue_yoy": -17.33462855259248, 
        "accumulated_operating_revenue": 331031, 
        "long_term_average": 135769, 
        "date": "2013-03-31", 
        "operating_revenue": 123072, 
        "short_term_average": 110343
    }, 
    {
        "accumulated_operating_revenue_yoy": -15.025810970910214, 
        "accumulated_operating_revenue": 459752, 
        "long_term_average": 134779, 
        "date": "2013-04-30", 
        "operating_revenue": 128721, 
        "short_term_average": 113969
    }, 
    {
        "accumulated_operating_revenue_yoy": -15.660651199671497, 
        "accumulated_operating_revenue": 595634, 
        "long_term_average": 132337, 
        "date": "2013-05-31", 
        "operating_revenue": 135882, 
        "short_term_average": 129225
    }, 
    {
        "accumulated_operating_revenue_yoy": -16.73049704916223, 
        "accumulated_operating_revenue": 724239, 
        "long_term_average": 129428, 
        "date": "2013-06-30", 
        "operating_revenue": 128605, 
        "short_term_average": 131069
    }, 
    {
        "accumulated_operating_revenue_yoy": -16.36544952587652, 
        "accumulated_operating_revenue": 865498, 
        "long_term_average": 127441, 
        "date": "2013-07-31", 
        "operating_revenue": 141259, 
        "short_term_average": 135248
    }, 
    {
        "accumulated_operating_revenue_yoy": -16.765654493091805, 
        "accumulated_operating_revenue": 993049, 
        "long_term_average": 124885, 
        "date": "2013-08-31", 
        "operating_revenue": 127551, 
        "short_term_average": 132471
    }, 
    {
        "accumulated_operating_revenue_yoy": -16.032992605235357, 
        "accumulated_operating_revenue": 1116757, 
        "long_term_average": 123784, 
        "date": "2013-09-30", 
        "operating_revenue": 123708, 
        "short_term_average": 130839
    }, 
    {
        "accumulated_operating_revenue_yoy": -14.147755209451457, 
        "accumulated_operating_revenue": 1239715, 
        "long_term_average": 124529, 
        "date": "2013-10-31", 
        "operating_revenue": 122958, 
        "short_term_average": 124739
    }, 
    {
        "accumulated_operating_revenue_yoy": -13.297168588396493, 
        "accumulated_operating_revenue": 1361107, 
        "long_term_average": 124159, 
        "date": "2013-11-30", 
        "operating_revenue": 121392, 
        "short_term_average": 122686
    }, 
    {
        "accumulated_operating_revenue_yoy": -12.219027535919617, 
        "accumulated_operating_revenue": 1491095, 
        "long_term_average": 124257, 
        "date": "2013-12-31", 
        "operating_revenue": 129988, 
        "short_term_average": 124779
    }, 
    {
        "accumulated_operating_revenue_yoy": 8.430637113472047, 
        "accumulated_operating_revenue": 127779, 
        "long_term_average": 125085, 
        "date": "2014-01-31", 
        "operating_revenue": 127779, 
        "short_term_average": 126386
    }, 
    {
        "accumulated_operating_revenue_yoy": 21.608586307877996, 
        "accumulated_operating_revenue": 252896, 
        "long_term_average": 128002, 
        "date": "2014-02-28", 
        "operating_revenue": 125117, 
        "short_term_average": 127628
    }, 
    {
        "accumulated_operating_revenue_yoy": 14.573559575991371, 
        "accumulated_operating_revenue": 379274, 
        "long_term_average": 128278, 
        "date": "2014-03-31", 
        "operating_revenue": 126378, 
        "short_term_average": 126424
    }, 
    {
        "accumulated_operating_revenue_yoy": 12.36470966956098, 
        "accumulated_operating_revenue": 516599, 
        "long_term_average": 128995, 
        "date": "2014-04-30", 
        "operating_revenue": 137325, 
        "short_term_average": 129606
    }, 
    {
        "accumulated_operating_revenue_yoy": 8.101283674202614, 
        "accumulated_operating_revenue": 643888, 
        "long_term_average": 128279, 
        "date": "2014-05-31", 
        "operating_revenue": 127289, 
        "short_term_average": 130330
    }, 
    {
        "accumulated_operating_revenue_yoy": 6.7196049922746495, 
        "accumulated_operating_revenue": 772905, 
        "long_term_average": 128313, 
        "date": "2014-06-30", 
        "operating_revenue": 129017, 
        "short_term_average": 131210
    }, 
    {
        "accumulated_operating_revenue_yoy": 5.443109053978172, 
        "accumulated_operating_revenue": 912608, 
        "long_term_average": 128183, 
        "date": "2014-07-31", 
        "operating_revenue": 139703, 
        "short_term_average": 132003
    }, 
    {
        "accumulated_operating_revenue_yoy": 5.24324580156669, 
        "accumulated_operating_revenue": 1045117, 
        "long_term_average": 128596, 
        "date": "2014-08-31", 
        "operating_revenue": 132509, 
        "short_term_average": 133743
    }, 
    {
        "accumulated_operating_revenue_yoy": 4.746153370876565, 
        "accumulated_operating_revenue": 1169760, 
        "long_term_average": 128674, 
        "date": "2014-09-30", 
        "operating_revenue": 124643, 
        "short_term_average": 132285
    }, 
    {
        "accumulated_operating_revenue_yoy": 5.1959522954872694, 
        "accumulated_operating_revenue": 1304130, 
        "long_term_average": 129625, 
        "date": "2014-10-31", 
        "operating_revenue": 134370, 
        "short_term_average": 130507
    }, 
    {
        "accumulated_operating_revenue_yoy": 3.834158519499202, 
        "accumulated_operating_revenue": 1413294, 
        "long_term_average": 128606, 
        "date": "2014-11-30", 
        "operating_revenue": 109164, 
        "short_term_average": 122725
    }, 
    {
        "accumulated_operating_revenue_yoy": 1.3652382980293005, 
        "accumulated_operating_revenue": 1511452, 
        "long_term_average": 125954, 
        "date": "2014-12-31", 
        "operating_revenue": 98158, 
        "short_term_average": 113897
    }, 
    {
        "accumulated_operating_revenue_yoy": -15.784283802502758, 
        "accumulated_operating_revenue": 107610, 
        "long_term_average": 124273, 
        "date": "2015-01-31", 
        "operating_revenue": 107610, 
        "short_term_average": 104977
    }, 
    {
        "accumulated_operating_revenue_yoy": -22.146257750221434, 
        "accumulated_operating_revenue": 196889, 
        "long_term_average": 121287, 
        "date": "2015-02-28", 
        "operating_revenue": 89279, 
        "short_term_average": 98349
    }, 
    {
        "accumulated_operating_revenue_yoy": -21.4298897367075, 
        "accumulated_operating_revenue": 297996, 
        "long_term_average": 119181, 
        "date": "2015-03-31", 
        "operating_revenue": 101107, 
        "short_term_average": 99332
    }, 
    {
        "accumulated_operating_revenue_yoy": -20.812854844860325, 
        "accumulated_operating_revenue": 409080, 
        "long_term_average": 116994, 
        "date": "2015-04-30", 
        "operating_revenue": 111084, 
        "short_term_average": 100490
    }, 
    {
        "accumulated_operating_revenue_yoy": -20.299027160002982, 
        "accumulated_operating_revenue": 513185, 
        "long_term_average": 115062, 
        "date": "2015-05-31", 
        "operating_revenue": 104105, 
        "short_term_average": 105432
    }, 
    {
        "accumulated_operating_revenue_yoy": -19.518957698552864, 
        "accumulated_operating_revenue": 622042, 
        "long_term_average": 113382, 
        "date": "2015-06-30", 
        "operating_revenue": 108857, 
        "short_term_average": 108015
    }, 
    {
        "accumulated_operating_revenue_yoy": -17.883034117605806, 
        "accumulated_operating_revenue": 749406, 
        "long_term_average": 112354, 
        "date": "2015-07-31", 
        "operating_revenue": 127364, 
        "short_term_average": 113442
    }, 
    {
        "accumulated_operating_revenue_yoy": -18.32349870875701, 
        "accumulated_operating_revenue": 853615, 
        "long_term_average": 109995, 
        "date": "2015-08-31", 
        "operating_revenue": 104209, 
        "short_term_average": 113476
    }, 
    {
        "accumulated_operating_revenue_yoy": -17.034006975789907, 
        "accumulated_operating_revenue": 970503, 
        "long_term_average": 109349, 
        "date": "2015-09-30", 
        "operating_revenue": 116888, 
        "short_term_average": 116153
    }
]