[
    {
        "date": "2012-01-31", 
        "operating_revenue": 44567, 
        "accumulated_operating_revenue": 44567, 
        "long_term_average": 44567, 
        "short_term_average": 44567
    }, 
    {
        "date": "2012-02-29", 
        "operating_revenue": 33530, 
        "accumulated_operating_revenue": 78097, 
        "long_term_average": 39048, 
        "short_term_average": 39048
    }, 
    {
        "date": "2012-03-31", 
        "operating_revenue": 38510, 
        "accumulated_operating_revenue": 116607, 
        "long_term_average": 38869, 
        "short_term_average": 38869
    }, 
    {
        "date": "2012-04-30", 
        "operating_revenue": 41914, 
        "accumulated_operating_revenue": 158521, 
        "long_term_average": 39630, 
        "short_term_average": 37984
    }, 
    {
        "date": "2012-05-31", 
        "operating_revenue": 45471, 
        "accumulated_operating_revenue": 203992, 
        "long_term_average": 40798, 
        "short_term_average": 41965
    }, 
    {
        "date": "2012-06-30", 
        "operating_revenue": 48806, 
        "accumulated_operating_revenue": 252798, 
        "long_term_average": 42133, 
        "short_term_average": 45397
    }, 
    {
        "date": "2012-07-31", 
        "operating_revenue": 53377, 
        "accumulated_operating_revenue": 306175, 
        "long_term_average": 43739, 
        "short_term_average": 49218
    }, 
    {
        "date": "2012-08-31", 
        "operating_revenue": 39107, 
        "accumulated_operating_revenue": 345282, 
        "long_term_average": 43160, 
        "short_term_average": 47096
    }, 
    {
        "date": "2012-09-30", 
        "operating_revenue": 41638, 
        "accumulated_operating_revenue": 386920, 
        "long_term_average": 42991, 
        "short_term_average": 44707
    }, 
    {
        "date": "2012-10-31", 
        "operating_revenue": 71252, 
        "accumulated_operating_revenue": 458172, 
        "long_term_average": 45817, 
        "short_term_average": 50665
    }, 
    {
        "date": "2012-11-30", 
        "operating_revenue": 80204, 
        "accumulated_operating_revenue": 538376, 
        "long_term_average": 48943, 
        "short_term_average": 64364
    }, 
    {
        "date": "2012-12-31", 
        "operating_revenue": 89333, 
        "accumulated_operating_revenue": 627709, 
        "long_term_average": 52309, 
        "short_term_average": 80263
    }, 
    {
        "accumulated_operating_revenue_yoy": 133.2802297664191, 
        "accumulated_operating_revenue": 103966, 
        "long_term_average": 57259, 
        "date": "2013-01-31", 
        "operating_revenue": 103966, 
        "short_term_average": 91167
    }, 
    {
        "accumulated_operating_revenue_yoy": 128.05741577781478, 
        "accumulated_operating_revenue": 178106, 
        "long_term_average": 60643, 
        "date": "2013-02-28", 
        "operating_revenue": 74140, 
        "short_term_average": 89146
    }, 
    {
        "accumulated_operating_revenue_yoy": 153.68888660200503, 
        "accumulated_operating_revenue": 295819, 
        "long_term_average": 67243, 
        "date": "2013-03-31", 
        "operating_revenue": 117713, 
        "short_term_average": 98606
    }, 
    {
        "accumulated_operating_revenue_yoy": 161.5968862169681, 
        "accumulated_operating_revenue": 414686, 
        "long_term_average": 73656, 
        "date": "2013-04-30", 
        "operating_revenue": 118867, 
        "short_term_average": 103573
    }, 
    {
        "accumulated_operating_revenue_yoy": 157.7728538374054, 
        "accumulated_operating_revenue": 525836, 
        "long_term_average": 79129, 
        "date": "2013-05-31", 
        "operating_revenue": 111150, 
        "short_term_average": 115910
    }, 
    {
        "accumulated_operating_revenue_yoy": 146.18984327407654, 
        "accumulated_operating_revenue": 622363, 
        "long_term_average": 83106, 
        "date": "2013-06-30", 
        "operating_revenue": 96527, 
        "short_term_average": 108848
    }, 
    {
        "accumulated_operating_revenue_yoy": 135.09365558912387, 
        "accumulated_operating_revenue": 719798, 
        "long_term_average": 86777, 
        "date": "2013-07-31", 
        "operating_revenue": 97435, 
        "short_term_average": 101704
    }, 
    {
        "accumulated_operating_revenue_yoy": 133.51376555974537, 
        "accumulated_operating_revenue": 806281, 
        "long_term_average": 90725, 
        "date": "2013-08-31", 
        "operating_revenue": 86483, 
        "short_term_average": 93481
    }, 
    {
        "accumulated_operating_revenue_yoy": 123.98118474103174, 
        "accumulated_operating_revenue": 866628, 
        "long_term_average": 92284, 
        "date": "2013-09-30", 
        "operating_revenue": 60347, 
        "short_term_average": 81421
    }, 
    {
        "accumulated_operating_revenue_yoy": 99.57068524484255, 
        "accumulated_operating_revenue": 914377, 
        "long_term_average": 90326, 
        "date": "2013-10-31", 
        "operating_revenue": 47749, 
        "short_term_average": 64859
    }, 
    {
        "accumulated_operating_revenue_yoy": 78.29175148966522, 
        "accumulated_operating_revenue": 959880, 
        "long_term_average": 87434, 
        "date": "2013-11-30", 
        "operating_revenue": 45503, 
        "short_term_average": 51199
    }, 
    {
        "accumulated_operating_revenue_yoy": 58.78775037477557, 
        "accumulated_operating_revenue": 996725, 
        "long_term_average": 83060, 
        "date": "2013-12-31", 
        "operating_revenue": 36845, 
        "short_term_average": 43365
    }, 
    {
        "accumulated_operating_revenue_yoy": -66.93245868841736, 
        "accumulated_operating_revenue": 34379, 
        "long_term_average": 77261, 
        "date": "2014-01-31", 
        "operating_revenue": 34379, 
        "short_term_average": 38909
    }, 
    {
        "accumulated_operating_revenue_yoy": -65.1516512638541, 
        "accumulated_operating_revenue": 62067, 
        "long_term_average": 73390, 
        "date": "2014-02-28", 
        "operating_revenue": 27688, 
        "short_term_average": 32970
    }, 
    {
        "accumulated_operating_revenue_yoy": -70.31529414946301, 
        "accumulated_operating_revenue": 87813, 
        "long_term_average": 65726, 
        "date": "2014-03-31", 
        "operating_revenue": 25746, 
        "short_term_average": 29271
    }, 
    {
        "accumulated_operating_revenue_yoy": -73.56312969331012, 
        "accumulated_operating_revenue": 109630, 
        "long_term_average": 57639, 
        "date": "2014-04-30", 
        "operating_revenue": 21817, 
        "short_term_average": 25083
    }, 
    {
        "accumulated_operating_revenue_yoy": -74.24539209943785, 
        "accumulated_operating_revenue": 135427, 
        "long_term_average": 50526, 
        "date": "2014-05-31", 
        "operating_revenue": 25797, 
        "short_term_average": 24453
    }, 
    {
        "accumulated_operating_revenue_yoy": -74.58766025615276, 
        "accumulated_operating_revenue": 158157, 
        "long_term_average": 44376, 
        "date": "2014-06-30", 
        "operating_revenue": 22730, 
        "short_term_average": 23448
    }, 
    {
        "accumulated_operating_revenue_yoy": -74.755139636398, 
        "accumulated_operating_revenue": 181712, 
        "long_term_average": 38219, 
        "date": "2014-07-31", 
        "operating_revenue": 23555, 
        "short_term_average": 24027
    }, 
    {
        "accumulated_operating_revenue_yoy": -74.37456668332753, 
        "accumulated_operating_revenue": 206613, 
        "long_term_average": 33088, 
        "date": "2014-08-31", 
        "operating_revenue": 24901, 
        "short_term_average": 23728
    }, 
    {
        "accumulated_operating_revenue_yoy": -73.27099978306725, 
        "accumulated_operating_revenue": 231641, 
        "long_term_average": 30144, 
        "date": "2014-09-30", 
        "operating_revenue": 25028, 
        "short_term_average": 24494
    }, 
    {
        "accumulated_operating_revenue_yoy": -71.83393720533215, 
        "accumulated_operating_revenue": 257544, 
        "long_term_average": 28324, 
        "date": "2014-10-31", 
        "operating_revenue": 25903, 
        "short_term_average": 25277
    }, 
    {
        "accumulated_operating_revenue_yoy": -70.65518606492478, 
        "accumulated_operating_revenue": 281675, 
        "long_term_average": 26543, 
        "date": "2014-11-30", 
        "operating_revenue": 24131, 
        "short_term_average": 25020
    }, 
    {
        "accumulated_operating_revenue_yoy": -69.33095889036595, 
        "accumulated_operating_revenue": 305686, 
        "long_term_average": 25473, 
        "date": "2014-12-31", 
        "operating_revenue": 24011, 
        "short_term_average": 24681
    }, 
    {
        "accumulated_operating_revenue_yoy": -38.3926234038221, 
        "accumulated_operating_revenue": 21180, 
        "long_term_average": 24373, 
        "date": "2015-01-31", 
        "operating_revenue": 21180, 
        "short_term_average": 23107
    }, 
    {
        "accumulated_operating_revenue_yoy": -31.635168447000822, 
        "accumulated_operating_revenue": 42432, 
        "long_term_average": 23837, 
        "date": "2015-02-28", 
        "operating_revenue": 21252, 
        "short_term_average": 22147
    }, 
    {
        "accumulated_operating_revenue_yoy": -26.201131950850105, 
        "accumulated_operating_revenue": 64805, 
        "long_term_average": 23556, 
        "date": "2015-03-31", 
        "operating_revenue": 22373, 
        "short_term_average": 21601
    }, 
    {
        "accumulated_operating_revenue_yoy": -20.038310681382836, 
        "accumulated_operating_revenue": 87662, 
        "long_term_average": 23643, 
        "date": "2015-04-30", 
        "operating_revenue": 22857, 
        "short_term_average": 22160
    }, 
    {
        "accumulated_operating_revenue_yoy": -19.62681001572803, 
        "accumulated_operating_revenue": 108847, 
        "long_term_average": 23258, 
        "date": "2015-05-31", 
        "operating_revenue": 21185, 
        "short_term_average": 22138
    }, 
    {
        "accumulated_operating_revenue_yoy": -19.748730691654494, 
        "accumulated_operating_revenue": 126923, 
        "long_term_average": 22871, 
        "date": "2015-06-30", 
        "operating_revenue": 18076, 
        "short_term_average": 20706
    }, 
    {
        "accumulated_operating_revenue_yoy": -19.945298054063574, 
        "accumulated_operating_revenue": 145469, 
        "long_term_average": 22453, 
        "date": "2015-07-31", 
        "operating_revenue": 18546, 
        "short_term_average": 19269
    }, 
    {
        "accumulated_operating_revenue_yoy": -20.762004326930057, 
        "accumulated_operating_revenue": 163716, 
        "long_term_average": 21899, 
        "date": "2015-08-31", 
        "operating_revenue": 18247, 
        "short_term_average": 18289
    }
]