[
    {
        "date": "2012-01-31", 
        "operating_revenue": 92163, 
        "accumulated_operating_revenue": 92163, 
        "long_term_average": 92163, 
        "short_term_average": 92163
    }, 
    {
        "date": "2012-02-29", 
        "operating_revenue": 93130, 
        "accumulated_operating_revenue": 185293, 
        "long_term_average": 92646, 
        "short_term_average": 92646
    }, 
    {
        "date": "2012-03-31", 
        "operating_revenue": 109440, 
        "accumulated_operating_revenue": 294733, 
        "long_term_average": 98244, 
        "short_term_average": 98244
    }, 
    {
        "date": "2012-04-30", 
        "operating_revenue": 103993, 
        "accumulated_operating_revenue": 398726, 
        "long_term_average": 99681, 
        "short_term_average": 102187
    }, 
    {
        "date": "2012-05-31", 
        "operating_revenue": 124552, 
        "accumulated_operating_revenue": 523278, 
        "long_term_average": 104655, 
        "short_term_average": 112661
    }, 
    {
        "date": "2012-06-30", 
        "operating_revenue": 112820, 
        "accumulated_operating_revenue": 636098, 
        "long_term_average": 106016, 
        "short_term_average": 113788
    }, 
    {
        "date": "2012-07-31", 
        "operating_revenue": 101790, 
        "accumulated_operating_revenue": 737888, 
        "long_term_average": 105412, 
        "short_term_average": 113054
    }, 
    {
        "date": "2012-08-31", 
        "operating_revenue": 116518, 
        "accumulated_operating_revenue": 854406, 
        "long_term_average": 106800, 
        "short_term_average": 110376
    }, 
    {
        "date": "2012-09-30", 
        "operating_revenue": 87330, 
        "accumulated_operating_revenue": 941736, 
        "long_term_average": 104637, 
        "short_term_average": 101879
    }, 
    {
        "date": "2012-10-31", 
        "operating_revenue": 77349, 
        "accumulated_operating_revenue": 1019085, 
        "long_term_average": 101908, 
        "short_term_average": 93732
    }, 
    {
        "date": "2012-11-30", 
        "operating_revenue": 107889, 
        "accumulated_operating_revenue": 1126974, 
        "long_term_average": 102452, 
        "short_term_average": 90856
    }, 
    {
        "date": "2012-12-31", 
        "operating_revenue": 72823, 
        "accumulated_operating_revenue": 1199797, 
        "long_term_average": 99983, 
        "short_term_average": 86020
    }, 
    {
        "accumulated_operating_revenue_yoy": 36.93890172845936, 
        "accumulated_operating_revenue": 126207, 
        "long_term_average": 102820, 
        "date": "2013-01-31", 
        "operating_revenue": 126207, 
        "short_term_average": 102306
    }, 
    {
        "accumulated_operating_revenue_yoy": 0.5655907130868408, 
        "accumulated_operating_revenue": 186341, 
        "long_term_average": 100070, 
        "date": "2013-02-28", 
        "operating_revenue": 60134, 
        "short_term_average": 86388
    }, 
    {
        "accumulated_operating_revenue_yoy": -10.172596892780923, 
        "accumulated_operating_revenue": 264751, 
        "long_term_average": 97484, 
        "date": "2013-03-31", 
        "operating_revenue": 78410, 
        "short_term_average": 88250
    }, 
    {
        "accumulated_operating_revenue_yoy": -10.294788902654956, 
        "accumulated_operating_revenue": 357678, 
        "long_term_average": 96562, 
        "date": "2013-04-30", 
        "operating_revenue": 92927, 
        "short_term_average": 77157
    }, 
    {
        "accumulated_operating_revenue_yoy": -17.402222145781018, 
        "accumulated_operating_revenue": 432216, 
        "long_term_average": 92394, 
        "date": "2013-05-31", 
        "operating_revenue": 74538, 
        "short_term_average": 81958
    }, 
    {
        "accumulated_operating_revenue_yoy": -23.756559523846953, 
        "accumulated_operating_revenue": 484983, 
        "long_term_average": 87390, 
        "date": "2013-06-30", 
        "operating_revenue": 52767, 
        "short_term_average": 73410
    }, 
    {
        "accumulated_operating_revenue_yoy": -23.045909406305565, 
        "accumulated_operating_revenue": 567835, 
        "long_term_average": 85812, 
        "date": "2013-07-31", 
        "operating_revenue": 82852, 
        "short_term_average": 70052
    }, 
    {
        "accumulated_operating_revenue_yoy": -24.554953968019888, 
        "accumulated_operating_revenue": 644607, 
        "long_term_average": 82499, 
        "date": "2013-08-31", 
        "operating_revenue": 76772, 
        "short_term_average": 70797
    }, 
    {
        "accumulated_operating_revenue_yoy": -24.162291767544193, 
        "accumulated_operating_revenue": 714191, 
        "long_term_average": 81021, 
        "date": "2013-09-30", 
        "operating_revenue": 69584, 
        "short_term_average": 76402
    }, 
    {
        "accumulated_operating_revenue_yoy": -24.601284485592466, 
        "accumulated_operating_revenue": 768377, 
        "long_term_average": 79090, 
        "date": "2013-10-31", 
        "operating_revenue": 54186, 
        "short_term_average": 66847
    }, 
    {
        "accumulated_operating_revenue_yoy": -27.209500840303324, 
        "accumulated_operating_revenue": 820330, 
        "long_term_average": 74429, 
        "date": "2013-11-30", 
        "operating_revenue": 51953, 
        "short_term_average": 58574
    }, 
    {
        "accumulated_operating_revenue_yoy": -27.7055201838311, 
        "accumulated_operating_revenue": 867387, 
        "long_term_average": 72282, 
        "date": "2013-12-31", 
        "operating_revenue": 47057, 
        "short_term_average": 51065
    }, 
    {
        "accumulated_operating_revenue_yoy": -53.39798901804179, 
        "accumulated_operating_revenue": 58815, 
        "long_term_average": 66666, 
        "date": "2014-01-31", 
        "operating_revenue": 58815, 
        "short_term_average": 52608
    }, 
    {
        "accumulated_operating_revenue_yoy": -48.715526910341794, 
        "accumulated_operating_revenue": 95564, 
        "long_term_average": 64717, 
        "date": "2014-02-28", 
        "operating_revenue": 36749, 
        "short_term_average": 47540
    }, 
    {
        "accumulated_operating_revenue_yoy": -47.54694033261442, 
        "accumulated_operating_revenue": 138870, 
        "long_term_average": 61792, 
        "date": "2014-03-31", 
        "operating_revenue": 43306, 
        "short_term_average": 46290
    }, 
    {
        "accumulated_operating_revenue_yoy": -50.887390334323044, 
        "accumulated_operating_revenue": 175665, 
        "long_term_average": 57114, 
        "date": "2014-04-30", 
        "operating_revenue": 36795, 
        "short_term_average": 38950
    }, 
    {
        "accumulated_operating_revenue_yoy": -52.241471856664255, 
        "accumulated_operating_revenue": 206420, 
        "long_term_average": 53465, 
        "date": "2014-05-31", 
        "operating_revenue": 30755, 
        "short_term_average": 36952
    }, 
    {
        "accumulated_operating_revenue_yoy": -43.41739813560475, 
        "accumulated_operating_revenue": 274416, 
        "long_term_average": 54735, 
        "date": "2014-06-30", 
        "operating_revenue": 67996, 
        "short_term_average": 45182
    }, 
    {
        "accumulated_operating_revenue_yoy": -44.253348243767995, 
        "accumulated_operating_revenue": 316549, 
        "long_term_average": 51341, 
        "date": "2014-07-31", 
        "operating_revenue": 42133, 
        "short_term_average": 46961
    }, 
    {
        "accumulated_operating_revenue_yoy": -45.11337915970506, 
        "accumulated_operating_revenue": 353803, 
        "long_term_average": 48048, 
        "date": "2014-08-31", 
        "operating_revenue": 37254, 
        "short_term_average": 49127
    }, 
    {
        "accumulated_operating_revenue_yoy": -43.823010931249485, 
        "accumulated_operating_revenue": 401211, 
        "long_term_average": 46200, 
        "date": "2014-09-30", 
        "operating_revenue": 47408, 
        "short_term_average": 42265
    }, 
    {
        "accumulated_operating_revenue_yoy": -44.84803683608437, 
        "accumulated_operating_revenue": 423775, 
        "long_term_average": 43565, 
        "date": "2014-10-31", 
        "operating_revenue": 22564, 
        "short_term_average": 35742
    }, 
    {
        "accumulated_operating_revenue_yoy": -45.99356356588202, 
        "accumulated_operating_revenue": 443031, 
        "long_term_average": 40840, 
        "date": "2014-11-30", 
        "operating_revenue": 19256, 
        "short_term_average": 29742
    }, 
    {
        "accumulated_operating_revenue_yoy": -44.563614626458545, 
        "accumulated_operating_revenue": 480848, 
        "long_term_average": 40070, 
        "date": "2014-12-31", 
        "operating_revenue": 37817, 
        "short_term_average": 26545
    }, 
    {
        "accumulated_operating_revenue_yoy": -38.84893309529882, 
        "accumulated_operating_revenue": 35966, 
        "long_term_average": 38166, 
        "date": "2015-01-31", 
        "operating_revenue": 35966, 
        "short_term_average": 31013
    }, 
    {
        "accumulated_operating_revenue_yoy": -45.96500774350174, 
        "accumulated_operating_revenue": 51638, 
        "long_term_average": 36410, 
        "date": "2015-02-28", 
        "operating_revenue": 15672, 
        "short_term_average": 29818
    }, 
    {
        "accumulated_operating_revenue_yoy": -42.99272701087348, 
        "accumulated_operating_revenue": 79166, 
        "long_term_average": 35095, 
        "date": "2015-03-31", 
        "operating_revenue": 27528, 
        "short_term_average": 26388
    }, 
    {
        "accumulated_operating_revenue_yoy": -46.413912845472915, 
        "accumulated_operating_revenue": 94132, 
        "long_term_average": 33276, 
        "date": "2015-04-30", 
        "operating_revenue": 14966, 
        "short_term_average": 19388
    }, 
    {
        "accumulated_operating_revenue_yoy": -44.552368956496466, 
        "accumulated_operating_revenue": 114455, 
        "long_term_average": 32406, 
        "date": "2015-05-31", 
        "operating_revenue": 20323, 
        "short_term_average": 20939
    }, 
    {
        "accumulated_operating_revenue_yoy": -54.34049035041688, 
        "accumulated_operating_revenue": 125297, 
        "long_term_average": 27644, 
        "date": "2015-06-30", 
        "operating_revenue": 10842, 
        "short_term_average": 15377
    }, 
    {
        "accumulated_operating_revenue_yoy": -49.24608828333054, 
        "accumulated_operating_revenue": 160661, 
        "long_term_average": 27080, 
        "date": "2015-07-31", 
        "operating_revenue": 35364, 
        "short_term_average": 22176
    }, 
    {
        "accumulated_operating_revenue_yoy": -40.358052362472904, 
        "accumulated_operating_revenue": 211015, 
        "long_term_average": 28171, 
        "date": "2015-08-31", 
        "operating_revenue": 50354, 
        "short_term_average": 32186
    }, 
    {
        "accumulated_operating_revenue_yoy": -31.072178978143672, 
        "accumulated_operating_revenue": 276546, 
        "long_term_average": 29681, 
        "date": "2015-09-30", 
        "operating_revenue": 65531, 
        "short_term_average": 50416
    }
]