[
    {
        "date": "2011-09-30", 
        "operating_revenue": 135040, 
        "accumulated_operating_revenue": 135040, 
        "long_term_average": 135040, 
        "short_term_average": 135040
    }, 
    {
        "date": "2011-10-31", 
        "operating_revenue": 131175, 
        "accumulated_operating_revenue": 266215, 
        "long_term_average": 133107, 
        "short_term_average": 133107
    }, 
    {
        "date": "2011-11-30", 
        "operating_revenue": 143794, 
        "accumulated_operating_revenue": 410009, 
        "long_term_average": 136669, 
        "short_term_average": 136669
    }, 
    {
        "date": "2011-12-31", 
        "operating_revenue": 145475, 
        "accumulated_operating_revenue": 555484, 
        "long_term_average": 138871, 
        "short_term_average": 140148
    }, 
    {
        "date": "2012-01-31", 
        "operating_revenue": 95166, 
        "accumulated_operating_revenue": 95166, 
        "long_term_average": 130130, 
        "short_term_average": 128145
    }, 
    {
        "date": "2012-02-29", 
        "operating_revenue": 87752, 
        "accumulated_operating_revenue": 182918, 
        "long_term_average": 123067, 
        "short_term_average": 109464
    }, 
    {
        "date": "2012-03-31", 
        "operating_revenue": 118736, 
        "accumulated_operating_revenue": 301654, 
        "long_term_average": 122448, 
        "short_term_average": 100551
    }, 
    {
        "date": "2012-04-30", 
        "operating_revenue": 114967, 
        "accumulated_operating_revenue": 416621, 
        "long_term_average": 121513, 
        "short_term_average": 107151
    }, 
    {
        "date": "2012-05-31", 
        "operating_revenue": 117893, 
        "accumulated_operating_revenue": 534514, 
        "long_term_average": 121110, 
        "short_term_average": 117198
    }, 
    {
        "date": "2012-06-30", 
        "operating_revenue": 103767, 
        "accumulated_operating_revenue": 638281, 
        "long_term_average": 119376, 
        "short_term_average": 112209
    }, 
    {
        "date": "2012-07-31", 
        "operating_revenue": 104856, 
        "accumulated_operating_revenue": 743137, 
        "long_term_average": 118056, 
        "short_term_average": 108838
    }, 
    {
        "date": "2012-08-31", 
        "operating_revenue": 132656, 
        "accumulated_operating_revenue": 875793, 
        "long_term_average": 119273, 
        "short_term_average": 113759
    }, 
    {
        "accumulated_operating_revenue_yoy": 644.5756812796209, 
        "accumulated_operating_revenue": 1005475, 
        "long_term_average": 118826, 
        "date": "2012-09-30", 
        "operating_revenue": 129682, 
        "short_term_average": 122398
    }, 
    {
        "accumulated_operating_revenue_yoy": 324.49824390060667, 
        "accumulated_operating_revenue": 1130078, 
        "long_term_average": 118278, 
        "date": "2012-10-31", 
        "operating_revenue": 124603, 
        "short_term_average": 128980
    }, 
    {
        "accumulated_operating_revenue_yoy": 202.43994644020012, 
        "accumulated_operating_revenue": 1240031, 
        "long_term_average": 115458, 
        "date": "2012-11-30", 
        "operating_revenue": 109953, 
        "short_term_average": 121412
    }, 
    {
        "accumulated_operating_revenue_yoy": 141.5970577010319, 
        "accumulated_operating_revenue": 1342033, 
        "long_term_average": 111836, 
        "date": "2012-12-31", 
        "operating_revenue": 102002, 
        "short_term_average": 112186
    }, 
    {
        "accumulated_operating_revenue_yoy": 4.566757035075552, 
        "accumulated_operating_revenue": 99512, 
        "long_term_average": 112198, 
        "date": "2013-01-31", 
        "operating_revenue": 99512, 
        "short_term_average": 103822
    }, 
    {
        "accumulated_operating_revenue_yoy": -17.856635213592973, 
        "accumulated_operating_revenue": 150255, 
        "long_term_average": 109114, 
        "date": "2013-02-28", 
        "operating_revenue": 50743, 
        "short_term_average": 84085
    }, 
    {
        "accumulated_operating_revenue_yoy": -27.260371153705904, 
        "accumulated_operating_revenue": 219422, 
        "long_term_average": 104983, 
        "date": "2013-03-31", 
        "operating_revenue": 69167, 
        "short_term_average": 73140
    }, 
    {
        "accumulated_operating_revenue_yoy": -27.965705041272525, 
        "accumulated_operating_revenue": 300110, 
        "long_term_average": 102126, 
        "date": "2013-04-30", 
        "operating_revenue": 80688, 
        "short_term_average": 66866
    }, 
    {
        "accumulated_operating_revenue_yoy": -27.15719326341312, 
        "accumulated_operating_revenue": 389355, 
        "long_term_average": 99739, 
        "date": "2013-05-31", 
        "operating_revenue": 89245, 
        "short_term_average": 79700
    }, 
    {
        "accumulated_operating_revenue_yoy": -25.450546076101276, 
        "accumulated_operating_revenue": 475835, 
        "long_term_average": 98298, 
        "date": "2013-06-30", 
        "operating_revenue": 86480, 
        "short_term_average": 85471
    }, 
    {
        "accumulated_operating_revenue_yoy": -23.32423227480263, 
        "accumulated_operating_revenue": 569806, 
        "long_term_average": 97391, 
        "date": "2013-07-31", 
        "operating_revenue": 93971, 
        "short_term_average": 89898
    }, 
    {
        "accumulated_operating_revenue_yoy": -24.398916182248545, 
        "accumulated_operating_revenue": 662109, 
        "long_term_average": 94029, 
        "date": "2013-08-31", 
        "operating_revenue": 92303, 
        "short_term_average": 90918
    }, 
    {
        "accumulated_operating_revenue_yoy": -24.30254357393272, 
        "accumulated_operating_revenue": 761119, 
        "long_term_average": 91473, 
        "date": "2013-09-30", 
        "operating_revenue": 99010, 
        "short_term_average": 95094
    }, 
    {
        "accumulated_operating_revenue_yoy": -23.982680841499437, 
        "accumulated_operating_revenue": 859055, 
        "long_term_average": 89250, 
        "date": "2013-10-31", 
        "operating_revenue": 97936, 
        "short_term_average": 96416
    }, 
    {
        "accumulated_operating_revenue_yoy": -22.496856933415373, 
        "accumulated_operating_revenue": 961063, 
        "long_term_average": 88588, 
        "date": "2013-11-30", 
        "operating_revenue": 102008, 
        "short_term_average": 99651
    }, 
    {
        "accumulated_operating_revenue_yoy": -20.97407440800636, 
        "accumulated_operating_revenue": 1060554, 
        "long_term_average": 88379, 
        "date": "2013-12-31", 
        "operating_revenue": 99491, 
        "short_term_average": 99811
    }, 
    {
        "accumulated_operating_revenue_yoy": 7.784990754883833, 
        "accumulated_operating_revenue": 107259, 
        "long_term_average": 89025, 
        "date": "2014-01-31", 
        "operating_revenue": 107259, 
        "short_term_average": 102919
    }, 
    {
        "accumulated_operating_revenue_yoy": 23.255798475924262, 
        "accumulated_operating_revenue": 185198, 
        "long_term_average": 91291, 
        "date": "2014-02-28", 
        "operating_revenue": 77939, 
        "short_term_average": 94896
    }, 
    {
        "accumulated_operating_revenue_yoy": 33.33667544731158, 
        "accumulated_operating_revenue": 292570, 
        "long_term_average": 94475, 
        "date": "2014-03-31", 
        "operating_revenue": 107372, 
        "short_term_average": 97523
    }, 
    {
        "accumulated_operating_revenue_yoy": 31.07927093399087, 
        "accumulated_operating_revenue": 393382, 
        "long_term_average": 96152, 
        "date": "2014-04-30", 
        "operating_revenue": 100812, 
        "short_term_average": 95374
    }, 
    {
        "accumulated_operating_revenue_yoy": 27.598720961590324, 
        "accumulated_operating_revenue": 496812, 
        "long_term_average": 97334, 
        "date": "2014-05-31", 
        "operating_revenue": 103430, 
        "short_term_average": 103871
    }, 
    {
        "accumulated_operating_revenue_yoy": 21.572814105729925, 
        "accumulated_operating_revenue": 578486, 
        "long_term_average": 96933, 
        "date": "2014-06-30", 
        "operating_revenue": 81674, 
        "short_term_average": 95305
    }, 
    {
        "accumulated_operating_revenue_yoy": 17.901531398405773, 
        "accumulated_operating_revenue": 671810, 
        "long_term_average": 96879, 
        "date": "2014-07-31", 
        "operating_revenue": 93324, 
        "short_term_average": 92809
    }, 
    {
        "accumulated_operating_revenue_yoy": 14.526460144779788, 
        "accumulated_operating_revenue": 758290, 
        "long_term_average": 96394, 
        "date": "2014-08-31", 
        "operating_revenue": 86480, 
        "short_term_average": 87159
    }, 
    {
        "accumulated_operating_revenue_yoy": 13.515494948884472, 
        "accumulated_operating_revenue": 863988, 
        "long_term_average": 96951, 
        "date": "2014-09-30", 
        "operating_revenue": 105698, 
        "short_term_average": 95167
    }, 
    {
        "accumulated_operating_revenue_yoy": 12.012967737804914, 
        "accumulated_operating_revenue": 962253, 
        "long_term_average": 96979, 
        "date": "2014-10-31", 
        "operating_revenue": 98265, 
        "short_term_average": 96814
    }, 
    {
        "accumulated_operating_revenue_yoy": 10.750179748882227, 
        "accumulated_operating_revenue": 1064379, 
        "long_term_average": 96989, 
        "date": "2014-11-30", 
        "operating_revenue": 102126, 
        "short_term_average": 102029
    }, 
    {
        "accumulated_operating_revenue_yoy": 12.31658171106799, 
        "accumulated_operating_revenue": 1191178, 
        "long_term_average": 99264, 
        "date": "2014-12-31", 
        "operating_revenue": 126799, 
        "short_term_average": 109063
    }, 
    {
        "accumulated_operating_revenue_yoy": 6.107645978426053, 
        "accumulated_operating_revenue": 113810, 
        "long_term_average": 99810, 
        "date": "2015-01-31", 
        "operating_revenue": 113810, 
        "short_term_average": 114245
    }, 
    {
        "accumulated_operating_revenue_yoy": -2.7273512672923035, 
        "accumulated_operating_revenue": 180147, 
        "long_term_average": 98843, 
        "date": "2015-02-28", 
        "operating_revenue": 66337, 
        "short_term_average": 102315
    }, 
    {
        "accumulated_operating_revenue_yoy": -1.5934648118399015, 
        "accumulated_operating_revenue": 287908, 
        "long_term_average": 98876, 
        "date": "2015-03-31", 
        "operating_revenue": 107761, 
        "short_term_average": 95969
    }, 
    {
        "accumulated_operating_revenue_yoy": 2.3580133305540163, 
        "accumulated_operating_revenue": 402658, 
        "long_term_average": 100037, 
        "date": "2015-04-30", 
        "operating_revenue": 114750, 
        "short_term_average": 96282
    }, 
    {
        "accumulated_operating_revenue_yoy": 3.1987955202370313, 
        "accumulated_operating_revenue": 512704, 
        "long_term_average": 100589, 
        "date": "2015-05-31", 
        "operating_revenue": 110046, 
        "short_term_average": 110852
    }, 
    {
        "accumulated_operating_revenue_yoy": 4.4144542823854, 
        "accumulated_operating_revenue": 604023, 
        "long_term_average": 101392, 
        "date": "2015-06-30", 
        "operating_revenue": 91319, 
        "short_term_average": 105371
    }, 
    {
        "accumulated_operating_revenue_yoy": 4.775606198181033, 
        "accumulated_operating_revenue": 703893, 
        "long_term_average": 101938, 
        "date": "2015-07-31", 
        "operating_revenue": 99870, 
        "short_term_average": 100411
    }, 
    {
        "accumulated_operating_revenue_yoy": 6.50634981339593, 
        "accumulated_operating_revenue": 807627, 
        "long_term_average": 103376, 
        "date": "2015-08-31", 
        "operating_revenue": 103734, 
        "short_term_average": 98307
    }
]