[
    {
        "date": "2011-09-30", 
        "operating_revenue": 330734, 
        "accumulated_operating_revenue": 330734, 
        "long_term_average": 330734, 
        "short_term_average": 330734
    }, 
    {
        "date": "2011-10-31", 
        "operating_revenue": 290682, 
        "accumulated_operating_revenue": 621416, 
        "long_term_average": 310708, 
        "short_term_average": 310708
    }, 
    {
        "date": "2011-11-30", 
        "operating_revenue": 296666, 
        "accumulated_operating_revenue": 918082, 
        "long_term_average": 306027, 
        "short_term_average": 306027
    }, 
    {
        "date": "2011-12-31", 
        "operating_revenue": 278672, 
        "accumulated_operating_revenue": 1196754, 
        "long_term_average": 299188, 
        "short_term_average": 288673
    }, 
    {
        "date": "2012-01-31", 
        "operating_revenue": 211231, 
        "accumulated_operating_revenue": 211231, 
        "long_term_average": 281597, 
        "short_term_average": 262189
    }, 
    {
        "date": "2012-02-29", 
        "operating_revenue": 223497, 
        "accumulated_operating_revenue": 434728, 
        "long_term_average": 271913, 
        "short_term_average": 237800
    }, 
    {
        "date": "2012-03-31", 
        "operating_revenue": 256474, 
        "accumulated_operating_revenue": 691202, 
        "long_term_average": 269708, 
        "short_term_average": 230400
    }, 
    {
        "date": "2012-04-30", 
        "operating_revenue": 222704, 
        "accumulated_operating_revenue": 913906, 
        "long_term_average": 263832, 
        "short_term_average": 234225
    }, 
    {
        "date": "2012-05-31", 
        "operating_revenue": 245159, 
        "accumulated_operating_revenue": 1159065, 
        "long_term_average": 261757, 
        "short_term_average": 241445
    }, 
    {
        "date": "2012-06-30", 
        "operating_revenue": 251514, 
        "accumulated_operating_revenue": 1410579, 
        "long_term_average": 260733, 
        "short_term_average": 239792
    }, 
    {
        "date": "2012-07-31", 
        "operating_revenue": 236612, 
        "accumulated_operating_revenue": 1647191, 
        "long_term_average": 258540, 
        "short_term_average": 244428
    }, 
    {
        "date": "2012-08-31", 
        "operating_revenue": 213033, 
        "accumulated_operating_revenue": 1860224, 
        "long_term_average": 254748, 
        "short_term_average": 233719
    }, 
    {
        "accumulated_operating_revenue_yoy": 533.8132759256683, 
        "accumulated_operating_revenue": 2096236, 
        "long_term_average": 246854, 
        "date": "2012-09-30", 
        "operating_revenue": 236012, 
        "short_term_average": 228552
    }, 
    {
        "accumulated_operating_revenue_yoy": 267.1345765155709, 
        "accumulated_operating_revenue": 2281433, 
        "long_term_average": 238064, 
        "date": "2012-10-31", 
        "operating_revenue": 185197, 
        "short_term_average": 211414
    }, 
    {
        "accumulated_operating_revenue_yoy": 171.6585228770415, 
        "accumulated_operating_revenue": 2494048, 
        "long_term_average": 231060, 
        "date": "2012-11-30", 
        "operating_revenue": 212615, 
        "short_term_average": 211274
    }, 
    {
        "accumulated_operating_revenue_yoy": 123.65532097657497, 
        "accumulated_operating_revenue": 2676604, 
        "long_term_average": 223050, 
        "date": "2012-12-31", 
        "operating_revenue": 182556, 
        "short_term_average": 193456
    }, 
    {
        "accumulated_operating_revenue_yoy": 11.63986346701005, 
        "accumulated_operating_revenue": 235818, 
        "long_term_average": 225099, 
        "date": "2013-01-31", 
        "operating_revenue": 235818, 
        "short_term_average": 210329
    }, 
    {
        "accumulated_operating_revenue_yoy": -12.464575550689167, 
        "accumulated_operating_revenue": 380541, 
        "long_term_average": 218534, 
        "date": "2013-02-28", 
        "operating_revenue": 144723, 
        "short_term_average": 187699
    }, 
    {
        "accumulated_operating_revenue_yoy": -14.771803322328351, 
        "accumulated_operating_revenue": 589099, 
        "long_term_average": 214541, 
        "date": "2013-03-31", 
        "operating_revenue": 208558, 
        "short_term_average": 196366
    }, 
    {
        "accumulated_operating_revenue_yoy": -11.389902243775618, 
        "accumulated_operating_revenue": 809813, 
        "long_term_average": 214375, 
        "date": "2013-04-30", 
        "operating_revenue": 220714, 
        "short_term_average": 191331
    }, 
    {
        "accumulated_operating_revenue_yoy": -11.943592464615875, 
        "accumulated_operating_revenue": 1020631, 
        "long_term_average": 211514, 
        "date": "2013-05-31", 
        "operating_revenue": 210818, 
        "short_term_average": 213363
    }, 
    {
        "accumulated_operating_revenue_yoy": -13.822621774462826, 
        "accumulated_operating_revenue": 1215600, 
        "long_term_average": 206802, 
        "date": "2013-06-30", 
        "operating_revenue": 194969, 
        "short_term_average": 208833
    }, 
    {
        "accumulated_operating_revenue_yoy": -13.497523966558827, 
        "accumulated_operating_revenue": 1424861, 
        "long_term_average": 204522, 
        "date": "2013-07-31", 
        "operating_revenue": 209261, 
        "short_term_average": 205016
    }, 
    {
        "accumulated_operating_revenue_yoy": -11.80502993187917, 
        "accumulated_operating_revenue": 1640624, 
        "long_term_average": 204750, 
        "date": "2013-08-31", 
        "operating_revenue": 215763, 
        "short_term_average": 206664
    }, 
    {
        "accumulated_operating_revenue_yoy": -12.328573691130197, 
        "accumulated_operating_revenue": 1837800, 
        "long_term_average": 201514, 
        "date": "2013-09-30", 
        "operating_revenue": 197176, 
        "short_term_average": 207400
    }, 
    {
        "accumulated_operating_revenue_yoy": -10.252196755284945, 
        "accumulated_operating_revenue": 2047536, 
        "long_term_average": 203558, 
        "date": "2013-10-31", 
        "operating_revenue": 209736, 
        "short_term_average": 207558
    }, 
    {
        "accumulated_operating_revenue_yoy": -9.994394654794133, 
        "accumulated_operating_revenue": 2244783, 
        "long_term_average": 202278, 
        "date": "2013-11-30", 
        "operating_revenue": 197247, 
        "short_term_average": 201386
    }, 
    {
        "accumulated_operating_revenue_yoy": -8.532864779399567, 
        "accumulated_operating_revenue": 2448213, 
        "long_term_average": 204017, 
        "date": "2013-12-31", 
        "operating_revenue": 203430, 
        "short_term_average": 203471
    }, 
    {
        "accumulated_operating_revenue_yoy": -25.38398256282387, 
        "accumulated_operating_revenue": 175958, 
        "long_term_average": 199029, 
        "date": "2014-01-31", 
        "operating_revenue": 175958, 
        "short_term_average": 192211
    }, 
    {
        "accumulated_operating_revenue_yoy": -18.13313151539519, 
        "accumulated_operating_revenue": 311537, 
        "long_term_average": 198267, 
        "date": "2014-02-28", 
        "operating_revenue": 135579, 
        "short_term_average": 171655
    }, 
    {
        "accumulated_operating_revenue_yoy": -22.23429338701984, 
        "accumulated_operating_revenue": 458117, 
        "long_term_average": 193102, 
        "date": "2014-03-31", 
        "operating_revenue": 146580, 
        "short_term_average": 152705
    }, 
    {
        "accumulated_operating_revenue_yoy": -23.58025865230615, 
        "accumulated_operating_revenue": 618857, 
        "long_term_average": 188104, 
        "date": "2014-04-30", 
        "operating_revenue": 160740, 
        "short_term_average": 147633
    }, 
    {
        "accumulated_operating_revenue_yoy": -22.78580603567793, 
        "accumulated_operating_revenue": 788072, 
        "long_term_average": 184637, 
        "date": "2014-05-31", 
        "operating_revenue": 169215, 
        "short_term_average": 158845
    }, 
    {
        "accumulated_operating_revenue_yoy": -22.503126028298784, 
        "accumulated_operating_revenue": 942052, 
        "long_term_average": 181222, 
        "date": "2014-06-30", 
        "operating_revenue": 153980, 
        "short_term_average": 161311
    }, 
    {
        "accumulated_operating_revenue_yoy": -23.3277491629008, 
        "accumulated_operating_revenue": 1092473, 
        "long_term_average": 176318, 
        "date": "2014-07-31", 
        "operating_revenue": 150421, 
        "short_term_average": 157872
    }, 
    {
        "accumulated_operating_revenue_yoy": -22.766154828894372, 
        "accumulated_operating_revenue": 1267117, 
        "long_term_average": 172892, 
        "date": "2014-08-31", 
        "operating_revenue": 174644, 
        "short_term_average": 159681
    }, 
    {
        "accumulated_operating_revenue_yoy": -21.21411470236152, 
        "accumulated_operating_revenue": 1447927, 
        "long_term_average": 171528, 
        "date": "2014-09-30", 
        "operating_revenue": 180810, 
        "short_term_average": 168625
    }, 
    {
        "accumulated_operating_revenue_yoy": -21.504286127325724, 
        "accumulated_operating_revenue": 1607228, 
        "long_term_average": 167325, 
        "date": "2014-10-31", 
        "operating_revenue": 159301, 
        "short_term_average": 171585
    }, 
    {
        "accumulated_operating_revenue_yoy": -21.791415918598815, 
        "accumulated_operating_revenue": 1755613, 
        "long_term_average": 163253, 
        "date": "2014-11-30", 
        "operating_revenue": 148385, 
        "short_term_average": 162832
    }, 
    {
        "accumulated_operating_revenue_yoy": -21.29790177570334, 
        "accumulated_operating_revenue": 1926795, 
        "long_term_average": 160566, 
        "date": "2014-12-31", 
        "operating_revenue": 171182, 
        "short_term_average": 159622
    }, 
    {
        "accumulated_operating_revenue_yoy": -15.824230782345788, 
        "accumulated_operating_revenue": 148114, 
        "long_term_average": 158245, 
        "date": "2015-01-31", 
        "operating_revenue": 148114, 
        "short_term_average": 155893
    }, 
    {
        "accumulated_operating_revenue_yoy": -19.325473378764, 
        "accumulated_operating_revenue": 251331, 
        "long_term_average": 155549, 
        "date": "2015-02-28", 
        "operating_revenue": 103217, 
        "short_term_average": 140837
    }, 
    {
        "accumulated_operating_revenue_yoy": -16.264840641146257, 
        "accumulated_operating_revenue": 383605, 
        "long_term_average": 154356, 
        "date": "2015-03-31", 
        "operating_revenue": 132274, 
        "short_term_average": 127868
    }, 
    {
        "accumulated_operating_revenue_yoy": -15.731582578851011, 
        "accumulated_operating_revenue": 521501, 
        "long_term_average": 152453, 
        "date": "2015-04-30", 
        "operating_revenue": 137896, 
        "short_term_average": 124462
    }, 
    {
        "accumulated_operating_revenue_yoy": -16.450400471022952, 
        "accumulated_operating_revenue": 658431, 
        "long_term_average": 149762, 
        "date": "2015-05-31", 
        "operating_revenue": 136930, 
        "short_term_average": 135700
    }, 
    {
        "accumulated_operating_revenue_yoy": -16.002407510413438, 
        "accumulated_operating_revenue": 791301, 
        "long_term_average": 148003, 
        "date": "2015-06-30", 
        "operating_revenue": 132870, 
        "short_term_average": 135898
    }, 
    {
        "accumulated_operating_revenue_yoy": -13.865422761020179, 
        "accumulated_operating_revenue": 940997, 
        "long_term_average": 147943, 
        "date": "2015-07-31", 
        "operating_revenue": 149696, 
        "short_term_average": 139832
    }, 
    {
        "accumulated_operating_revenue_yoy": -15.126148571915616, 
        "accumulated_operating_revenue": 1075451, 
        "long_term_average": 144594, 
        "date": "2015-08-31", 
        "operating_revenue": 134454, 
        "short_term_average": 139006
    }
]