[
    {
        "date": "2012-01-31", 
        "operating_revenue": 298845, 
        "accumulated_operating_revenue": 298845, 
        "long_term_average": 298845, 
        "short_term_average": 298845
    }, 
    {
        "date": "2012-02-29", 
        "operating_revenue": 452909, 
        "accumulated_operating_revenue": 751754, 
        "long_term_average": 375877, 
        "short_term_average": 375877
    }, 
    {
        "date": "2012-03-31", 
        "operating_revenue": 495861, 
        "accumulated_operating_revenue": 1247615, 
        "long_term_average": 415871, 
        "short_term_average": 415871
    }, 
    {
        "date": "2012-04-30", 
        "operating_revenue": 312532, 
        "accumulated_operating_revenue": 1560147, 
        "long_term_average": 390036, 
        "short_term_average": 420434
    }, 
    {
        "date": "2012-05-31", 
        "operating_revenue": 464880, 
        "accumulated_operating_revenue": 2025027, 
        "long_term_average": 405005, 
        "short_term_average": 424424
    }, 
    {
        "date": "2012-06-30", 
        "operating_revenue": 287164, 
        "accumulated_operating_revenue": 2312191, 
        "long_term_average": 385365, 
        "short_term_average": 354858
    }, 
    {
        "date": "2012-07-31", 
        "operating_revenue": 436421, 
        "accumulated_operating_revenue": 2748612, 
        "long_term_average": 392658, 
        "short_term_average": 396155
    }, 
    {
        "date": "2012-08-31", 
        "operating_revenue": 398144, 
        "accumulated_operating_revenue": 3146756, 
        "long_term_average": 393344, 
        "short_term_average": 373909
    }, 
    {
        "date": "2012-09-30", 
        "operating_revenue": 575069, 
        "accumulated_operating_revenue": 3721825, 
        "long_term_average": 413536, 
        "short_term_average": 469878
    }, 
    {
        "date": "2012-10-31", 
        "operating_revenue": 499780, 
        "accumulated_operating_revenue": 4221605, 
        "long_term_average": 422160, 
        "short_term_average": 490997
    }, 
    {
        "date": "2012-11-30", 
        "operating_revenue": 453234, 
        "accumulated_operating_revenue": 4674839, 
        "long_term_average": 424985, 
        "short_term_average": 509361
    }, 
    {
        "date": "2012-12-31", 
        "operating_revenue": 296988, 
        "accumulated_operating_revenue": 4971827, 
        "long_term_average": 414318, 
        "short_term_average": 416667
    }, 
    {
        "accumulated_operating_revenue_yoy": -1.8133145945222438, 
        "accumulated_operating_revenue": 293426, 
        "long_term_average": 413867, 
        "date": "2013-01-31", 
        "operating_revenue": 293426, 
        "short_term_average": 347882
    }, 
    {
        "accumulated_operating_revenue_yoy": -22.246639193140307, 
        "accumulated_operating_revenue": 584514, 
        "long_term_average": 400382, 
        "date": "2013-02-28", 
        "operating_revenue": 291088, 
        "short_term_average": 293834
    }, 
    {
        "accumulated_operating_revenue_yoy": -10.530652484941267, 
        "accumulated_operating_revenue": 1116233, 
        "long_term_average": 403370, 
        "date": "2013-03-31", 
        "operating_revenue": 531719, 
        "short_term_average": 372077
    }, 
    {
        "accumulated_operating_revenue_yoy": -1.0752832906129999, 
        "accumulated_operating_revenue": 1543371, 
        "long_term_average": 412920, 
        "date": "2013-04-30", 
        "operating_revenue": 427138, 
        "short_term_average": 416648
    }, 
    {
        "accumulated_operating_revenue_yoy": 0.086023544377433, 
        "accumulated_operating_revenue": 2026769, 
        "long_term_average": 414464, 
        "date": "2013-05-31", 
        "operating_revenue": 483398, 
        "short_term_average": 480751
    }, 
    {
        "accumulated_operating_revenue_yoy": 2.9261423472368846, 
        "accumulated_operating_revenue": 2379849, 
        "long_term_average": 419957, 
        "date": "2013-06-30", 
        "operating_revenue": 353080, 
        "short_term_average": 421205
    }, 
    {
        "accumulated_operating_revenue_yoy": 6.990073535297088, 
        "accumulated_operating_revenue": 2940742, 
        "long_term_average": 430329, 
        "date": "2013-07-31", 
        "operating_revenue": 560893, 
        "short_term_average": 465790
    }, 
    {
        "accumulated_operating_revenue_yoy": 22.423155783289204, 
        "accumulated_operating_revenue": 3852358, 
        "long_term_average": 473119, 
        "date": "2013-08-31", 
        "operating_revenue": 911616, 
        "short_term_average": 608529
    }, 
    {
        "accumulated_operating_revenue_yoy": 15.836397466296775, 
        "accumulated_operating_revenue": 4311228, 
        "long_term_average": 463435, 
        "date": "2013-09-30", 
        "operating_revenue": 458870, 
        "short_term_average": 643793
    }, 
    {
        "accumulated_operating_revenue_yoy": 14.77689172719854, 
        "accumulated_operating_revenue": 4845427, 
        "long_term_average": 466304, 
        "date": "2013-10-31", 
        "operating_revenue": 534199, 
        "short_term_average": 634895
    }, 
    {
        "accumulated_operating_revenue_yoy": 14.460027393456759, 
        "accumulated_operating_revenue": 5350822, 
        "long_term_average": 470650, 
        "date": "2013-11-30", 
        "operating_revenue": 505395, 
        "short_term_average": 499488
    }, 
    {
        "accumulated_operating_revenue_yoy": 20.50340850556546, 
        "accumulated_operating_revenue": 5991221, 
        "long_term_average": 499268, 
        "date": "2013-12-31", 
        "operating_revenue": 640399, 
        "short_term_average": 559997
    }, 
    {
        "accumulated_operating_revenue_yoy": 41.12450839393919, 
        "accumulated_operating_revenue": 414096, 
        "long_term_average": 509324, 
        "date": "2014-01-31", 
        "operating_revenue": 414096, 
        "short_term_average": 519963
    }, 
    {
        "accumulated_operating_revenue_yoy": 38.111490913819004, 
        "accumulated_operating_revenue": 807281, 
        "long_term_average": 517832, 
        "date": "2014-02-28", 
        "operating_revenue": 393185, 
        "short_term_average": 482560
    }, 
    {
        "accumulated_operating_revenue_yoy": 7.89261740156401, 
        "accumulated_operating_revenue": 1204333, 
        "long_term_average": 506610, 
        "date": "2014-03-31", 
        "operating_revenue": 397052, 
        "short_term_average": 401444
    }, 
    {
        "accumulated_operating_revenue_yoy": 8.077319063271242, 
        "accumulated_operating_revenue": 1668034, 
        "long_term_average": 509657, 
        "date": "2014-04-30", 
        "operating_revenue": 463701, 
        "short_term_average": 417979
    }, 
    {
        "accumulated_operating_revenue_yoy": 8.674841582834551, 
        "accumulated_operating_revenue": 2202588, 
        "long_term_average": 513920, 
        "date": "2014-05-31", 
        "operating_revenue": 534554, 
        "short_term_average": 465102
    }, 
    {
        "accumulated_operating_revenue_yoy": 13.16949100552178, 
        "accumulated_operating_revenue": 2693263, 
        "long_term_average": 525386, 
        "date": "2014-06-30", 
        "operating_revenue": 490675, 
        "short_term_average": 496310
    }, 
    {
        "accumulated_operating_revenue_yoy": 9.230289498364698, 
        "accumulated_operating_revenue": 3212181, 
        "long_term_average": 521888, 
        "date": "2014-07-31", 
        "operating_revenue": 518918, 
        "short_term_average": 514715
    }, 
    {
        "accumulated_operating_revenue_yoy": -5.3361603464683185, 
        "accumulated_operating_revenue": 3646790, 
        "long_term_average": 482137, 
        "date": "2014-08-31", 
        "operating_revenue": 434609, 
        "short_term_average": 481400
    }, 
    {
        "accumulated_operating_revenue_yoy": -2.606241191604805, 
        "accumulated_operating_revenue": 4198867, 
        "long_term_average": 489905, 
        "date": "2014-09-30", 
        "operating_revenue": 552077, 
        "short_term_average": 501868
    }, 
    {
        "accumulated_operating_revenue_yoy": -2.70238309234666, 
        "accumulated_operating_revenue": 4714485, 
        "long_term_average": 488356, 
        "date": "2014-10-31", 
        "operating_revenue": 515618, 
        "short_term_average": 500768
    }, 
    {
        "accumulated_operating_revenue_yoy": -4.295153155907634, 
        "accumulated_operating_revenue": 5120996, 
        "long_term_average": 480116, 
        "date": "2014-11-30", 
        "operating_revenue": 406511, 
        "short_term_average": 491402
    }, 
    {
        "accumulated_operating_revenue_yoy": -7.096216280454351, 
        "accumulated_operating_revenue": 5566071, 
        "long_term_average": 463839, 
        "date": "2014-12-31", 
        "operating_revenue": 445075, 
        "short_term_average": 455734
    }, 
    {
        "accumulated_operating_revenue_yoy": 0.6346354468529037, 
        "accumulated_operating_revenue": 416724, 
        "long_term_average": 464058, 
        "date": "2015-01-31", 
        "operating_revenue": 416724, 
        "short_term_average": 422770
    }, 
    {
        "accumulated_operating_revenue_yoy": -2.9668727493896174, 
        "accumulated_operating_revenue": 783330, 
        "long_term_average": 461843, 
        "date": "2015-02-28", 
        "operating_revenue": 366606, 
        "short_term_average": 409468
    }, 
    {
        "accumulated_operating_revenue_yoy": 28.00487904923306, 
        "accumulated_operating_revenue": 1541605, 
        "long_term_average": 491945, 
        "date": "2015-03-31", 
        "operating_revenue": 758275, 
        "short_term_average": 513868
    }, 
    {
        "accumulated_operating_revenue_yoy": 40.65414733752429, 
        "accumulated_operating_revenue": 2346159, 
        "long_term_average": 520349, 
        "date": "2015-04-30", 
        "operating_revenue": 804554, 
        "short_term_average": 643145
    }, 
    {
        "accumulated_operating_revenue_yoy": 39.25091755698297, 
        "accumulated_operating_revenue": 3067124, 
        "long_term_average": 535883, 
        "date": "2015-05-31", 
        "operating_revenue": 720965, 
        "short_term_average": 761264
    }, 
    {
        "accumulated_operating_revenue_yoy": 29.857165824503586, 
        "accumulated_operating_revenue": 3497395, 
        "long_term_average": 530850, 
        "date": "2015-06-30", 
        "operating_revenue": 430271, 
        "short_term_average": 651930
    }, 
    {
        "accumulated_operating_revenue_yoy": 14.297824437664005, 
        "accumulated_operating_revenue": 3671453, 
        "long_term_average": 502111, 
        "date": "2015-07-31", 
        "operating_revenue": 174058, 
        "short_term_average": 441764
    }, 
    {
        "accumulated_operating_revenue_yoy": 1.8013924574763012, 
        "accumulated_operating_revenue": 3712483, 
        "long_term_average": 469313, 
        "date": "2015-08-31", 
        "operating_revenue": 41030, 
        "short_term_average": 215119
    }, 
    {
        "accumulated_operating_revenue_yoy": -11.098946453888631, 
        "accumulated_operating_revenue": 3732837, 
        "long_term_average": 425003, 
        "date": "2015-09-30", 
        "operating_revenue": 20354, 
        "short_term_average": 78480
    }
]