[
    {
        "date": "2012-01-31", 
        "operating_revenue": 79038, 
        "accumulated_operating_revenue": 79038, 
        "long_term_average": 79038, 
        "short_term_average": 79038
    }, 
    {
        "date": "2012-02-29", 
        "operating_revenue": 83719, 
        "accumulated_operating_revenue": 162757, 
        "long_term_average": 81378, 
        "short_term_average": 81378
    }, 
    {
        "date": "2012-03-31", 
        "operating_revenue": 81139, 
        "accumulated_operating_revenue": 243896, 
        "long_term_average": 81298, 
        "short_term_average": 81298
    }, 
    {
        "date": "2012-04-30", 
        "operating_revenue": 68041, 
        "accumulated_operating_revenue": 311937, 
        "long_term_average": 77984, 
        "short_term_average": 77633
    }, 
    {
        "date": "2012-05-31", 
        "operating_revenue": 80654, 
        "accumulated_operating_revenue": 392591, 
        "long_term_average": 78518, 
        "short_term_average": 76611
    }, 
    {
        "date": "2012-06-30", 
        "operating_revenue": 74432, 
        "accumulated_operating_revenue": 467023, 
        "long_term_average": 77837, 
        "short_term_average": 74375
    }, 
    {
        "date": "2012-07-31", 
        "operating_revenue": 74750, 
        "accumulated_operating_revenue": 541773, 
        "long_term_average": 77396, 
        "short_term_average": 76612
    }, 
    {
        "date": "2012-08-31", 
        "operating_revenue": 77095, 
        "accumulated_operating_revenue": 618868, 
        "long_term_average": 77358, 
        "short_term_average": 75425
    }, 
    {
        "date": "2012-09-30", 
        "operating_revenue": 71901, 
        "accumulated_operating_revenue": 690769, 
        "long_term_average": 76752, 
        "short_term_average": 74582
    }, 
    {
        "date": "2012-10-31", 
        "operating_revenue": 69384, 
        "accumulated_operating_revenue": 760153, 
        "long_term_average": 76015, 
        "short_term_average": 72793
    }, 
    {
        "date": "2012-11-30", 
        "operating_revenue": 64165, 
        "accumulated_operating_revenue": 824318, 
        "long_term_average": 74938, 
        "short_term_average": 68483
    }, 
    {
        "date": "2012-12-31", 
        "operating_revenue": 58071, 
        "accumulated_operating_revenue": 882389, 
        "long_term_average": 73532, 
        "short_term_average": 63873
    }, 
    {
        "accumulated_operating_revenue_yoy": -9.204433310559477, 
        "accumulated_operating_revenue": 71763, 
        "long_term_average": 72926, 
        "date": "2013-01-31", 
        "operating_revenue": 71763, 
        "short_term_average": 64666
    }, 
    {
        "accumulated_operating_revenue_yoy": -24.70431379295514, 
        "accumulated_operating_revenue": 122549, 
        "long_term_average": 70181, 
        "date": "2013-02-28", 
        "operating_revenue": 50786, 
        "short_term_average": 60206
    }, 
    {
        "accumulated_operating_revenue_yoy": -18.691983468363567, 
        "accumulated_operating_revenue": 198307, 
        "long_term_average": 69733, 
        "date": "2013-03-31", 
        "operating_revenue": 75758, 
        "short_term_average": 66102
    }, 
    {
        "accumulated_operating_revenue_yoy": -16.288224865918437, 
        "accumulated_operating_revenue": 261128, 
        "long_term_average": 69298, 
        "date": "2013-04-30", 
        "operating_revenue": 62821, 
        "short_term_average": 63121
    }, 
    {
        "accumulated_operating_revenue_yoy": -16.572972890361726, 
        "accumulated_operating_revenue": 327527, 
        "long_term_average": 68110, 
        "date": "2013-05-31", 
        "operating_revenue": 66399, 
        "short_term_average": 68326
    }, 
    {
        "accumulated_operating_revenue_yoy": -17.82974286062999, 
        "accumulated_operating_revenue": 383754, 
        "long_term_average": 66593, 
        "date": "2013-06-30", 
        "operating_revenue": 56227, 
        "short_term_average": 61815
    }, 
    {
        "accumulated_operating_revenue_yoy": -17.836067873445153, 
        "accumulated_operating_revenue": 445142, 
        "long_term_average": 65479, 
        "date": "2013-07-31", 
        "operating_revenue": 61388, 
        "short_term_average": 61338
    }, 
    {
        "accumulated_operating_revenue_yoy": -16.515799815146366, 
        "accumulated_operating_revenue": 516657, 
        "long_term_average": 65014, 
        "date": "2013-08-31", 
        "operating_revenue": 71515, 
        "short_term_average": 63043
    }, 
    {
        "accumulated_operating_revenue_yoy": -15.696853796276326, 
        "accumulated_operating_revenue": 582340, 
        "long_term_average": 64496, 
        "date": "2013-09-30", 
        "operating_revenue": 65683, 
        "short_term_average": 66195
    }, 
    {
        "accumulated_operating_revenue_yoy": -14.537731219899152, 
        "accumulated_operating_revenue": 649644, 
        "long_term_average": 64323, 
        "date": "2013-10-31", 
        "operating_revenue": 67304, 
        "short_term_average": 68167
    }, 
    {
        "accumulated_operating_revenue_yoy": -13.443840847828145, 
        "accumulated_operating_revenue": 713498, 
        "long_term_average": 64297, 
        "date": "2013-11-30", 
        "operating_revenue": 63854, 
        "short_term_average": 65613
    }, 
    {
        "accumulated_operating_revenue_yoy": -10.865049314984661, 
        "accumulated_operating_revenue": 786517, 
        "long_term_average": 65543, 
        "date": "2013-12-31", 
        "operating_revenue": 73019, 
        "short_term_average": 68059
    }, 
    {
        "accumulated_operating_revenue_yoy": 14.876747070217242, 
        "accumulated_operating_revenue": 82439, 
        "long_term_average": 66432, 
        "date": "2014-01-31", 
        "operating_revenue": 82439, 
        "short_term_average": 73104
    }, 
    {
        "accumulated_operating_revenue_yoy": 4.110192657630826, 
        "accumulated_operating_revenue": 127586, 
        "long_term_average": 65962, 
        "date": "2014-02-28", 
        "operating_revenue": 45147, 
        "short_term_average": 66868
    }, 
    {
        "accumulated_operating_revenue_yoy": -3.9494319413838137, 
        "accumulated_operating_revenue": 190475, 
        "long_term_average": 64890, 
        "date": "2014-03-31", 
        "operating_revenue": 62889, 
        "short_term_average": 63491
    }, 
    {
        "accumulated_operating_revenue_yoy": -6.540853527771821, 
        "accumulated_operating_revenue": 244048, 
        "long_term_average": 64119, 
        "date": "2014-04-30", 
        "operating_revenue": 53573, 
        "short_term_average": 53869
    }, 
    {
        "accumulated_operating_revenue_yoy": -6.174758111545002, 
        "accumulated_operating_revenue": 307303, 
        "long_term_average": 63857, 
        "date": "2014-05-31", 
        "operating_revenue": 63255, 
        "short_term_average": 59905
    }, 
    {
        "accumulated_operating_revenue_yoy": -5.867300405989254, 
        "accumulated_operating_revenue": 361238, 
        "long_term_average": 63666, 
        "date": "2014-06-30", 
        "operating_revenue": 53935, 
        "short_term_average": 56921
    }, 
    {
        "accumulated_operating_revenue_yoy": -5.0983731034141915, 
        "accumulated_operating_revenue": 422447, 
        "long_term_average": 63651, 
        "date": "2014-07-31", 
        "operating_revenue": 61209, 
        "short_term_average": 59466
    }, 
    {
        "accumulated_operating_revenue_yoy": -7.457365331351361, 
        "accumulated_operating_revenue": 478128, 
        "long_term_average": 62332, 
        "date": "2014-08-31", 
        "operating_revenue": 55681, 
        "short_term_average": 56941
    }, 
    {
        "accumulated_operating_revenue_yoy": -8.308033107806438, 
        "accumulated_operating_revenue": 533959, 
        "long_term_average": 61511, 
        "date": "2014-09-30", 
        "operating_revenue": 55831, 
        "short_term_average": 57573
    }, 
    {
        "accumulated_operating_revenue_yoy": -8.662744518536305, 
        "accumulated_operating_revenue": 593367, 
        "long_term_average": 60853, 
        "date": "2014-10-31", 
        "operating_revenue": 59408, 
        "short_term_average": 56973
    }, 
    {
        "accumulated_operating_revenue_yoy": -9.310187274526347, 
        "accumulated_operating_revenue": 647070, 
        "long_term_average": 60007, 
        "date": "2014-11-30", 
        "operating_revenue": 53703, 
        "short_term_average": 56314
    }, 
    {
        "accumulated_operating_revenue_yoy": -9.543086799141024, 
        "accumulated_operating_revenue": 711459, 
        "long_term_average": 59288, 
        "date": "2014-12-31", 
        "operating_revenue": 64389, 
        "short_term_average": 59166
    }, 
    {
        "accumulated_operating_revenue_yoy": -26.931428086221327, 
        "accumulated_operating_revenue": 60237, 
        "long_term_average": 57438, 
        "date": "2015-01-31", 
        "operating_revenue": 60237, 
        "short_term_average": 59443
    }, 
    {
        "accumulated_operating_revenue_yoy": -4.310034016271378, 
        "accumulated_operating_revenue": 122087, 
        "long_term_average": 58830, 
        "date": "2015-02-28", 
        "operating_revenue": 61850, 
        "short_term_average": 62158
    }, 
    {
        "accumulated_operating_revenue_yoy": -11.675022968893556, 
        "accumulated_operating_revenue": 168237, 
        "long_term_average": 57435, 
        "date": "2015-03-31", 
        "operating_revenue": 46150, 
        "short_term_average": 56079
    }, 
    {
        "accumulated_operating_revenue_yoy": -6.268848751065365, 
        "accumulated_operating_revenue": 228749, 
        "long_term_average": 58013, 
        "date": "2015-04-30", 
        "operating_revenue": 60512, 
        "short_term_average": 56170
    }, 
    {
        "accumulated_operating_revenue_yoy": -4.1880489289073, 
        "accumulated_operating_revenue": 294433, 
        "long_term_average": 58215, 
        "date": "2015-05-31", 
        "operating_revenue": 65684, 
        "short_term_average": 57448
    }, 
    {
        "accumulated_operating_revenue_yoy": -1.743172091529684, 
        "accumulated_operating_revenue": 354941, 
        "long_term_average": 58763, 
        "date": "2015-06-30", 
        "operating_revenue": 60508, 
        "short_term_average": 62234
    }, 
    {
        "accumulated_operating_revenue_yoy": 1.4614851093746672, 
        "accumulated_operating_revenue": 428621, 
        "long_term_average": 59802, 
        "date": "2015-07-31", 
        "operating_revenue": 73680, 
        "short_term_average": 66624
    }, 
    {
        "accumulated_operating_revenue_yoy": 2.8647140514673897, 
        "accumulated_operating_revenue": 491825, 
        "long_term_average": 60429, 
        "date": "2015-08-31", 
        "operating_revenue": 63204, 
        "short_term_average": 65797
    }
]