[
    {
        "date": "2011-09-30", 
        "operating_revenue": 275074, 
        "accumulated_operating_revenue": 275074, 
        "long_term_average": 275074, 
        "short_term_average": 275074
    }, 
    {
        "date": "2011-10-31", 
        "operating_revenue": 283669, 
        "accumulated_operating_revenue": 558743, 
        "long_term_average": 279371, 
        "short_term_average": 279371
    }, 
    {
        "date": "2011-11-30", 
        "operating_revenue": 282861, 
        "accumulated_operating_revenue": 841604, 
        "long_term_average": 280534, 
        "short_term_average": 280534
    }, 
    {
        "date": "2011-12-31", 
        "operating_revenue": 261672, 
        "accumulated_operating_revenue": 1103276, 
        "long_term_average": 275819, 
        "short_term_average": 276067
    }, 
    {
        "date": "2012-01-31", 
        "operating_revenue": 238340, 
        "accumulated_operating_revenue": 238340, 
        "long_term_average": 268323, 
        "short_term_average": 260957
    }, 
    {
        "date": "2012-02-29", 
        "operating_revenue": 258868, 
        "accumulated_operating_revenue": 497208, 
        "long_term_average": 266747, 
        "short_term_average": 252960
    }, 
    {
        "date": "2012-03-31", 
        "operating_revenue": 271922, 
        "accumulated_operating_revenue": 769130, 
        "long_term_average": 267486, 
        "short_term_average": 256376
    }, 
    {
        "date": "2012-04-30", 
        "operating_revenue": 294329, 
        "accumulated_operating_revenue": 1063459, 
        "long_term_average": 270841, 
        "short_term_average": 275039
    }, 
    {
        "date": "2012-05-31", 
        "operating_revenue": 352446, 
        "accumulated_operating_revenue": 1415905, 
        "long_term_average": 279909, 
        "short_term_average": 306232
    }, 
    {
        "date": "2012-06-30", 
        "operating_revenue": 301744, 
        "accumulated_operating_revenue": 1717649, 
        "long_term_average": 282092, 
        "short_term_average": 316173
    }, 
    {
        "date": "2012-07-31", 
        "operating_revenue": 314302, 
        "accumulated_operating_revenue": 2031951, 
        "long_term_average": 285020, 
        "short_term_average": 322830
    }, 
    {
        "date": "2012-08-31", 
        "operating_revenue": 284362, 
        "accumulated_operating_revenue": 2316313, 
        "long_term_average": 284965, 
        "short_term_average": 300136
    }, 
    {
        "accumulated_operating_revenue_yoy": 830.93531195242, 
        "accumulated_operating_revenue": 2560761, 
        "long_term_average": 282413, 
        "date": "2012-09-30", 
        "operating_revenue": 244448, 
        "short_term_average": 281037
    }, 
    {
        "accumulated_operating_revenue_yoy": 397.38126473172815, 
        "accumulated_operating_revenue": 2779083, 
        "long_term_average": 276968, 
        "date": "2012-10-31", 
        "operating_revenue": 218322, 
        "short_term_average": 249044
    }, 
    {
        "accumulated_operating_revenue_yoy": 255.711118293164, 
        "accumulated_operating_revenue": 2993679, 
        "long_term_average": 271279, 
        "date": "2012-11-30", 
        "operating_revenue": 214596, 
        "short_term_average": 225788
    }, 
    {
        "accumulated_operating_revenue_yoy": 190.09930425387665, 
        "accumulated_operating_revenue": 3200596, 
        "long_term_average": 266716, 
        "date": "2012-12-31", 
        "operating_revenue": 206917, 
        "short_term_average": 213278
    }, 
    {
        "accumulated_operating_revenue_yoy": 15.636066124024502, 
        "accumulated_operating_revenue": 275607, 
        "long_term_average": 269821, 
        "date": "2013-01-31", 
        "operating_revenue": 275607, 
        "short_term_average": 232373
    }, 
    {
        "accumulated_operating_revenue_yoy": 2.038382326913485, 
        "accumulated_operating_revenue": 507343, 
        "long_term_average": 267560, 
        "date": "2013-02-28", 
        "operating_revenue": 231736, 
        "short_term_average": 238086
    }, 
    {
        "accumulated_operating_revenue_yoy": -2.0749418173780767, 
        "accumulated_operating_revenue": 753171, 
        "long_term_average": 265386, 
        "date": "2013-03-31", 
        "operating_revenue": 245828, 
        "short_term_average": 251057
    }, 
    {
        "accumulated_operating_revenue_yoy": -4.556075974720229, 
        "accumulated_operating_revenue": 1015007, 
        "long_term_average": 262678, 
        "date": "2013-04-30", 
        "operating_revenue": 261836, 
        "short_term_average": 246466
    }, 
    {
        "accumulated_operating_revenue_yoy": -9.295750774239798, 
        "accumulated_operating_revenue": 1284286, 
        "long_term_average": 255748, 
        "date": "2013-05-31", 
        "operating_revenue": 269279, 
        "short_term_average": 258981
    }, 
    {
        "accumulated_operating_revenue_yoy": -10.726231028574523, 
        "accumulated_operating_revenue": 1533410, 
        "long_term_average": 251363, 
        "date": "2013-06-30", 
        "operating_revenue": 249124, 
        "short_term_average": 260079
    }, 
    {
        "accumulated_operating_revenue_yoy": -12.53194589830168, 
        "accumulated_operating_revenue": 1777308, 
        "long_term_average": 245496, 
        "date": "2013-07-31", 
        "operating_revenue": 243898, 
        "short_term_average": 254100
    }, 
    {
        "accumulated_operating_revenue_yoy": -12.653471270937908, 
        "accumulated_operating_revenue": 2023219, 
        "long_term_average": 242291, 
        "date": "2013-08-31", 
        "operating_revenue": 245911, 
        "short_term_average": 246311
    }, 
    {
        "accumulated_operating_revenue_yoy": -11.398642825316381, 
        "accumulated_operating_revenue": 2268869, 
        "long_term_average": 242392, 
        "date": "2013-09-30", 
        "operating_revenue": 245650, 
        "short_term_average": 245153
    }, 
    {
        "accumulated_operating_revenue_yoy": -9.438077236268223, 
        "accumulated_operating_revenue": 2516791, 
        "long_term_average": 244858, 
        "date": "2013-10-31", 
        "operating_revenue": 247922, 
        "short_term_average": 246494
    }, 
    {
        "accumulated_operating_revenue_yoy": -7.503610106494383, 
        "accumulated_operating_revenue": 2769045, 
        "long_term_average": 247996, 
        "date": "2013-11-30", 
        "operating_revenue": 252254, 
        "short_term_average": 248608
    }, 
    {
        "accumulated_operating_revenue_yoy": -4.892526266982775, 
        "accumulated_operating_revenue": 3044006, 
        "long_term_average": 253667, 
        "date": "2013-12-31", 
        "operating_revenue": 274961, 
        "short_term_average": 258379
    }, 
    {
        "accumulated_operating_revenue_yoy": 12.945607332179518, 
        "accumulated_operating_revenue": 311286, 
        "long_term_average": 256640, 
        "date": "2014-01-31", 
        "operating_revenue": 311286, 
        "short_term_average": 279500
    }, 
    {
        "accumulated_operating_revenue_yoy": 9.193583039482164, 
        "accumulated_operating_revenue": 553986, 
        "long_term_average": 257554, 
        "date": "2014-02-28", 
        "operating_revenue": 242700, 
        "short_term_average": 276315
    }, 
    {
        "accumulated_operating_revenue_yoy": 9.76365261009784, 
        "accumulated_operating_revenue": 826708, 
        "long_term_average": 259795, 
        "date": "2014-03-31", 
        "operating_revenue": 272722, 
        "short_term_average": 275569
    }, 
    {
        "accumulated_operating_revenue_yoy": 10.580813728378228, 
        "accumulated_operating_revenue": 1122403, 
        "long_term_average": 262616, 
        "date": "2014-04-30", 
        "operating_revenue": 295695, 
        "short_term_average": 270372
    }, 
    {
        "accumulated_operating_revenue_yoy": 11.635959591555151, 
        "accumulated_operating_revenue": 1433725, 
        "long_term_average": 266120, 
        "date": "2014-05-31", 
        "operating_revenue": 311322, 
        "short_term_average": 293246
    }, 
    {
        "accumulated_operating_revenue_yoy": 14.896407353545365, 
        "accumulated_operating_revenue": 1761833, 
        "long_term_average": 272702, 
        "date": "2014-06-30", 
        "operating_revenue": 328108, 
        "short_term_average": 311708
    }, 
    {
        "accumulated_operating_revenue_yoy": 17.937127385911726, 
        "accumulated_operating_revenue": 2096106, 
        "long_term_average": 280233, 
        "date": "2014-07-31", 
        "operating_revenue": 334273, 
        "short_term_average": 324567
    }, 
    {
        "accumulated_operating_revenue_yoy": 19.43768815931444, 
        "accumulated_operating_revenue": 2416486, 
        "long_term_average": 286439, 
        "date": "2014-08-31", 
        "operating_revenue": 320380, 
        "short_term_average": 327587
    }, 
    {
        "accumulated_operating_revenue_yoy": 19.88162383989556, 
        "accumulated_operating_revenue": 2719957, 
        "long_term_average": 291257, 
        "date": "2014-09-30", 
        "operating_revenue": 303471, 
        "short_term_average": 319374
    }, 
    {
        "accumulated_operating_revenue_yoy": 19.050052229207747, 
        "accumulated_operating_revenue": 2996241, 
        "long_term_average": 293621, 
        "date": "2014-10-31", 
        "operating_revenue": 276284, 
        "short_term_average": 300045
    }, 
    {
        "accumulated_operating_revenue_yoy": 17.21517707368425, 
        "accumulated_operating_revenue": 3245741, 
        "long_term_average": 293391, 
        "date": "2014-11-30", 
        "operating_revenue": 249500, 
        "short_term_average": 276418
    }, 
    {
        "accumulated_operating_revenue_yoy": 14.52047072180541, 
        "accumulated_operating_revenue": 3486010, 
        "long_term_average": 290500, 
        "date": "2014-12-31", 
        "operating_revenue": 240269, 
        "short_term_average": 255351
    }, 
    {
        "accumulated_operating_revenue_yoy": -12.236978212961713, 
        "accumulated_operating_revenue": 273194, 
        "long_term_average": 287326, 
        "date": "2015-01-31", 
        "operating_revenue": 273194, 
        "short_term_average": 254321
    }, 
    {
        "accumulated_operating_revenue_yoy": -12.577393652547176, 
        "accumulated_operating_revenue": 484309, 
        "long_term_average": 284694, 
        "date": "2015-02-28", 
        "operating_revenue": 211115, 
        "short_term_average": 241526
    }, 
    {
        "accumulated_operating_revenue_yoy": -12.67799513250144, 
        "accumulated_operating_revenue": 721898, 
        "long_term_average": 281766, 
        "date": "2015-03-31", 
        "operating_revenue": 237589, 
        "short_term_average": 240632
    }, 
    {
        "accumulated_operating_revenue_yoy": -16.71850485075325, 
        "accumulated_operating_revenue": 934754, 
        "long_term_average": 274863, 
        "date": "2015-04-30", 
        "operating_revenue": 212856, 
        "short_term_average": 220520
    }, 
    {
        "accumulated_operating_revenue_yoy": -19.673926310833668, 
        "accumulated_operating_revenue": 1151655, 
        "long_term_average": 266995, 
        "date": "2015-05-31", 
        "operating_revenue": 216901, 
        "short_term_average": 222448
    }, 
    {
        "accumulated_operating_revenue_yoy": -22.34945082763236, 
        "accumulated_operating_revenue": 1368073, 
        "long_term_average": 257687, 
        "date": "2015-06-30", 
        "operating_revenue": 216418, 
        "short_term_average": 215391
    }, 
    {
        "accumulated_operating_revenue_yoy": -24.027983317637563, 
        "accumulated_operating_revenue": 1592454, 
        "long_term_average": 248529, 
        "date": "2015-07-31", 
        "operating_revenue": 224381, 
        "short_term_average": 219233
    }, 
    {
        "accumulated_operating_revenue_yoy": -23.680915180141742, 
        "accumulated_operating_revenue": 1844240, 
        "long_term_average": 242813, 
        "date": "2015-08-31", 
        "operating_revenue": 251786, 
        "short_term_average": 230861
    }
]