[
    {
        "date": "2011-09-30", 
        "operating_revenue": 1434922, 
        "accumulated_operating_revenue": 1434922, 
        "long_term_average": 1434922, 
        "short_term_average": 1434922
    }, 
    {
        "date": "2011-10-31", 
        "operating_revenue": 1561274, 
        "accumulated_operating_revenue": 2996196, 
        "long_term_average": 1498098, 
        "short_term_average": 1498098
    }, 
    {
        "date": "2011-11-30", 
        "operating_revenue": 1297706, 
        "accumulated_operating_revenue": 4293902, 
        "long_term_average": 1431300, 
        "short_term_average": 1431300
    }, 
    {
        "date": "2011-12-31", 
        "operating_revenue": 1440109, 
        "accumulated_operating_revenue": 5734011, 
        "long_term_average": 1433502, 
        "short_term_average": 1433029
    }, 
    {
        "date": "2012-01-31", 
        "operating_revenue": 903321, 
        "accumulated_operating_revenue": 903321, 
        "long_term_average": 1327466, 
        "short_term_average": 1213712
    }, 
    {
        "date": "2012-02-29", 
        "operating_revenue": 844926, 
        "accumulated_operating_revenue": 1748247, 
        "long_term_average": 1247043, 
        "short_term_average": 1062785
    }, 
    {
        "date": "2012-03-31", 
        "operating_revenue": 1075209, 
        "accumulated_operating_revenue": 2823456, 
        "long_term_average": 1222495, 
        "short_term_average": 941152
    }, 
    {
        "date": "2012-04-30", 
        "operating_revenue": 1089484, 
        "accumulated_operating_revenue": 3912940, 
        "long_term_average": 1205868, 
        "short_term_average": 1003206
    }, 
    {
        "date": "2012-05-31", 
        "operating_revenue": 1026026, 
        "accumulated_operating_revenue": 4938966, 
        "long_term_average": 1185886, 
        "short_term_average": 1063573
    }, 
    {
        "date": "2012-06-30", 
        "operating_revenue": 1769542, 
        "accumulated_operating_revenue": 6708508, 
        "long_term_average": 1244251, 
        "short_term_average": 1295017
    }, 
    {
        "date": "2012-07-31", 
        "operating_revenue": 996594, 
        "accumulated_operating_revenue": 7705102, 
        "long_term_average": 1221737, 
        "short_term_average": 1264054
    }, 
    {
        "date": "2012-08-31", 
        "operating_revenue": 906336, 
        "accumulated_operating_revenue": 8611438, 
        "long_term_average": 1195454, 
        "short_term_average": 1224157
    }, 
    {
        "accumulated_operating_revenue_yoy": 564.8470091057214, 
        "accumulated_operating_revenue": 9540036, 
        "long_term_average": 1153260, 
        "date": "2012-09-30", 
        "operating_revenue": 928598, 
        "short_term_average": 943842
    }, 
    {
        "accumulated_operating_revenue_yoy": 248.35638255975243, 
        "accumulated_operating_revenue": 10437440, 
        "long_term_average": 1097937, 
        "date": "2012-10-31", 
        "operating_revenue": 897404, 
        "short_term_average": 910779
    }, 
    {
        "accumulated_operating_revenue_yoy": 168.39967470147198, 
        "accumulated_operating_revenue": 11524819, 
        "long_term_average": 1080410, 
        "date": "2012-11-30", 
        "operating_revenue": 1087379, 
        "short_term_average": 971127
    }, 
    {
        "accumulated_operating_revenue_yoy": 119.20929345967421, 
        "accumulated_operating_revenue": 12569485, 
        "long_term_average": 1047457, 
        "date": "2012-12-31", 
        "operating_revenue": 1044666, 
        "short_term_average": 1009816
    }, 
    {
        "accumulated_operating_revenue_yoy": -10.29755756812916, 
        "accumulated_operating_revenue": 810301, 
        "long_term_average": 1039705, 
        "date": "2013-01-31", 
        "operating_revenue": 810301, 
        "short_term_average": 980782
    }, 
    {
        "accumulated_operating_revenue_yoy": -8.327541817603576, 
        "accumulated_operating_revenue": 1602661, 
        "long_term_average": 1035324, 
        "date": "2013-02-28", 
        "operating_revenue": 792360, 
        "short_term_average": 882442
    }, 
    {
        "accumulated_operating_revenue_yoy": -13.055241519612842, 
        "accumulated_operating_revenue": 2454847, 
        "long_term_average": 1016739, 
        "date": "2013-03-31", 
        "operating_revenue": 852186, 
        "short_term_average": 818282
    }, 
    {
        "accumulated_operating_revenue_yoy": -3.5841592255439645, 
        "accumulated_operating_revenue": 3772694, 
        "long_term_average": 1035769, 
        "date": "2013-04-30", 
        "operating_revenue": 1317847, 
        "short_term_average": 987464
    }, 
    {
        "accumulated_operating_revenue_yoy": -1.3560733157507059, 
        "accumulated_operating_revenue": 4871990, 
        "long_term_average": 1041875, 
        "date": "2013-05-31", 
        "operating_revenue": 1099296, 
        "short_term_average": 1089776
    }, 
    {
        "accumulated_operating_revenue_yoy": -14.483906108481944, 
        "accumulated_operating_revenue": 5736854, 
        "long_term_average": 966485, 
        "date": "2013-06-30", 
        "operating_revenue": 864864, 
        "short_term_average": 1094002
    }, 
    {
        "accumulated_operating_revenue_yoy": -16.15308921283586, 
        "accumulated_operating_revenue": 6460490, 
        "long_term_average": 943739, 
        "date": "2013-07-31", 
        "operating_revenue": 723636, 
        "short_term_average": 895932
    }, 
    {
        "accumulated_operating_revenue_yoy": -15.05023899608869, 
        "accumulated_operating_revenue": 7315396, 
        "long_term_average": 939453, 
        "date": "2013-08-31", 
        "operating_revenue": 854906, 
        "short_term_average": 814468
    }, 
    {
        "accumulated_operating_revenue_yoy": -12.722970856713747, 
        "accumulated_operating_revenue": 8326260, 
        "long_term_average": 946309, 
        "date": "2013-09-30", 
        "operating_revenue": 1010864, 
        "short_term_average": 863135
    }, 
    {
        "accumulated_operating_revenue_yoy": -7.596575405463408, 
        "accumulated_operating_revenue": 9644552, 
        "long_term_average": 981383, 
        "date": "2013-10-31", 
        "operating_revenue": 1318292, 
        "short_term_average": 1061354
    }, 
    {
        "accumulated_operating_revenue_yoy": -2.618461947211492, 
        "accumulated_operating_revenue": 11223046, 
        "long_term_average": 1022309, 
        "date": "2013-11-30", 
        "operating_revenue": 1578494, 
        "short_term_average": 1302550
    }, 
    {
        "accumulated_operating_revenue_yoy": -2.4225733989896963, 
        "accumulated_operating_revenue": 12264980, 
        "long_term_average": 1022081, 
        "date": "2013-12-31", 
        "operating_revenue": 1041934, 
        "short_term_average": 1312906
    }, 
    {
        "accumulated_operating_revenue_yoy": 42.495443051409296, 
        "accumulated_operating_revenue": 1154642, 
        "long_term_average": 1050776, 
        "date": "2014-01-31", 
        "operating_revenue": 1154642, 
        "short_term_average": 1258356
    }, 
    {
        "accumulated_operating_revenue_yoy": 10.8727297912659, 
        "accumulated_operating_revenue": 1776914, 
        "long_term_average": 1036602, 
        "date": "2014-02-28", 
        "operating_revenue": 622272, 
        "short_term_average": 939616
    }, 
    {
        "accumulated_operating_revenue_yoy": 6.2759919457302225, 
        "accumulated_operating_revenue": 2608913, 
        "long_term_average": 1034920, 
        "date": "2014-03-31", 
        "operating_revenue": 831999, 
        "short_term_average": 869637
    }, 
    {
        "accumulated_operating_revenue_yoy": 1.0157993200614734, 
        "accumulated_operating_revenue": 3811017, 
        "long_term_average": 1025275, 
        "date": "2014-04-30", 
        "operating_revenue": 1202104, 
        "short_term_average": 885458
    }, 
    {
        "accumulated_operating_revenue_yoy": 1.221903164825872, 
        "accumulated_operating_revenue": 4931521, 
        "long_term_average": 1027042, 
        "date": "2014-05-31", 
        "operating_revenue": 1120504, 
        "short_term_average": 1051535
    }, 
    {
        "accumulated_operating_revenue_yoy": 7.69949871480083, 
        "accumulated_operating_revenue": 6178563, 
        "long_term_average": 1058890, 
        "date": "2014-06-30", 
        "operating_revenue": 1247042, 
        "short_term_average": 1189883
    }, 
    {
        "accumulated_operating_revenue_yoy": 9.632179602475974, 
        "accumulated_operating_revenue": 7082776, 
        "long_term_average": 1073938, 
        "date": "2014-07-31", 
        "operating_revenue": 904213, 
        "short_term_average": 1090586
    }, 
    {
        "accumulated_operating_revenue_yoy": 11.566837940147053, 
        "accumulated_operating_revenue": 8161556, 
        "long_term_average": 1092595, 
        "date": "2014-08-31", 
        "operating_revenue": 1078780, 
        "short_term_average": 1076678
    }, 
    {
        "accumulated_operating_revenue_yoy": 14.46954575043297, 
        "accumulated_operating_revenue": 9531032, 
        "long_term_average": 1122479, 
        "date": "2014-09-30", 
        "operating_revenue": 1369476, 
        "short_term_average": 1117489
    }, 
    {
        "accumulated_operating_revenue_yoy": 16.754692182695475, 
        "accumulated_operating_revenue": 11260467, 
        "long_term_average": 1156741, 
        "date": "2014-10-31", 
        "operating_revenue": 1729435, 
        "short_term_average": 1392563
    }, 
    {
        "accumulated_operating_revenue_yoy": 15.087089547703894, 
        "accumulated_operating_revenue": 12916277, 
        "long_term_average": 1163184, 
        "date": "2014-11-30", 
        "operating_revenue": 1655810, 
        "short_term_average": 1584907
    }, 
    {
        "accumulated_operating_revenue_yoy": 18.595268805982563, 
        "accumulated_operating_revenue": 14545686, 
        "long_term_average": 1212140, 
        "date": "2014-12-31", 
        "operating_revenue": 1629409, 
        "short_term_average": 1671551
    }, 
    {
        "accumulated_operating_revenue_yoy": -16.074592817514, 
        "accumulated_operating_revenue": 969038, 
        "long_term_average": 1196673, 
        "date": "2015-01-31", 
        "operating_revenue": 969038, 
        "short_term_average": 1418085
    }, 
    {
        "accumulated_operating_revenue_yoy": 2.000040519687503, 
        "accumulated_operating_revenue": 1812453, 
        "long_term_average": 1215102, 
        "date": "2015-02-28", 
        "operating_revenue": 843415, 
        "short_term_average": 1147287
    }, 
    {
        "accumulated_operating_revenue_yoy": 1.2466877967950638, 
        "accumulated_operating_revenue": 2641438, 
        "long_term_average": 1214850, 
        "date": "2015-03-31", 
        "operating_revenue": 828985, 
        "short_term_average": 880479
    }, 
    {
        "accumulated_operating_revenue_yoy": -0.3120426909667419, 
        "accumulated_operating_revenue": 3799125, 
        "long_term_average": 1211149, 
        "date": "2015-04-30", 
        "operating_revenue": 1157687, 
        "short_term_average": 943362
    }, 
    {
        "accumulated_operating_revenue_yoy": 5.749078225561647, 
        "accumulated_operating_revenue": 5215038, 
        "long_term_average": 1235766, 
        "date": "2015-05-31", 
        "operating_revenue": 1415913, 
        "short_term_average": 1134195
    }, 
    {
        "accumulated_operating_revenue_yoy": 8.242466735388147, 
        "accumulated_operating_revenue": 6687829, 
        "long_term_average": 1254579, 
        "date": "2015-06-30", 
        "operating_revenue": 1472791, 
        "short_term_average": 1348797
    }, 
    {
        "accumulated_operating_revenue_yoy": 13.987157013012977, 
        "accumulated_operating_revenue": 8073455, 
        "long_term_average": 1294697, 
        "date": "2015-07-31", 
        "operating_revenue": 1385626, 
        "short_term_average": 1424776
    }, 
    {
        "accumulated_operating_revenue_yoy": 15.571626292829455, 
        "accumulated_operating_revenue": 9432443, 
        "long_term_average": 1318047, 
        "date": "2015-08-31", 
        "operating_revenue": 1358988, 
        "short_term_average": 1405801
    }, 
    {
        "accumulated_operating_revenue_yoy": 19.32079338312997, 
        "accumulated_operating_revenue": 11372503, 
        "long_term_average": 1365596, 
        "date": "2015-09-30", 
        "operating_revenue": 1940060, 
        "short_term_average": 1561558
    }
]