[
    {
        "date": "2012-01-31", 
        "operating_revenue": 60610, 
        "accumulated_operating_revenue": 60610, 
        "long_term_average": 60610, 
        "short_term_average": 60610
    }, 
    {
        "date": "2012-02-29", 
        "operating_revenue": 95192, 
        "accumulated_operating_revenue": 155802, 
        "long_term_average": 77901, 
        "short_term_average": 77901
    }, 
    {
        "date": "2012-03-31", 
        "operating_revenue": 172809, 
        "accumulated_operating_revenue": 328611, 
        "long_term_average": 109537, 
        "short_term_average": 109537
    }, 
    {
        "date": "2012-04-30", 
        "operating_revenue": 98135, 
        "accumulated_operating_revenue": 426746, 
        "long_term_average": 106686, 
        "short_term_average": 122045
    }, 
    {
        "date": "2012-05-31", 
        "operating_revenue": 159392, 
        "accumulated_operating_revenue": 586138, 
        "long_term_average": 117227, 
        "short_term_average": 143445
    }, 
    {
        "date": "2012-06-30", 
        "operating_revenue": 163872, 
        "accumulated_operating_revenue": 750010, 
        "long_term_average": 125001, 
        "short_term_average": 140466
    }, 
    {
        "date": "2012-07-31", 
        "operating_revenue": 173369, 
        "accumulated_operating_revenue": 923379, 
        "long_term_average": 131911, 
        "short_term_average": 165544
    }, 
    {
        "date": "2012-08-31", 
        "operating_revenue": 174116, 
        "accumulated_operating_revenue": 1097495, 
        "long_term_average": 137186, 
        "short_term_average": 170452
    }, 
    {
        "date": "2012-09-30", 
        "operating_revenue": 112337, 
        "accumulated_operating_revenue": 1209832, 
        "long_term_average": 134425, 
        "short_term_average": 153274
    }, 
    {
        "date": "2012-10-31", 
        "operating_revenue": 153305, 
        "accumulated_operating_revenue": 1363137, 
        "long_term_average": 136313, 
        "short_term_average": 146586
    }, 
    {
        "date": "2012-11-30", 
        "operating_revenue": 153978, 
        "accumulated_operating_revenue": 1517115, 
        "long_term_average": 137919, 
        "short_term_average": 139873
    }, 
    {
        "date": "2012-12-31", 
        "operating_revenue": 113001, 
        "accumulated_operating_revenue": 1630116, 
        "long_term_average": 135843, 
        "short_term_average": 140094
    }, 
    {
        "accumulated_operating_revenue_yoy": 120.2771819831711, 
        "accumulated_operating_revenue": 133510, 
        "long_term_average": 141918, 
        "date": "2013-01-31", 
        "operating_revenue": 133510, 
        "short_term_average": 133496
    }, 
    {
        "accumulated_operating_revenue_yoy": 59.16162822043363, 
        "accumulated_operating_revenue": 247977, 
        "long_term_average": 143524, 
        "date": "2013-02-28", 
        "operating_revenue": 114467, 
        "short_term_average": 120326
    }, 
    {
        "accumulated_operating_revenue_yoy": 8.821676693719931, 
        "accumulated_operating_revenue": 357600, 
        "long_term_average": 138258, 
        "date": "2013-03-31", 
        "operating_revenue": 109623, 
        "short_term_average": 119200
    }, 
    {
        "accumulated_operating_revenue_yoy": 5.316277129721192, 
        "accumulated_operating_revenue": 449433, 
        "long_term_average": 137733, 
        "date": "2013-04-30", 
        "operating_revenue": 91833, 
        "short_term_average": 105307
    }, 
    {
        "accumulated_operating_revenue_yoy": -5.247740293241524, 
        "accumulated_operating_revenue": 555379, 
        "long_term_average": 133279, 
        "date": "2013-05-31", 
        "operating_revenue": 105946, 
        "short_term_average": 102467
    }, 
    {
        "accumulated_operating_revenue_yoy": -10.135864855135265, 
        "accumulated_operating_revenue": 673990, 
        "long_term_average": 129508, 
        "date": "2013-06-30", 
        "operating_revenue": 118611, 
        "short_term_average": 105463
    }, 
    {
        "accumulated_operating_revenue_yoy": -16.14093454583654, 
        "accumulated_operating_revenue": 774337, 
        "long_term_average": 123422, 
        "date": "2013-07-31", 
        "operating_revenue": 100347, 
        "short_term_average": 108301
    }, 
    {
        "accumulated_operating_revenue_yoy": -22.515820117631517, 
        "accumulated_operating_revenue": 850385, 
        "long_term_average": 115250, 
        "date": "2013-08-31", 
        "operating_revenue": 76048, 
        "short_term_average": 98335
    }, 
    {
        "accumulated_operating_revenue_yoy": -21.853447420798922, 
        "accumulated_operating_revenue": 945442, 
        "long_term_average": 113810, 
        "date": "2013-09-30", 
        "operating_revenue": 95057, 
        "short_term_average": 90484
    }, 
    {
        "accumulated_operating_revenue_yoy": -21.674270451172553, 
        "accumulated_operating_revenue": 1067687, 
        "long_term_average": 111222, 
        "date": "2013-10-31", 
        "operating_revenue": 122245, 
        "short_term_average": 97783
    }, 
    {
        "accumulated_operating_revenue_yoy": -21.870523987963995, 
        "accumulated_operating_revenue": 1185314, 
        "long_term_average": 108192, 
        "date": "2013-11-30", 
        "operating_revenue": 117627, 
        "short_term_average": 111643
    }, 
    {
        "accumulated_operating_revenue_yoy": -17.66512321822496, 
        "accumulated_operating_revenue": 1342154, 
        "long_term_average": 111846, 
        "date": "2013-12-31", 
        "operating_revenue": 156840, 
        "short_term_average": 132237
    }, 
    {
        "accumulated_operating_revenue_yoy": -25.752378099018802, 
        "accumulated_operating_revenue": 99128, 
        "long_term_average": 108981, 
        "date": "2014-01-31", 
        "operating_revenue": 99128, 
        "short_term_average": 124531
    }, 
    {
        "accumulated_operating_revenue_yoy": -31.145630441532884, 
        "accumulated_operating_revenue": 170743, 
        "long_term_average": 105410, 
        "date": "2014-02-28", 
        "operating_revenue": 71615, 
        "short_term_average": 109194
    }, 
    {
        "accumulated_operating_revenue_yoy": -21.550335570469798, 
        "accumulated_operating_revenue": 280536, 
        "long_term_average": 105424, 
        "date": "2014-03-31", 
        "operating_revenue": 109793, 
        "short_term_average": 93512
    }, 
    {
        "accumulated_operating_revenue_yoy": -16.73797874210394, 
        "accumulated_operating_revenue": 374207, 
        "long_term_average": 105577, 
        "date": "2014-04-30", 
        "operating_revenue": 93671, 
        "short_term_average": 91693
    }, 
    {
        "accumulated_operating_revenue_yoy": -13.275258877271195, 
        "accumulated_operating_revenue": 481651, 
        "long_term_average": 105702, 
        "date": "2014-05-31", 
        "operating_revenue": 107444, 
        "short_term_average": 103636
    }, 
    {
        "accumulated_operating_revenue_yoy": -3.853172895740293, 
        "accumulated_operating_revenue": 648020, 
        "long_term_average": 109682, 
        "date": "2014-06-30", 
        "operating_revenue": 166369, 
        "short_term_average": 122494
    }, 
    {
        "accumulated_operating_revenue_yoy": -3.7677393692926984, 
        "accumulated_operating_revenue": 745162, 
        "long_term_average": 109414, 
        "date": "2014-07-31", 
        "operating_revenue": 97142, 
        "short_term_average": 123651
    }, 
    {
        "accumulated_operating_revenue_yoy": -0.7787061154653481, 
        "accumulated_operating_revenue": 843763, 
        "long_term_average": 111294, 
        "date": "2014-08-31", 
        "operating_revenue": 98601, 
        "short_term_average": 120704
    }, 
    {
        "accumulated_operating_revenue_yoy": 3.9748604356480888, 
        "accumulated_operating_revenue": 983022, 
        "long_term_average": 114977, 
        "date": "2014-09-30", 
        "operating_revenue": 139259, 
        "short_term_average": 111667
    }, 
    {
        "accumulated_operating_revenue_yoy": -0.6869054320226808, 
        "accumulated_operating_revenue": 1060353, 
        "long_term_average": 111235, 
        "date": "2014-10-31", 
        "operating_revenue": 77331, 
        "short_term_average": 105063
    }, 
    {
        "accumulated_operating_revenue_yoy": -0.2566408563469258, 
        "accumulated_operating_revenue": 1182272, 
        "long_term_average": 111592, 
        "date": "2014-11-30", 
        "operating_revenue": 121919, 
        "short_term_average": 112836
    }, 
    {
        "accumulated_operating_revenue_yoy": -0.9861759529830406, 
        "accumulated_operating_revenue": 1328918, 
        "long_term_average": 110743, 
        "date": "2014-12-31", 
        "operating_revenue": 146646, 
        "short_term_average": 115298
    }, 
    {
        "accumulated_operating_revenue_yoy": 9.044871277540151, 
        "accumulated_operating_revenue": 108094, 
        "long_term_average": 111490, 
        "date": "2015-01-31", 
        "operating_revenue": 108094, 
        "short_term_average": 125553
    }, 
    {
        "accumulated_operating_revenue_yoy": 2.386042180352928, 
        "accumulated_operating_revenue": 174817, 
        "long_term_average": 111082, 
        "date": "2015-02-28", 
        "operating_revenue": 66723, 
        "short_term_average": 107154
    }, 
    {
        "accumulated_operating_revenue_yoy": -1.527433199304189, 
        "accumulated_operating_revenue": 276251, 
        "long_term_average": 110386, 
        "date": "2015-03-31", 
        "operating_revenue": 101434, 
        "short_term_average": 92083
    }, 
    {
        "accumulated_operating_revenue_yoy": -1.5710555922256932, 
        "accumulated_operating_revenue": 368328, 
        "long_term_average": 110253, 
        "date": "2015-04-30", 
        "operating_revenue": 92077, 
        "short_term_average": 86744
    }, 
    {
        "accumulated_operating_revenue_yoy": -4.378066276204139, 
        "accumulated_operating_revenue": 460564, 
        "long_term_average": 108985, 
        "date": "2015-05-31", 
        "operating_revenue": 92236, 
        "short_term_average": 95249
    }, 
    {
        "accumulated_operating_revenue_yoy": 0.21712292830468197, 
        "accumulated_operating_revenue": 649427, 
        "long_term_average": 110860, 
        "date": "2015-06-30", 
        "operating_revenue": 188863, 
        "short_term_average": 124392
    }, 
    {
        "accumulated_operating_revenue_yoy": 6.053985576290794, 
        "accumulated_operating_revenue": 790274, 
        "long_term_average": 114502, 
        "date": "2015-07-31", 
        "operating_revenue": 140847, 
        "short_term_average": 140648
    }, 
    {
        "accumulated_operating_revenue_yoy": 8.067194223970475, 
        "accumulated_operating_revenue": 911831, 
        "long_term_average": 116415, 
        "date": "2015-08-31", 
        "operating_revenue": 121557, 
        "short_term_average": 150422
    }
]