[
    {
        "date": "2011-09-30", 
        "operating_revenue": 361247, 
        "accumulated_operating_revenue": 361247, 
        "long_term_average": 361247, 
        "short_term_average": 361247
    }, 
    {
        "date": "2011-10-31", 
        "operating_revenue": 340110, 
        "accumulated_operating_revenue": 701357, 
        "long_term_average": 350678, 
        "short_term_average": 350678
    }, 
    {
        "date": "2011-11-30", 
        "operating_revenue": 348440, 
        "accumulated_operating_revenue": 1049797, 
        "long_term_average": 349932, 
        "short_term_average": 349932
    }, 
    {
        "date": "2011-12-31", 
        "operating_revenue": 305135, 
        "accumulated_operating_revenue": 1354932, 
        "long_term_average": 338733, 
        "short_term_average": 331228
    }, 
    {
        "date": "2012-01-31", 
        "operating_revenue": 262118, 
        "accumulated_operating_revenue": 262118, 
        "long_term_average": 323410, 
        "short_term_average": 305231
    }, 
    {
        "date": "2012-02-29", 
        "operating_revenue": 289210, 
        "accumulated_operating_revenue": 551328, 
        "long_term_average": 317710, 
        "short_term_average": 285487
    }, 
    {
        "date": "2012-03-31", 
        "operating_revenue": 326341, 
        "accumulated_operating_revenue": 877669, 
        "long_term_average": 318943, 
        "short_term_average": 292556
    }, 
    {
        "date": "2012-04-30", 
        "operating_revenue": 264800, 
        "accumulated_operating_revenue": 1142469, 
        "long_term_average": 312175, 
        "short_term_average": 293450
    }, 
    {
        "date": "2012-05-31", 
        "operating_revenue": 295651, 
        "accumulated_operating_revenue": 1438120, 
        "long_term_average": 310339, 
        "short_term_average": 295597
    }, 
    {
        "date": "2012-06-30", 
        "operating_revenue": 268726, 
        "accumulated_operating_revenue": 1706846, 
        "long_term_average": 306177, 
        "short_term_average": 276392
    }, 
    {
        "date": "2012-07-31", 
        "operating_revenue": 330796, 
        "accumulated_operating_revenue": 2037642, 
        "long_term_average": 308415, 
        "short_term_average": 298391
    }, 
    {
        "date": "2012-08-31", 
        "operating_revenue": 319486, 
        "accumulated_operating_revenue": 2357128, 
        "long_term_average": 309338, 
        "short_term_average": 306336
    }, 
    {
        "accumulated_operating_revenue_yoy": 638.7961699335912, 
        "accumulated_operating_revenue": 2668879, 
        "long_term_average": 305213, 
        "date": "2012-09-30", 
        "operating_revenue": 311751, 
        "short_term_average": 320677
    }, 
    {
        "accumulated_operating_revenue_yoy": 317.9644603247704, 
        "accumulated_operating_revenue": 2931423, 
        "long_term_average": 298749, 
        "date": "2012-10-31", 
        "operating_revenue": 262544, 
        "short_term_average": 297927
    }, 
    {
        "accumulated_operating_revenue_yoy": 204.57831371207956, 
        "accumulated_operating_revenue": 3197454, 
        "long_term_average": 291882, 
        "date": "2012-11-30", 
        "operating_revenue": 266031, 
        "short_term_average": 280108
    }, 
    {
        "accumulated_operating_revenue_yoy": 153.22119486439172, 
        "accumulated_operating_revenue": 3430975, 
        "long_term_average": 285914, 
        "date": "2012-12-31", 
        "operating_revenue": 233521, 
        "short_term_average": 254032
    }, 
    {
        "accumulated_operating_revenue_yoy": -6.16134717951457, 
        "accumulated_operating_revenue": 245968, 
        "long_term_average": 284568, 
        "date": "2013-01-31", 
        "operating_revenue": 245968, 
        "short_term_average": 248506
    }, 
    {
        "accumulated_operating_revenue_yoy": -25.49353560856695, 
        "accumulated_operating_revenue": 410775, 
        "long_term_average": 274201, 
        "date": "2013-02-28", 
        "operating_revenue": 164807, 
        "short_term_average": 214765
    }, 
    {
        "accumulated_operating_revenue_yoy": -26.025187171929282, 
        "accumulated_operating_revenue": 649254, 
        "long_term_average": 266880, 
        "date": "2013-03-31", 
        "operating_revenue": 238479, 
        "short_term_average": 216418
    }, 
    {
        "accumulated_operating_revenue_yoy": -17.711902905024118, 
        "accumulated_operating_revenue": 940116, 
        "long_term_average": 269051, 
        "date": "2013-04-30", 
        "operating_revenue": 290862, 
        "short_term_average": 231382
    }, 
    {
        "accumulated_operating_revenue_yoy": -13.512224292826748, 
        "accumulated_operating_revenue": 1243798, 
        "long_term_average": 269721, 
        "date": "2013-05-31", 
        "operating_revenue": 303682, 
        "short_term_average": 277674
    }, 
    {
        "accumulated_operating_revenue_yoy": -13.438002022443735, 
        "accumulated_operating_revenue": 1477480, 
        "long_term_average": 266800, 
        "date": "2013-06-30", 
        "operating_revenue": 233682, 
        "short_term_average": 276075
    }, 
    {
        "accumulated_operating_revenue_yoy": -14.556286138585678, 
        "accumulated_operating_revenue": 1741037, 
        "long_term_average": 261197, 
        "date": "2013-07-31", 
        "operating_revenue": 263557, 
        "short_term_average": 266973
    }, 
    {
        "accumulated_operating_revenue_yoy": -14.86864523267298, 
        "accumulated_operating_revenue": 2006655, 
        "long_term_average": 256708, 
        "date": "2013-08-31", 
        "operating_revenue": 265618, 
        "short_term_average": 254285
    }, 
    {
        "accumulated_operating_revenue_yoy": -14.94320274542233, 
        "accumulated_operating_revenue": 2270063, 
        "long_term_average": 252679, 
        "date": "2013-09-30", 
        "operating_revenue": 263408, 
        "short_term_average": 264194
    }, 
    {
        "accumulated_operating_revenue_yoy": -13.42764247943746, 
        "accumulated_operating_revenue": 2537802, 
        "long_term_average": 253112, 
        "date": "2013-10-31", 
        "operating_revenue": 267739, 
        "short_term_average": 265588
    }, 
    {
        "accumulated_operating_revenue_yoy": -11.154437249136343, 
        "accumulated_operating_revenue": 2840796, 
        "long_term_average": 256193, 
        "date": "2013-11-30", 
        "operating_revenue": 302994, 
        "short_term_average": 278047
    }, 
    {
        "accumulated_operating_revenue_yoy": -9.094003891022231, 
        "accumulated_operating_revenue": 3118962, 
        "long_term_average": 259913, 
        "date": "2013-12-31", 
        "operating_revenue": 278166, 
        "short_term_average": 282966
    }, 
    {
        "accumulated_operating_revenue_yoy": -2.459262993560138, 
        "accumulated_operating_revenue": 239919, 
        "long_term_average": 259409, 
        "date": "2014-01-31", 
        "operating_revenue": 239919, 
        "short_term_average": 273693
    }, 
    {
        "accumulated_operating_revenue_yoy": 5.661250076075711, 
        "accumulated_operating_revenue": 434030, 
        "long_term_average": 261851, 
        "date": "2014-02-28", 
        "operating_revenue": 194111, 
        "short_term_average": 237398
    }, 
    {
        "accumulated_operating_revenue_yoy": 8.527787275858138, 
        "accumulated_operating_revenue": 704621, 
        "long_term_average": 264527, 
        "date": "2014-03-31", 
        "operating_revenue": 270591, 
        "short_term_average": 234873
    }, 
    {
        "accumulated_operating_revenue_yoy": 3.5019082751490247, 
        "accumulated_operating_revenue": 973038, 
        "long_term_average": 262657, 
        "date": "2014-04-30", 
        "operating_revenue": 268417, 
        "short_term_average": 244373
    }, 
    {
        "accumulated_operating_revenue_yoy": -2.8929134795199865, 
        "accumulated_operating_revenue": 1207816, 
        "long_term_average": 256915, 
        "date": "2014-05-31", 
        "operating_revenue": 234778, 
        "short_term_average": 257928
    }, 
    {
        "accumulated_operating_revenue_yoy": -1.291184990659772, 
        "accumulated_operating_revenue": 1458403, 
        "long_term_average": 258323, 
        "date": "2014-06-30", 
        "operating_revenue": 250587, 
        "short_term_average": 251260
    }, 
    {
        "accumulated_operating_revenue_yoy": -0.4607024434288301, 
        "accumulated_operating_revenue": 1733016, 
        "long_term_average": 259245, 
        "date": "2014-07-31", 
        "operating_revenue": 274613, 
        "short_term_average": 253326
    }, 
    {
        "accumulated_operating_revenue_yoy": 0.8480281862103849, 
        "accumulated_operating_revenue": 2023672, 
        "long_term_average": 261331, 
        "date": "2014-08-31", 
        "operating_revenue": 290656, 
        "short_term_average": 271952
    }, 
    {
        "accumulated_operating_revenue_yoy": 1.2276311274180496, 
        "accumulated_operating_revenue": 2297931, 
        "long_term_average": 262235, 
        "date": "2014-09-30", 
        "operating_revenue": 274259, 
        "short_term_average": 279842
    }, 
    {
        "accumulated_operating_revenue_yoy": 1.2090777767532692, 
        "accumulated_operating_revenue": 2568486, 
        "long_term_average": 262470, 
        "date": "2014-10-31", 
        "operating_revenue": 270555, 
        "short_term_average": 278490
    }, 
    {
        "accumulated_operating_revenue_yoy": -0.11683345090601367, 
        "accumulated_operating_revenue": 2837477, 
        "long_term_average": 259636, 
        "date": "2014-11-30", 
        "operating_revenue": 268991, 
        "short_term_average": 271268
    }, 
    {
        "accumulated_operating_revenue_yoy": -0.4866362591144105, 
        "accumulated_operating_revenue": 3103784, 
        "long_term_average": 258648, 
        "date": "2014-12-31", 
        "operating_revenue": 266307, 
        "short_term_average": 268617
    }, 
    {
        "accumulated_operating_revenue_yoy": 2.3445412826829055, 
        "accumulated_operating_revenue": 245544, 
        "long_term_average": 259117, 
        "date": "2015-01-31", 
        "operating_revenue": 245544, 
        "short_term_average": 260280
    }, 
    {
        "accumulated_operating_revenue_yoy": -10.417482662488768, 
        "accumulated_operating_revenue": 388815, 
        "long_term_average": 254880, 
        "date": "2015-02-28", 
        "operating_revenue": 143271, 
        "short_term_average": 218374
    }, 
    {
        "accumulated_operating_revenue_yoy": -14.10914520004371, 
        "accumulated_operating_revenue": 605205, 
        "long_term_average": 250364, 
        "date": "2015-03-31", 
        "operating_revenue": 216390, 
        "short_term_average": 201735
    }, 
    {
        "accumulated_operating_revenue_yoy": -16.976726499890034, 
        "accumulated_operating_revenue": 807848, 
        "long_term_average": 244882, 
        "date": "2015-04-30", 
        "operating_revenue": 202643, 
        "short_term_average": 187434
    }, 
    {
        "accumulated_operating_revenue_yoy": -18.424495121773514, 
        "accumulated_operating_revenue": 985282, 
        "long_term_average": 240104, 
        "date": "2015-05-31", 
        "operating_revenue": 177434, 
        "short_term_average": 198822
    }, 
    {
        "accumulated_operating_revenue_yoy": -19.495845798452144, 
        "accumulated_operating_revenue": 1174075, 
        "long_term_average": 234954, 
        "date": "2015-06-30", 
        "operating_revenue": 188793, 
        "short_term_average": 189623
    }, 
    {
        "accumulated_operating_revenue_yoy": -20.286021594722726, 
        "accumulated_operating_revenue": 1381456, 
        "long_term_average": 229352, 
        "date": "2015-07-31", 
        "operating_revenue": 207381, 
        "short_term_average": 191202
    }, 
    {
        "accumulated_operating_revenue_yoy": -20.351025264963887, 
        "accumulated_operating_revenue": 1611834, 
        "long_term_average": 224328, 
        "date": "2015-08-31", 
        "operating_revenue": 230378, 
        "short_term_average": 208850
    }, 
    {
        "accumulated_operating_revenue_yoy": -20.313403666167524, 
        "accumulated_operating_revenue": 1831143, 
        "long_term_average": 219749, 
        "date": "2015-09-30", 
        "operating_revenue": 219309, 
        "short_term_average": 219022
    }
]