[
    {
        "date": "2012-01-31", 
        "operating_revenue": 215427, 
        "accumulated_operating_revenue": 215427, 
        "long_term_average": 215427, 
        "short_term_average": 215427
    }, 
    {
        "date": "2012-02-29", 
        "operating_revenue": 287655, 
        "accumulated_operating_revenue": 503082, 
        "long_term_average": 251541, 
        "short_term_average": 251541
    }, 
    {
        "date": "2012-03-31", 
        "operating_revenue": 213166, 
        "accumulated_operating_revenue": 716248, 
        "long_term_average": 238749, 
        "short_term_average": 238749
    }, 
    {
        "date": "2012-04-30", 
        "operating_revenue": 173757, 
        "accumulated_operating_revenue": 890005, 
        "long_term_average": 222501, 
        "short_term_average": 224859
    }, 
    {
        "date": "2012-05-31", 
        "operating_revenue": 241320, 
        "accumulated_operating_revenue": 1131325, 
        "long_term_average": 226265, 
        "short_term_average": 209414
    }, 
    {
        "date": "2012-06-30", 
        "operating_revenue": 444039, 
        "accumulated_operating_revenue": 1575364, 
        "long_term_average": 262560, 
        "short_term_average": 286372
    }, 
    {
        "date": "2012-07-31", 
        "operating_revenue": 289550, 
        "accumulated_operating_revenue": 1864914, 
        "long_term_average": 266416, 
        "short_term_average": 324969
    }, 
    {
        "date": "2012-08-31", 
        "operating_revenue": 415862, 
        "accumulated_operating_revenue": 2280776, 
        "long_term_average": 285097, 
        "short_term_average": 383150
    }, 
    {
        "date": "2012-09-30", 
        "operating_revenue": 841376, 
        "accumulated_operating_revenue": 3122152, 
        "long_term_average": 346905, 
        "short_term_average": 515596
    }, 
    {
        "date": "2012-10-31", 
        "operating_revenue": 1067821, 
        "accumulated_operating_revenue": 4189973, 
        "long_term_average": 418997, 
        "short_term_average": 775019
    }, 
    {
        "date": "2012-11-30", 
        "operating_revenue": 1123026, 
        "accumulated_operating_revenue": 5312999, 
        "long_term_average": 482999, 
        "short_term_average": 1010741
    }, 
    {
        "date": "2012-12-31", 
        "operating_revenue": 562143, 
        "accumulated_operating_revenue": 5875142, 
        "long_term_average": 489595, 
        "short_term_average": 917663
    }, 
    {
        "accumulated_operating_revenue_yoy": 100.16432480608279, 
        "accumulated_operating_revenue": 431208, 
        "long_term_average": 507576, 
        "date": "2013-01-31", 
        "operating_revenue": 431208, 
        "short_term_average": 705459
    }, 
    {
        "accumulated_operating_revenue_yoy": 35.95676251585228, 
        "accumulated_operating_revenue": 683974, 
        "long_term_average": 504669, 
        "date": "2013-02-28", 
        "operating_revenue": 252766, 
        "short_term_average": 415372
    }, 
    {
        "accumulated_operating_revenue_yoy": 69.73911270956428, 
        "accumulated_operating_revenue": 1215753, 
        "long_term_average": 531220, 
        "date": "2013-03-31", 
        "operating_revenue": 531779, 
        "short_term_average": 405251
    }, 
    {
        "accumulated_operating_revenue_yoy": 97.38091359037308, 
        "accumulated_operating_revenue": 1756700, 
        "long_term_average": 561819, 
        "date": "2013-04-30", 
        "operating_revenue": 540947, 
        "short_term_average": 441830
    }, 
    {
        "accumulated_operating_revenue_yoy": 110.12122953174375, 
        "accumulated_operating_revenue": 2377154, 
        "long_term_average": 593414, 
        "date": "2013-05-31", 
        "operating_revenue": 620454, 
        "short_term_average": 564393
    }, 
    {
        "accumulated_operating_revenue_yoy": 95.09319750863926, 
        "accumulated_operating_revenue": 3073428, 
        "long_term_average": 614433, 
        "date": "2013-06-30", 
        "operating_revenue": 696274, 
        "short_term_average": 619225
    }, 
    {
        "accumulated_operating_revenue_yoy": 93.2394201555675, 
        "accumulated_operating_revenue": 3603749, 
        "long_term_average": 634498, 
        "date": "2013-07-31", 
        "operating_revenue": 530321, 
        "short_term_average": 615683
    }, 
    {
        "accumulated_operating_revenue_yoy": 81.1865347583454, 
        "accumulated_operating_revenue": 4132459, 
        "long_term_average": 643902, 
        "date": "2013-08-31", 
        "operating_revenue": 528710, 
        "short_term_average": 585101
    }, 
    {
        "accumulated_operating_revenue_yoy": 51.63006157291509, 
        "accumulated_operating_revenue": 4734121, 
        "long_term_average": 623925, 
        "date": "2013-09-30", 
        "operating_revenue": 601662, 
        "short_term_average": 553564
    }, 
    {
        "accumulated_operating_revenue_yoy": 37.65640017250708, 
        "accumulated_operating_revenue": 5767766, 
        "long_term_average": 621077, 
        "date": "2013-10-31", 
        "operating_revenue": 1033645, 
        "short_term_average": 721339
    }, 
    {
        "accumulated_operating_revenue_yoy": 22.125771151095645, 
        "accumulated_operating_revenue": 6488541, 
        "long_term_average": 587557, 
        "date": "2013-11-30", 
        "operating_revenue": 720775, 
        "short_term_average": 785360
    }, 
    {
        "accumulated_operating_revenue_yoy": 21.772733322871176, 
        "accumulated_operating_revenue": 7154321, 
        "long_term_average": 596193, 
        "date": "2013-12-31", 
        "operating_revenue": 665780, 
        "short_term_average": 806733
    }, 
    {
        "accumulated_operating_revenue_yoy": -14.73163763195488, 
        "accumulated_operating_revenue": 367684, 
        "long_term_average": 590899, 
        "date": "2014-01-31", 
        "operating_revenue": 367684, 
        "short_term_average": 584746
    }, 
    {
        "accumulated_operating_revenue_yoy": 3.340331650033481, 
        "accumulated_operating_revenue": 706821, 
        "long_term_average": 598097, 
        "date": "2014-02-28", 
        "operating_revenue": 339137, 
        "short_term_average": 457533
    }, 
    {
        "accumulated_operating_revenue_yoy": -4.05255014793301, 
        "accumulated_operating_revenue": 1166484, 
        "long_term_average": 592087, 
        "date": "2014-03-31", 
        "operating_revenue": 459663, 
        "short_term_average": 388828
    }, 
    {
        "accumulated_operating_revenue_yoy": -7.431490863550977, 
        "accumulated_operating_revenue": 1626151, 
        "long_term_average": 585314, 
        "date": "2014-04-30", 
        "operating_revenue": 459667, 
        "short_term_average": 419489
    }, 
    {
        "accumulated_operating_revenue_yoy": -19.5866149185118, 
        "accumulated_operating_revenue": 1911550, 
        "long_term_average": 557393, 
        "date": "2014-05-31", 
        "operating_revenue": 285399, 
        "short_term_average": 401576
    }, 
    {
        "accumulated_operating_revenue_yoy": -26.064837048403284, 
        "accumulated_operating_revenue": 2272344, 
        "long_term_average": 529436, 
        "date": "2014-06-30", 
        "operating_revenue": 360794, 
        "short_term_average": 368620
    }, 
    {
        "accumulated_operating_revenue_yoy": -28.356192398527202, 
        "accumulated_operating_revenue": 2581863, 
        "long_term_average": 511036, 
        "date": "2014-07-31", 
        "operating_revenue": 309519, 
        "short_term_average": 318570
    }, 
    {
        "accumulated_operating_revenue_yoy": -30.181715051498394, 
        "accumulated_operating_revenue": 2885212, 
        "long_term_average": 492256, 
        "date": "2014-08-31", 
        "operating_revenue": 303349, 
        "short_term_average": 324554
    }, 
    {
        "accumulated_operating_revenue_yoy": -31.372497661128644, 
        "accumulated_operating_revenue": 3248909, 
        "long_term_average": 472425, 
        "date": "2014-09-30", 
        "operating_revenue": 363697, 
        "short_term_average": 325521
    }, 
    {
        "accumulated_operating_revenue_yoy": -34.30300397068813, 
        "accumulated_operating_revenue": 3789249, 
        "long_term_average": 431317, 
        "date": "2014-10-31", 
        "operating_revenue": 540340, 
        "short_term_average": 402462
    }, 
    {
        "accumulated_operating_revenue_yoy": -31.51579068391492, 
        "accumulated_operating_revenue": 4443626, 
        "long_term_average": 425783, 
        "date": "2014-11-30", 
        "operating_revenue": 654377, 
        "short_term_average": 519471
    }, 
    {
        "accumulated_operating_revenue_yoy": -26.836187529186905, 
        "accumulated_operating_revenue": 5234374, 
        "long_term_average": 436197, 
        "date": "2014-12-31", 
        "operating_revenue": 790748, 
        "short_term_average": 661821
    }, 
    {
        "accumulated_operating_revenue_yoy": 16.92023585470132, 
        "accumulated_operating_revenue": 429897, 
        "long_term_average": 441382, 
        "date": "2015-01-31", 
        "operating_revenue": 429897, 
        "short_term_average": 625007
    }, 
    {
        "accumulated_operating_revenue_yoy": -0.254519885515569, 
        "accumulated_operating_revenue": 705022, 
        "long_term_average": 436047, 
        "date": "2015-02-28", 
        "operating_revenue": 275125, 
        "short_term_average": 498590
    }, 
    {
        "accumulated_operating_revenue_yoy": -8.766258259864687, 
        "accumulated_operating_revenue": 1064227, 
        "long_term_average": 427676, 
        "date": "2015-03-31", 
        "operating_revenue": 359205, 
        "short_term_average": 354742
    }, 
    {
        "accumulated_operating_revenue_yoy": -7.782180129643557, 
        "accumulated_operating_revenue": 1499601, 
        "long_term_average": 425652, 
        "date": "2015-04-30", 
        "operating_revenue": 435374, 
        "short_term_average": 356568
    }, 
    {
        "accumulated_operating_revenue_yoy": -7.187465669221313, 
        "accumulated_operating_revenue": 1774158, 
        "long_term_average": 424748, 
        "date": "2015-05-31", 
        "operating_revenue": 274557, 
        "short_term_average": 356378
    }, 
    {
        "accumulated_operating_revenue_yoy": -12.448071242734375, 
        "accumulated_operating_revenue": 1989481, 
        "long_term_average": 412625, 
        "date": "2015-06-30", 
        "operating_revenue": 215323, 
        "short_term_average": 308418
    }, 
    {
        "accumulated_operating_revenue_yoy": -8.87130726920832, 
        "accumulated_operating_revenue": 2352818, 
        "long_term_average": 417110, 
        "date": "2015-07-31", 
        "operating_revenue": 363337, 
        "short_term_average": 284405
    }, 
    {
        "accumulated_operating_revenue_yoy": -8.044018949040833, 
        "accumulated_operating_revenue": 2653125, 
        "long_term_average": 416857, 
        "date": "2015-08-31", 
        "operating_revenue": 300307, 
        "short_term_average": 292989
    }
]