[
    {
        "date": "2012-01-31", 
        "operating_revenue": 110810, 
        "accumulated_operating_revenue": 110810, 
        "long_term_average": 110810, 
        "short_term_average": 110810
    }, 
    {
        "date": "2012-02-29", 
        "operating_revenue": 76875, 
        "accumulated_operating_revenue": 187685, 
        "long_term_average": 93842, 
        "short_term_average": 93842
    }, 
    {
        "date": "2012-03-31", 
        "operating_revenue": 80393, 
        "accumulated_operating_revenue": 268078, 
        "long_term_average": 89359, 
        "short_term_average": 89359
    }, 
    {
        "date": "2012-04-30", 
        "operating_revenue": 77655, 
        "accumulated_operating_revenue": 345733, 
        "long_term_average": 86433, 
        "short_term_average": 78307
    }, 
    {
        "date": "2012-05-31", 
        "operating_revenue": 100212, 
        "accumulated_operating_revenue": 445945, 
        "long_term_average": 89189, 
        "short_term_average": 86086
    }, 
    {
        "date": "2012-06-30", 
        "operating_revenue": 107101, 
        "accumulated_operating_revenue": 553046, 
        "long_term_average": 92174, 
        "short_term_average": 94989
    }, 
    {
        "date": "2012-07-31", 
        "operating_revenue": 93595, 
        "accumulated_operating_revenue": 646641, 
        "long_term_average": 92377, 
        "short_term_average": 100302
    }, 
    {
        "date": "2012-08-31", 
        "operating_revenue": 105548, 
        "accumulated_operating_revenue": 752189, 
        "long_term_average": 94023, 
        "short_term_average": 102081
    }, 
    {
        "date": "2012-09-30", 
        "operating_revenue": 85928, 
        "accumulated_operating_revenue": 838117, 
        "long_term_average": 93124, 
        "short_term_average": 95023
    }, 
    {
        "date": "2012-10-31", 
        "operating_revenue": 107804, 
        "accumulated_operating_revenue": 945921, 
        "long_term_average": 94592, 
        "short_term_average": 99760
    }, 
    {
        "date": "2012-11-30", 
        "operating_revenue": 111474, 
        "accumulated_operating_revenue": 1057395, 
        "long_term_average": 96126, 
        "short_term_average": 101735
    }, 
    {
        "date": "2012-12-31", 
        "operating_revenue": 99176, 
        "accumulated_operating_revenue": 1156571, 
        "long_term_average": 96380, 
        "short_term_average": 106151
    }, 
    {
        "accumulated_operating_revenue_yoy": -38.27542640555907, 
        "accumulated_operating_revenue": 68397, 
        "long_term_average": 92846, 
        "date": "2013-01-31", 
        "operating_revenue": 68397, 
        "short_term_average": 93015
    }, 
    {
        "accumulated_operating_revenue_yoy": -20.264805392013212, 
        "accumulated_operating_revenue": 149651, 
        "long_term_average": 93211, 
        "date": "2013-02-28", 
        "operating_revenue": 81254, 
        "short_term_average": 82942
    }, 
    {
        "accumulated_operating_revenue_yoy": -13.237938212012923, 
        "accumulated_operating_revenue": 232590, 
        "long_term_average": 93423, 
        "date": "2013-03-31", 
        "operating_revenue": 82939, 
        "short_term_average": 77530
    }, 
    {
        "accumulated_operating_revenue_yoy": -13.047640809526426, 
        "accumulated_operating_revenue": 300623, 
        "long_term_average": 92621, 
        "date": "2013-04-30", 
        "operating_revenue": 68033, 
        "short_term_average": 77408
    }, 
    {
        "accumulated_operating_revenue_yoy": -20.281200596486112, 
        "accumulated_operating_revenue": 355502, 
        "long_term_average": 88844, 
        "date": "2013-05-31", 
        "operating_revenue": 54879, 
        "short_term_average": 68617
    }, 
    {
        "accumulated_operating_revenue_yoy": -22.411336489188965, 
        "accumulated_operating_revenue": 429101, 
        "long_term_average": 86052, 
        "date": "2013-06-30", 
        "operating_revenue": 73599, 
        "short_term_average": 65503
    }, 
    {
        "accumulated_operating_revenue_yoy": -23.344019324478342, 
        "accumulated_operating_revenue": 495689, 
        "long_term_average": 83801, 
        "date": "2013-07-31", 
        "operating_revenue": 66588, 
        "short_term_average": 65022
    }, 
    {
        "accumulated_operating_revenue_yoy": -25.649670495048454, 
        "accumulated_operating_revenue": 559255, 
        "long_term_average": 80303, 
        "date": "2013-08-31", 
        "operating_revenue": 63566, 
        "short_term_average": 67917
    }, 
    {
        "accumulated_operating_revenue_yoy": -24.735567945764135, 
        "accumulated_operating_revenue": 630804, 
        "long_term_average": 79104, 
        "date": "2013-09-30", 
        "operating_revenue": 71549, 
        "short_term_average": 67234
    }, 
    {
        "accumulated_operating_revenue_yoy": -23.698807828560735, 
        "accumulated_operating_revenue": 721749, 
        "long_term_average": 77699, 
        "date": "2013-10-31", 
        "operating_revenue": 90945, 
        "short_term_average": 75353
    }, 
    {
        "accumulated_operating_revenue_yoy": -22.92492398772455, 
        "accumulated_operating_revenue": 814988, 
        "long_term_average": 76180, 
        "date": "2013-11-30", 
        "operating_revenue": 93239, 
        "short_term_average": 85244
    }, 
    {
        "accumulated_operating_revenue_yoy": -23.75617234047888, 
        "accumulated_operating_revenue": 881814, 
        "long_term_average": 73484, 
        "date": "2013-12-31", 
        "operating_revenue": 66826, 
        "short_term_average": 83670
    }, 
    {
        "accumulated_operating_revenue_yoy": -5.118645554629589, 
        "accumulated_operating_revenue": 64896, 
        "long_term_average": 73192, 
        "date": "2014-01-31", 
        "operating_revenue": 64896, 
        "short_term_average": 74987
    }, 
    {
        "accumulated_operating_revenue_yoy": -23.995162077099387, 
        "accumulated_operating_revenue": 113742, 
        "long_term_average": 70492, 
        "date": "2014-02-28", 
        "operating_revenue": 48846, 
        "short_term_average": 60189
    }, 
    {
        "accumulated_operating_revenue_yoy": -27.28578184788684, 
        "accumulated_operating_revenue": 169126, 
        "long_term_average": 68195, 
        "date": "2014-03-31", 
        "operating_revenue": 55384, 
        "short_term_average": 56375
    }, 
    {
        "accumulated_operating_revenue_yoy": -16.703645429657744, 
        "accumulated_operating_revenue": 250408, 
        "long_term_average": 69299, 
        "date": "2014-04-30", 
        "operating_revenue": 81282, 
        "short_term_average": 61837
    }, 
    {
        "accumulated_operating_revenue_yoy": -14.17826060050295, 
        "accumulated_operating_revenue": 305098, 
        "long_term_average": 69284, 
        "date": "2014-05-31", 
        "operating_revenue": 54690, 
        "short_term_average": 63785
    }, 
    {
        "accumulated_operating_revenue_yoy": -9.773922689529972, 
        "accumulated_operating_revenue": 387161, 
        "long_term_average": 69989, 
        "date": "2014-06-30", 
        "operating_revenue": 82063, 
        "short_term_average": 72678
    }, 
    {
        "accumulated_operating_revenue_yoy": -9.773063352222866, 
        "accumulated_operating_revenue": 447245, 
        "long_term_average": 69447, 
        "date": "2014-07-31", 
        "operating_revenue": 60084, 
        "short_term_average": 65612
    }, 
    {
        "accumulated_operating_revenue_yoy": -8.28852670070004, 
        "accumulated_operating_revenue": 512901, 
        "long_term_average": 69621, 
        "date": "2014-08-31", 
        "operating_revenue": 65656, 
        "short_term_average": 69267
    }, 
    {
        "accumulated_operating_revenue_yoy": -8.146904585259447, 
        "accumulated_operating_revenue": 579413, 
        "long_term_average": 69201, 
        "date": "2014-09-30", 
        "operating_revenue": 66512, 
        "short_term_average": 64084
    }, 
    {
        "accumulated_operating_revenue_yoy": -9.117989772067576, 
        "accumulated_operating_revenue": 655940, 
        "long_term_average": 68000, 
        "date": "2014-10-31", 
        "operating_revenue": 76527, 
        "short_term_average": 69565
    }, 
    {
        "accumulated_operating_revenue_yoy": -11.500046626453395, 
        "accumulated_operating_revenue": 721264, 
        "long_term_average": 65674, 
        "date": "2014-11-30", 
        "operating_revenue": 65324, 
        "short_term_average": 69454
    }, 
    {
        "accumulated_operating_revenue_yoy": -9.286879092416314, 
        "accumulated_operating_revenue": 799921, 
        "long_term_average": 66660, 
        "date": "2014-12-31", 
        "operating_revenue": 78657, 
        "short_term_average": 73502
    }, 
    {
        "accumulated_operating_revenue_yoy": -10.692492603550296, 
        "accumulated_operating_revenue": 57957, 
        "long_term_average": 66081, 
        "date": "2015-01-31", 
        "operating_revenue": 57957, 
        "short_term_average": 67312
    }, 
    {
        "accumulated_operating_revenue_yoy": 4.944523570888502, 
        "accumulated_operating_revenue": 119366, 
        "long_term_average": 67128, 
        "date": "2015-02-28", 
        "operating_revenue": 61409, 
        "short_term_average": 66007
    }, 
    {
        "accumulated_operating_revenue_yoy": 17.01275971760699, 
        "accumulated_operating_revenue": 197899, 
        "long_term_average": 69057, 
        "date": "2015-03-31", 
        "operating_revenue": 78533, 
        "short_term_average": 65966
    }, 
    {
        "accumulated_operating_revenue_yoy": 6.14077824989617, 
        "accumulated_operating_revenue": 265785, 
        "long_term_average": 67941, 
        "date": "2015-04-30", 
        "operating_revenue": 67886, 
        "short_term_average": 69276
    }, 
    {
        "accumulated_operating_revenue_yoy": 5.881716694308058, 
        "accumulated_operating_revenue": 323043, 
        "long_term_average": 68155, 
        "date": "2015-05-31", 
        "operating_revenue": 57258, 
        "short_term_average": 67892
    }, 
    {
        "accumulated_operating_revenue_yoy": 6.513052709337976, 
        "accumulated_operating_revenue": 412377, 
        "long_term_average": 68761, 
        "date": "2015-06-30", 
        "operating_revenue": 89334, 
        "short_term_average": 71492
    }, 
    {
        "accumulated_operating_revenue_yoy": 5.849366678218873, 
        "accumulated_operating_revenue": 473406, 
        "long_term_average": 68840, 
        "date": "2015-07-31", 
        "operating_revenue": 61029, 
        "short_term_average": 69207
    }, 
    {
        "accumulated_operating_revenue_yoy": 0.20354805313306076, 
        "accumulated_operating_revenue": 513945, 
        "long_term_average": 66747, 
        "date": "2015-08-31", 
        "operating_revenue": 40539, 
        "short_term_average": 63634
    }, 
    {
        "accumulated_operating_revenue_yoy": 0.6449630919568597, 
        "accumulated_operating_revenue": 583150, 
        "long_term_average": 66971, 
        "date": "2015-09-30", 
        "operating_revenue": 69205, 
        "short_term_average": 56924
    }
]