[
    {
        "date": "2011-09-30", 
        "operating_revenue": 476648, 
        "accumulated_operating_revenue": 476648, 
        "long_term_average": 476648, 
        "short_term_average": 476648
    }, 
    {
        "date": "2011-10-31", 
        "operating_revenue": 500509, 
        "accumulated_operating_revenue": 977157, 
        "long_term_average": 488578, 
        "short_term_average": 488578
    }, 
    {
        "date": "2011-11-30", 
        "operating_revenue": 421110, 
        "accumulated_operating_revenue": 1398267, 
        "long_term_average": 466089, 
        "short_term_average": 466089
    }, 
    {
        "date": "2011-12-31", 
        "operating_revenue": 265065, 
        "accumulated_operating_revenue": 1663332, 
        "long_term_average": 415833, 
        "short_term_average": 395561
    }, 
    {
        "date": "2012-01-31", 
        "operating_revenue": 246778, 
        "accumulated_operating_revenue": 246778, 
        "long_term_average": 382022, 
        "short_term_average": 310984
    }, 
    {
        "date": "2012-02-29", 
        "operating_revenue": 258903, 
        "accumulated_operating_revenue": 505681, 
        "long_term_average": 361502, 
        "short_term_average": 256915
    }, 
    {
        "date": "2012-03-31", 
        "operating_revenue": 322296, 
        "accumulated_operating_revenue": 827977, 
        "long_term_average": 355901, 
        "short_term_average": 275992
    }, 
    {
        "date": "2012-04-30", 
        "operating_revenue": 285847, 
        "accumulated_operating_revenue": 1113824, 
        "long_term_average": 347144, 
        "short_term_average": 289015
    }, 
    {
        "date": "2012-05-31", 
        "operating_revenue": 227992, 
        "accumulated_operating_revenue": 1341816, 
        "long_term_average": 333905, 
        "short_term_average": 278711
    }, 
    {
        "date": "2012-06-30", 
        "operating_revenue": 175756, 
        "accumulated_operating_revenue": 1517572, 
        "long_term_average": 318090, 
        "short_term_average": 229865
    }, 
    {
        "date": "2012-07-31", 
        "operating_revenue": 749507, 
        "accumulated_operating_revenue": 2267079, 
        "long_term_average": 357310, 
        "short_term_average": 384418
    }, 
    {
        "date": "2012-08-31", 
        "operating_revenue": 1222033, 
        "accumulated_operating_revenue": 3489112, 
        "long_term_average": 429370, 
        "short_term_average": 715765
    }, 
    {
        "accumulated_operating_revenue_yoy": 908.5499152414361, 
        "accumulated_operating_revenue": 4807233, 
        "long_term_average": 499493, 
        "date": "2012-09-30", 
        "operating_revenue": 1318121, 
        "short_term_average": 1096553
    }, 
    {
        "accumulated_operating_revenue_yoy": 529.5347625816527, 
        "accumulated_operating_revenue": 6151543, 
        "long_term_average": 569809, 
        "date": "2012-10-31", 
        "operating_revenue": 1344310, 
        "short_term_average": 1294821
    }, 
    {
        "accumulated_operating_revenue_yoy": 453.400602317011, 
        "accumulated_operating_revenue": 7738018, 
        "long_term_average": 666923, 
        "date": "2012-11-30", 
        "operating_revenue": 1586475, 
        "short_term_average": 1416302
    }, 
    {
        "accumulated_operating_revenue_yoy": 456.0806862370231, 
        "accumulated_operating_revenue": 9249468, 
        "long_term_average": 770789, 
        "date": "2012-12-31", 
        "operating_revenue": 1511450, 
        "short_term_average": 1480745
    }, 
    {
        "accumulated_operating_revenue_yoy": 977.8541847328368, 
        "accumulated_operating_revenue": 2659907, 
        "long_term_average": 971883, 
        "date": "2013-01-31", 
        "operating_revenue": 2659907, 
        "short_term_average": 1919277
    }, 
    {
        "accumulated_operating_revenue_yoy": 660.7426421004546, 
        "accumulated_operating_revenue": 3846931, 
        "long_term_average": 1049226, 
        "date": "2013-02-28", 
        "operating_revenue": 1187024, 
        "short_term_average": 1786127
    }, 
    {
        "accumulated_operating_revenue_yoy": 482.58019244495915, 
        "accumulated_operating_revenue": 4823630, 
        "long_term_average": 1103760, 
        "date": "2013-03-31", 
        "operating_revenue": 976699, 
        "short_term_average": 1607876
    }, 
    {
        "accumulated_operating_revenue_yoy": 394.27324245123106, 
        "accumulated_operating_revenue": 5505334, 
        "long_term_average": 1136748, 
        "date": "2013-04-30", 
        "operating_revenue": 681704, 
        "short_term_average": 948475
    }, 
    {
        "accumulated_operating_revenue_yoy": 354.0893833431707, 
        "accumulated_operating_revenue": 6093044, 
        "long_term_average": 1166724, 
        "date": "2013-05-31", 
        "operating_revenue": 587710, 
        "short_term_average": 748704
    }, 
    {
        "accumulated_operating_revenue_yoy": 340.6861750216794, 
        "accumulated_operating_revenue": 6687730, 
        "long_term_average": 1201635, 
        "date": "2013-06-30", 
        "operating_revenue": 594686, 
        "short_term_average": 621366
    }, 
    {
        "accumulated_operating_revenue_yoy": 223.7799829648636, 
        "accumulated_operating_revenue": 7340348, 
        "long_term_average": 1193561, 
        "date": "2013-07-31", 
        "operating_revenue": 652618, 
        "short_term_average": 611671
    }, 
    {
        "accumulated_operating_revenue_yoy": 126.47771123426249, 
        "accumulated_operating_revenue": 7902061, 
        "long_term_average": 1138534, 
        "date": "2013-08-31", 
        "operating_revenue": 561713, 
        "short_term_average": 603005
    }, 
    {
        "accumulated_operating_revenue_yoy": 78.0183527613494, 
        "accumulated_operating_revenue": 8557757, 
        "long_term_average": 1083332, 
        "date": "2013-09-30", 
        "operating_revenue": 655696, 
        "short_term_average": 623342
    }, 
    {
        "accumulated_operating_revenue_yoy": 46.09913317683059, 
        "accumulated_operating_revenue": 8987351, 
        "long_term_average": 1007106, 
        "date": "2013-10-31", 
        "operating_revenue": 429594, 
        "short_term_average": 549001
    }, 
    {
        "accumulated_operating_revenue_yoy": 32.29460050364318, 
        "accumulated_operating_revenue": 10236980, 
        "long_term_average": 979035, 
        "date": "2013-11-30", 
        "operating_revenue": 1249629, 
        "short_term_average": 778306
    }, 
    {
        "accumulated_operating_revenue_yoy": 19.27271925260999, 
        "accumulated_operating_revenue": 11032092, 
        "long_term_average": 919341, 
        "date": "2013-12-31", 
        "operating_revenue": 795112, 
        "short_term_average": 824778
    }, 
    {
        "accumulated_operating_revenue_yoy": -77.2461969535025, 
        "accumulated_operating_revenue": 605230, 
        "long_term_average": 748117, 
        "date": "2014-01-31", 
        "operating_revenue": 605230, 
        "short_term_average": 883323
    }, 
    {
        "accumulated_operating_revenue_yoy": -70.64179211948434, 
        "accumulated_operating_revenue": 1129390, 
        "long_term_average": 692879, 
        "date": "2014-02-28", 
        "operating_revenue": 524160, 
        "short_term_average": 641500
    }, 
    {
        "accumulated_operating_revenue_yoy": -64.21162070888522, 
        "accumulated_operating_revenue": 1726299, 
        "long_term_average": 661230, 
        "date": "2014-03-31", 
        "operating_revenue": 596909, 
        "short_term_average": 575433
    }, 
    {
        "accumulated_operating_revenue_yoy": -56.62926173053261, 
        "accumulated_operating_revenue": 2387704, 
        "long_term_average": 659538, 
        "date": "2014-04-30", 
        "operating_revenue": 661405, 
        "short_term_average": 594158
    }, 
    {
        "accumulated_operating_revenue_yoy": -51.809194222132646, 
        "accumulated_operating_revenue": 2936287, 
        "long_term_average": 656277, 
        "date": "2014-05-31", 
        "operating_revenue": 548583, 
        "short_term_average": 602299
    }, 
    {
        "accumulated_operating_revenue_yoy": -50.27955674047846, 
        "accumulated_operating_revenue": 3325169, 
        "long_term_average": 639127, 
        "date": "2014-06-30", 
        "operating_revenue": 388882, 
        "short_term_average": 532956
    }, 
    {
        "accumulated_operating_revenue_yoy": -49.47231384670046, 
        "accumulated_operating_revenue": 3708908, 
        "long_term_average": 616721, 
        "date": "2014-07-31", 
        "operating_revenue": 383739, 
        "short_term_average": 440401
    }, 
    {
        "accumulated_operating_revenue_yoy": -50.43152666120901, 
        "accumulated_operating_revenue": 3916931, 
        "long_term_average": 587246, 
        "date": "2014-08-31", 
        "operating_revenue": 208023, 
        "short_term_average": 326881
    }, 
    {
        "accumulated_operating_revenue_yoy": -48.16589206727884, 
        "accumulated_operating_revenue": 4435837, 
        "long_term_average": 575847, 
        "date": "2014-09-30", 
        "operating_revenue": 518906, 
        "short_term_average": 370222
    }, 
    {
        "accumulated_operating_revenue_yoy": -38.86743713470187, 
        "accumulated_operating_revenue": 5494198, 
        "long_term_average": 628244, 
        "date": "2014-10-31", 
        "operating_revenue": 1058361, 
        "short_term_average": 595096
    }, 
    {
        "accumulated_operating_revenue_yoy": -35.52691321073207, 
        "accumulated_operating_revenue": 6600097, 
        "long_term_average": 616267, 
        "date": "2014-11-30", 
        "operating_revenue": 1105899, 
        "short_term_average": 894388
    }, 
    {
        "accumulated_operating_revenue_yoy": -31.307933255088884, 
        "accumulated_operating_revenue": 7578172, 
        "long_term_average": 631514, 
        "date": "2014-12-31", 
        "operating_revenue": 978075, 
        "short_term_average": 1047445
    }, 
    {
        "accumulated_operating_revenue_yoy": 151.85747567040627, 
        "accumulated_operating_revenue": 1524317, 
        "long_term_average": 708104, 
        "date": "2015-01-31", 
        "operating_revenue": 1524317, 
        "short_term_average": 1202763
    }, 
    {
        "accumulated_operating_revenue_yoy": 117.55611436262052, 
        "accumulated_operating_revenue": 2457057, 
        "long_term_average": 742153, 
        "date": "2015-02-28", 
        "operating_revenue": 932740, 
        "short_term_average": 1145044
    }, 
    {
        "accumulated_operating_revenue_yoy": 81.10443208273885, 
        "accumulated_operating_revenue": 3126404, 
        "long_term_average": 748189, 
        "date": "2015-03-31", 
        "operating_revenue": 669347, 
        "short_term_average": 1042134
    }, 
    {
        "accumulated_operating_revenue_yoy": 77.32574892030168, 
        "accumulated_operating_revenue": 4234014, 
        "long_term_average": 785373, 
        "date": "2015-04-30", 
        "operating_revenue": 1107610, 
        "short_term_average": 903232
    }, 
    {
        "accumulated_operating_revenue_yoy": 65.16437255622492, 
        "accumulated_operating_revenue": 4849700, 
        "long_term_average": 790965, 
        "date": "2015-05-31", 
        "operating_revenue": 615686, 
        "short_term_average": 797547
    }, 
    {
        "accumulated_operating_revenue_yoy": 59.00746698889591, 
        "accumulated_operating_revenue": 5287267, 
        "long_term_average": 795022, 
        "date": "2015-06-30", 
        "operating_revenue": 437567, 
        "short_term_average": 720287
    }, 
    {
        "accumulated_operating_revenue_yoy": 56.85980887096688, 
        "accumulated_operating_revenue": 5817786, 
        "long_term_average": 807254, 
        "date": "2015-07-31", 
        "operating_revenue": 530519, 
        "short_term_average": 527924
    }, 
    {
        "accumulated_operating_revenue_yoy": 56.059476156204944, 
        "accumulated_operating_revenue": 6112742, 
        "long_term_average": 814498, 
        "date": "2015-08-31", 
        "operating_revenue": 294956, 
        "short_term_average": 421014
    }, 
    {
        "accumulated_operating_revenue_yoy": 48.55913325940516, 
        "accumulated_operating_revenue": 6589841, 
        "long_term_average": 811014, 
        "date": "2015-09-30", 
        "operating_revenue": 477099, 
        "short_term_average": 434191
    }, 
    {
        "accumulated_operating_revenue_yoy": 34.982248546557656, 
        "accumulated_operating_revenue": 7416192, 
        "long_term_average": 791680, 
        "date": "2015-10-31", 
        "operating_revenue": 826351, 
        "short_term_average": 532802
    }
]