[
    {
        "date": "2011-09-30", 
        "operating_revenue": 176083, 
        "accumulated_operating_revenue": 176083, 
        "long_term_average": 176083, 
        "short_term_average": 176083
    }, 
    {
        "date": "2011-10-31", 
        "operating_revenue": 150885, 
        "accumulated_operating_revenue": 326968, 
        "long_term_average": 163484, 
        "short_term_average": 163484
    }, 
    {
        "date": "2011-11-30", 
        "operating_revenue": 174898, 
        "accumulated_operating_revenue": 501866, 
        "long_term_average": 167288, 
        "short_term_average": 167288
    }, 
    {
        "date": "2011-12-31", 
        "operating_revenue": 137112, 
        "accumulated_operating_revenue": 638978, 
        "long_term_average": 159744, 
        "short_term_average": 154298
    }, 
    {
        "date": "2012-01-31", 
        "operating_revenue": 144287, 
        "accumulated_operating_revenue": 144287, 
        "long_term_average": 156653, 
        "short_term_average": 152099
    }, 
    {
        "date": "2012-02-29", 
        "operating_revenue": 147991, 
        "accumulated_operating_revenue": 292278, 
        "long_term_average": 155209, 
        "short_term_average": 143130
    }, 
    {
        "date": "2012-03-31", 
        "operating_revenue": 187772, 
        "accumulated_operating_revenue": 480050, 
        "long_term_average": 159861, 
        "short_term_average": 160016
    }, 
    {
        "date": "2012-04-30", 
        "operating_revenue": 175695, 
        "accumulated_operating_revenue": 655745, 
        "long_term_average": 161840, 
        "short_term_average": 170486
    }, 
    {
        "date": "2012-05-31", 
        "operating_revenue": 188151, 
        "accumulated_operating_revenue": 843896, 
        "long_term_average": 164763, 
        "short_term_average": 183872
    }, 
    {
        "date": "2012-06-30", 
        "operating_revenue": 146714, 
        "accumulated_operating_revenue": 990610, 
        "long_term_average": 162958, 
        "short_term_average": 170186
    }, 
    {
        "date": "2012-07-31", 
        "operating_revenue": 160649, 
        "accumulated_operating_revenue": 1151259, 
        "long_term_average": 162748, 
        "short_term_average": 165171
    }, 
    {
        "date": "2012-08-31", 
        "operating_revenue": 156384, 
        "accumulated_operating_revenue": 1307643, 
        "long_term_average": 162218, 
        "short_term_average": 154582
    }, 
    {
        "accumulated_operating_revenue_yoy": 735.2782494619015, 
        "accumulated_operating_revenue": 1470783, 
        "long_term_average": 161139, 
        "date": "2012-09-30", 
        "operating_revenue": 163140, 
        "short_term_average": 160057
    }, 
    {
        "accumulated_operating_revenue_yoy": 398.3787404271978, 
        "accumulated_operating_revenue": 1629539, 
        "long_term_average": 161795, 
        "date": "2012-10-31", 
        "operating_revenue": 158756, 
        "short_term_average": 159426
    }, 
    {
        "accumulated_operating_revenue_yoy": 253.82592166036352, 
        "accumulated_operating_revenue": 1775732, 
        "long_term_average": 159403, 
        "date": "2012-11-30", 
        "operating_revenue": 146193, 
        "short_term_average": 156029
    }, 
    {
        "accumulated_operating_revenue_yoy": 199.64756220088955, 
        "accumulated_operating_revenue": 1914682, 
        "long_term_average": 159556, 
        "date": "2012-12-31", 
        "operating_revenue": 138950, 
        "short_term_average": 147966
    }, 
    {
        "accumulated_operating_revenue_yoy": 3.5623444939599547, 
        "accumulated_operating_revenue": 149427, 
        "long_term_average": 159985, 
        "date": "2013-01-31", 
        "operating_revenue": 149427, 
        "short_term_average": 144856
    }, 
    {
        "accumulated_operating_revenue_yoy": 1.5635798794298577, 
        "accumulated_operating_revenue": 296848, 
        "long_term_average": 159937, 
        "date": "2013-02-28", 
        "operating_revenue": 147421, 
        "short_term_average": 145266
    }, 
    {
        "accumulated_operating_revenue_yoy": -0.609519841683158, 
        "accumulated_operating_revenue": 477124, 
        "long_term_average": 159313, 
        "date": "2013-03-31", 
        "operating_revenue": 180276, 
        "short_term_average": 159041
    }, 
    {
        "accumulated_operating_revenue_yoy": 3.438836742941235, 
        "accumulated_operating_revenue": 678295, 
        "long_term_average": 161436, 
        "date": "2013-04-30", 
        "operating_revenue": 201171, 
        "short_term_average": 176289
    }, 
    {
        "accumulated_operating_revenue_yoy": 4.488349275266146, 
        "accumulated_operating_revenue": 881773, 
        "long_term_average": 162713, 
        "date": "2013-05-31", 
        "operating_revenue": 203478, 
        "short_term_average": 194975
    }, 
    {
        "accumulated_operating_revenue_yoy": 8.743703374688323, 
        "accumulated_operating_revenue": 1077226, 
        "long_term_average": 166774, 
        "date": "2013-06-30", 
        "operating_revenue": 195453, 
        "short_term_average": 200034
    }, 
    {
        "accumulated_operating_revenue_yoy": 11.2995425008621, 
        "accumulated_operating_revenue": 1281346, 
        "long_term_average": 170397, 
        "date": "2013-07-31", 
        "operating_revenue": 204120, 
        "short_term_average": 201017
    }, 
    {
        "accumulated_operating_revenue_yoy": 13.64607924334088, 
        "accumulated_operating_revenue": 1486085, 
        "long_term_average": 174427, 
        "date": "2013-08-31", 
        "operating_revenue": 204739, 
        "short_term_average": 201437
    }, 
    {
        "accumulated_operating_revenue_yoy": 15.271593430166108, 
        "accumulated_operating_revenue": 1695395, 
        "long_term_average": 178274, 
        "date": "2013-09-30", 
        "operating_revenue": 209310, 
        "short_term_average": 206056
    }, 
    {
        "accumulated_operating_revenue_yoy": 17.280961057084244, 
        "accumulated_operating_revenue": 1911139, 
        "long_term_average": 183023, 
        "date": "2013-10-31", 
        "operating_revenue": 215744, 
        "short_term_average": 209931
    }, 
    {
        "accumulated_operating_revenue_yoy": 18.688912516077878, 
        "accumulated_operating_revenue": 2107597, 
        "long_term_average": 187212, 
        "date": "2013-11-30", 
        "operating_revenue": 196458, 
        "short_term_average": 207170
    }, 
    {
        "accumulated_operating_revenue_yoy": 20.354659416028355, 
        "accumulated_operating_revenue": 2304409, 
        "long_term_average": 192034, 
        "date": "2013-12-31", 
        "operating_revenue": 196812, 
        "short_term_average": 203004
    }, 
    {
        "accumulated_operating_revenue_yoy": 34.015271671117, 
        "accumulated_operating_revenue": 200255, 
        "long_term_average": 196269, 
        "date": "2014-01-31", 
        "operating_revenue": 200255, 
        "short_term_average": 197841
    }, 
    {
        "accumulated_operating_revenue_yoy": 35.28843044251603, 
        "accumulated_operating_revenue": 401601, 
        "long_term_average": 200763, 
        "date": "2014-02-28", 
        "operating_revenue": 201346, 
        "short_term_average": 199471
    }, 
    {
        "accumulated_operating_revenue_yoy": 29.8674977573964, 
        "accumulated_operating_revenue": 619629, 
        "long_term_average": 203909, 
        "date": "2014-03-31", 
        "operating_revenue": 218028, 
        "short_term_average": 206543
    }, 
    {
        "accumulated_operating_revenue_yoy": 25.718160977155957, 
        "accumulated_operating_revenue": 852740, 
        "long_term_average": 206571, 
        "date": "2014-04-30", 
        "operating_revenue": 233111, 
        "short_term_average": 217495
    }, 
    {
        "accumulated_operating_revenue_yoy": 23.935978987789376, 
        "accumulated_operating_revenue": 1092834, 
        "long_term_average": 209622, 
        "date": "2014-05-31", 
        "operating_revenue": 240094, 
        "short_term_average": 230411
    }, 
    {
        "accumulated_operating_revenue_yoy": 25.209844545155796, 
        "accumulated_operating_revenue": 1348793, 
        "long_term_average": 214664, 
        "date": "2014-06-30", 
        "operating_revenue": 255959, 
        "short_term_average": 243054
    }, 
    {
        "accumulated_operating_revenue_yoy": 25.622275326102397, 
        "accumulated_operating_revenue": 1609656, 
        "long_term_average": 219393, 
        "date": "2014-07-31", 
        "operating_revenue": 260863, 
        "short_term_average": 252305
    }, 
    {
        "accumulated_operating_revenue_yoy": 26.092383679264646, 
        "accumulated_operating_revenue": 1873840, 
        "long_term_average": 224347, 
        "date": "2014-08-31", 
        "operating_revenue": 264184, 
        "short_term_average": 260335
    }, 
    {
        "accumulated_operating_revenue_yoy": 27.34743230928486, 
        "accumulated_operating_revenue": 2159042, 
        "long_term_average": 230671, 
        "date": "2014-09-30", 
        "operating_revenue": 285202, 
        "short_term_average": 270083
    }, 
    {
        "accumulated_operating_revenue_yoy": 27.206864597499187, 
        "accumulated_operating_revenue": 2431100, 
        "long_term_average": 235364, 
        "date": "2014-10-31", 
        "operating_revenue": 272058, 
        "short_term_average": 273814
    }, 
    {
        "accumulated_operating_revenue_yoy": 27.216398580943128, 
        "accumulated_operating_revenue": 2681209, 
        "long_term_average": 239835, 
        "date": "2014-11-30", 
        "operating_revenue": 250109, 
        "short_term_average": 269123
    }, 
    {
        "accumulated_operating_revenue_yoy": 26.789949180028373, 
        "accumulated_operating_revenue": 2921759, 
        "long_term_average": 243479, 
        "date": "2014-12-31", 
        "operating_revenue": 240550, 
        "short_term_average": 254239
    }, 
    {
        "accumulated_operating_revenue_yoy": 22.554243339741827, 
        "accumulated_operating_revenue": 245421, 
        "long_term_average": 247243, 
        "date": "2015-01-31", 
        "operating_revenue": 245421, 
        "short_term_average": 245360
    }, 
    {
        "accumulated_operating_revenue_yoy": 21.41902037096521, 
        "accumulated_operating_revenue": 487620, 
        "long_term_average": 250648, 
        "date": "2015-02-28", 
        "operating_revenue": 242199, 
        "short_term_average": 242723
    }, 
    {
        "accumulated_operating_revenue_yoy": 21.486728348737714, 
        "accumulated_operating_revenue": 752767, 
        "long_term_average": 254574, 
        "date": "2015-03-31", 
        "operating_revenue": 265147, 
        "short_term_average": 250922
    }, 
    {
        "accumulated_operating_revenue_yoy": 19.953795998780404, 
        "accumulated_operating_revenue": 1022894, 
        "long_term_average": 257659, 
        "date": "2015-04-30", 
        "operating_revenue": 270127, 
        "short_term_average": 259157
    }, 
    {
        "accumulated_operating_revenue_yoy": 18.51369924435001, 
        "accumulated_operating_revenue": 1295158, 
        "long_term_average": 260340, 
        "date": "2015-05-31", 
        "operating_revenue": 272264, 
        "short_term_average": 269179
    }, 
    {
        "accumulated_operating_revenue_yoy": 16.575634660025667, 
        "accumulated_operating_revenue": 1572364, 
        "long_term_average": 262110, 
        "date": "2015-06-30", 
        "operating_revenue": 277206, 
        "short_term_average": 273199
    }, 
    {
        "accumulated_operating_revenue_yoy": 15.092665762125574, 
        "accumulated_operating_revenue": 1852596, 
        "long_term_average": 263724, 
        "date": "2015-07-31", 
        "operating_revenue": 280232, 
        "short_term_average": 276567
    }, 
    {
        "accumulated_operating_revenue_yoy": 13.878666268197925, 
        "accumulated_operating_revenue": 2133904, 
        "long_term_average": 265151, 
        "date": "2015-08-31", 
        "operating_revenue": 281308, 
        "short_term_average": 279582
    }, 
    {
        "accumulated_operating_revenue_yoy": 11.899259023214926, 
        "accumulated_operating_revenue": 2415952, 
        "long_term_average": 264889, 
        "date": "2015-09-30", 
        "operating_revenue": 282048, 
        "short_term_average": 281196
    }
]