[
    {
        "date": "2011-09-30", 
        "operating_revenue": 1024514, 
        "accumulated_operating_revenue": 1024514, 
        "long_term_average": 1024514, 
        "short_term_average": 1024514
    }, 
    {
        "date": "2011-10-31", 
        "operating_revenue": 1127873, 
        "accumulated_operating_revenue": 2152387, 
        "long_term_average": 1076193, 
        "short_term_average": 1076193
    }, 
    {
        "date": "2011-11-30", 
        "operating_revenue": 1055595, 
        "accumulated_operating_revenue": 3207982, 
        "long_term_average": 1069327, 
        "short_term_average": 1069327
    }, 
    {
        "date": "2011-12-31", 
        "operating_revenue": 1124867, 
        "accumulated_operating_revenue": 4332849, 
        "long_term_average": 1083212, 
        "short_term_average": 1102778
    }, 
    {
        "date": "2012-01-31", 
        "operating_revenue": 1076451, 
        "accumulated_operating_revenue": 1076451, 
        "long_term_average": 1081860, 
        "short_term_average": 1085637
    }, 
    {
        "date": "2012-02-29", 
        "operating_revenue": 1087179, 
        "accumulated_operating_revenue": 2163630, 
        "long_term_average": 1082746, 
        "short_term_average": 1096165
    }, 
    {
        "date": "2012-03-31", 
        "operating_revenue": 1172031, 
        "accumulated_operating_revenue": 3335661, 
        "long_term_average": 1095501, 
        "short_term_average": 1111887
    }, 
    {
        "date": "2012-04-30", 
        "operating_revenue": 1217633, 
        "accumulated_operating_revenue": 4553294, 
        "long_term_average": 1110767, 
        "short_term_average": 1158947
    }, 
    {
        "date": "2012-05-31", 
        "operating_revenue": 1252864, 
        "accumulated_operating_revenue": 5806158, 
        "long_term_average": 1126556, 
        "short_term_average": 1214176
    }, 
    {
        "date": "2012-06-30", 
        "operating_revenue": 1159350, 
        "accumulated_operating_revenue": 6965508, 
        "long_term_average": 1129835, 
        "short_term_average": 1209949
    }, 
    {
        "date": "2012-07-31", 
        "operating_revenue": 1266946, 
        "accumulated_operating_revenue": 8232454, 
        "long_term_average": 1142300, 
        "short_term_average": 1226386
    }, 
    {
        "date": "2012-08-31", 
        "operating_revenue": 1275883, 
        "accumulated_operating_revenue": 9508337, 
        "long_term_average": 1153432, 
        "short_term_average": 1234059
    }, 
    {
        "accumulated_operating_revenue_yoy": 958.4313147502133, 
        "accumulated_operating_revenue": 10843777, 
        "long_term_average": 1179342, 
        "date": "2012-09-30", 
        "operating_revenue": 1335440, 
        "short_term_average": 1292756
    }, 
    {
        "accumulated_operating_revenue_yoy": 465.9931508599522, 
        "accumulated_operating_revenue": 12182363, 
        "long_term_average": 1196902, 
        "date": "2012-10-31", 
        "operating_revenue": 1338586, 
        "short_term_average": 1316636
    }, 
    {
        "accumulated_operating_revenue_yoy": 322.7969483619297, 
        "accumulated_operating_revenue": 13563250, 
        "long_term_average": 1224009, 
        "date": "2012-11-30", 
        "operating_revenue": 1380887, 
        "short_term_average": 1351637
    }, 
    {
        "accumulated_operating_revenue_yoy": 246.48698812259556, 
        "accumulated_operating_revenue": 15012758, 
        "long_term_average": 1251063, 
        "date": "2012-12-31", 
        "operating_revenue": 1449508, 
        "short_term_average": 1389660
    }, 
    {
        "accumulated_operating_revenue_yoy": 26.378163056191134, 
        "accumulated_operating_revenue": 1360399, 
        "long_term_average": 1274725, 
        "date": "2013-01-31", 
        "operating_revenue": 1360399, 
        "short_term_average": 1396931
    }, 
    {
        "accumulated_operating_revenue_yoy": 15.982631041351802, 
        "accumulated_operating_revenue": 2509435, 
        "long_term_average": 1279880, 
        "date": "2013-02-28", 
        "operating_revenue": 1149036, 
        "short_term_average": 1319647
    }, 
    {
        "accumulated_operating_revenue_yoy": 15.352699210141557, 
        "accumulated_operating_revenue": 3847775, 
        "long_term_average": 1293739, 
        "date": "2013-03-31", 
        "operating_revenue": 1338340, 
        "short_term_average": 1282591
    }, 
    {
        "accumulated_operating_revenue_yoy": 13.790917081128521, 
        "accumulated_operating_revenue": 5181235, 
        "long_term_average": 1303391, 
        "date": "2013-04-30", 
        "operating_revenue": 1333460, 
        "short_term_average": 1273612
    }, 
    {
        "accumulated_operating_revenue_yoy": 14.250990069508958, 
        "accumulated_operating_revenue": 6633593, 
        "long_term_average": 1320016, 
        "date": "2013-05-31", 
        "operating_revenue": 1452358, 
        "short_term_average": 1374719
    }, 
    {
        "accumulated_operating_revenue_yoy": 14.67021500800803, 
        "accumulated_operating_revenue": 7987363, 
        "long_term_average": 1336217, 
        "date": "2013-06-30", 
        "operating_revenue": 1353770, 
        "short_term_average": 1379862
    }, 
    {
        "accumulated_operating_revenue_yoy": 13.520014809678862, 
        "accumulated_operating_revenue": 9345483, 
        "long_term_average": 1343815, 
        "date": "2013-07-31", 
        "operating_revenue": 1358120, 
        "short_term_average": 1388082
    }, 
    {
        "accumulated_operating_revenue_yoy": 12.191006692337472, 
        "accumulated_operating_revenue": 10667499, 
        "long_term_average": 1347660, 
        "date": "2013-08-31", 
        "operating_revenue": 1322016, 
        "short_term_average": 1344635
    }, 
    {
        "accumulated_operating_revenue_yoy": 10.432601113062358, 
        "accumulated_operating_revenue": 11975065, 
        "long_term_average": 1345337, 
        "date": "2013-09-30", 
        "operating_revenue": 1307566, 
        "short_term_average": 1329234
    }, 
    {
        "accumulated_operating_revenue_yoy": 9.46162907803683, 
        "accumulated_operating_revenue": 13335013, 
        "long_term_average": 1347117, 
        "date": "2013-10-31", 
        "operating_revenue": 1359948, 
        "short_term_average": 1329843
    }, 
    {
        "accumulated_operating_revenue_yoy": 7.274819825631762, 
        "accumulated_operating_revenue": 14549952, 
        "long_term_average": 1333288, 
        "date": "2013-11-30", 
        "operating_revenue": 1214939, 
        "short_term_average": 1294151
    }, 
    {
        "accumulated_operating_revenue_yoy": 5.318709593533713, 
        "accumulated_operating_revenue": 15811243, 
        "long_term_average": 1317603, 
        "date": "2013-12-31", 
        "operating_revenue": 1261291, 
        "short_term_average": 1278726
    }, 
    {
        "accumulated_operating_revenue_yoy": -3.64797386649064, 
        "accumulated_operating_revenue": 1310772, 
        "long_term_average": 1313468, 
        "date": "2014-01-31", 
        "operating_revenue": 1310772, 
        "short_term_average": 1262334
    }, 
    {
        "accumulated_operating_revenue_yoy": 5.641150298772433, 
        "accumulated_operating_revenue": 2650996, 
        "long_term_average": 1329400, 
        "date": "2014-02-28", 
        "operating_revenue": 1340224, 
        "short_term_average": 1304095
    }, 
    {
        "accumulated_operating_revenue_yoy": 8.13901540500679, 
        "accumulated_operating_revenue": 4160946, 
        "long_term_average": 1343701, 
        "date": "2014-03-31", 
        "operating_revenue": 1509950, 
        "short_term_average": 1386982
    }, 
    {
        "accumulated_operating_revenue_yoy": 8.488651836869009, 
        "accumulated_operating_revenue": 5621052, 
        "long_term_average": 1354255, 
        "date": "2014-04-30", 
        "operating_revenue": 1460106, 
        "short_term_average": 1436760
    }, 
    {
        "accumulated_operating_revenue_yoy": 6.760649922297011, 
        "accumulated_operating_revenue": 7082067, 
        "long_term_average": 1354976, 
        "date": "2014-05-31", 
        "operating_revenue": 1461015, 
        "short_term_average": 1477023
    }, 
    {
        "accumulated_operating_revenue_yoy": 6.397117546804871, 
        "accumulated_operating_revenue": 8498324, 
        "long_term_average": 1360183, 
        "date": "2014-06-30", 
        "operating_revenue": 1416257, 
        "short_term_average": 1445792
    }, 
    {
        "accumulated_operating_revenue_yoy": 7.151989897151383, 
        "accumulated_operating_revenue": 10013871, 
        "long_term_average": 1373302, 
        "date": "2014-07-31", 
        "operating_revenue": 1515547, 
        "short_term_average": 1464273
    }, 
    {
        "accumulated_operating_revenue_yoy": 8.510842138349393, 
        "accumulated_operating_revenue": 11575393, 
        "long_term_average": 1393261, 
        "date": "2014-08-31", 
        "operating_revenue": 1561522, 
        "short_term_average": 1497775
    }, 
    {
        "accumulated_operating_revenue_yoy": 10.08955692516074, 
        "accumulated_operating_revenue": 13183296, 
        "long_term_average": 1418289, 
        "date": "2014-09-30", 
        "operating_revenue": 1607903, 
        "short_term_average": 1561657
    }, 
    {
        "accumulated_operating_revenue_yoy": 10.452513244644006, 
        "accumulated_operating_revenue": 14728857, 
        "long_term_average": 1433757, 
        "date": "2014-10-31", 
        "operating_revenue": 1545561, 
        "short_term_average": 1571662
    }, 
    {
        "accumulated_operating_revenue_yoy": 11.4549999890034, 
        "accumulated_operating_revenue": 16216649, 
        "long_term_average": 1456495, 
        "date": "2014-11-30", 
        "operating_revenue": 1487792, 
        "short_term_average": 1547085
    }, 
    {
        "accumulated_operating_revenue_yoy": 11.83848733461373, 
        "accumulated_operating_revenue": 17683055, 
        "long_term_average": 1473587, 
        "date": "2014-12-31", 
        "operating_revenue": 1466406, 
        "short_term_average": 1499919
    }, 
    {
        "accumulated_operating_revenue_yoy": 14.977127982593464, 
        "accumulated_operating_revenue": 1507088, 
        "long_term_average": 1489947, 
        "date": "2015-01-31", 
        "operating_revenue": 1507088, 
        "short_term_average": 1487095
    }, 
    {
        "accumulated_operating_revenue_yoy": 6.115890027748062, 
        "accumulated_operating_revenue": 2813128, 
        "long_term_average": 1487098, 
        "date": "2015-02-28", 
        "operating_revenue": 1306040, 
        "short_term_average": 1426511
    }, 
    {
        "accumulated_operating_revenue_yoy": 3.757126384240507, 
        "accumulated_operating_revenue": 4317278, 
        "long_term_average": 1486615, 
        "date": "2015-03-31", 
        "operating_revenue": 1504150, 
        "short_term_average": 1439092
    }, 
    {
        "accumulated_operating_revenue_yoy": 2.8594825310279997, 
        "accumulated_operating_revenue": 5781785, 
        "long_term_average": 1486982, 
        "date": "2015-04-30", 
        "operating_revenue": 1464507, 
        "short_term_average": 1424899
    }, 
    {
        "accumulated_operating_revenue_yoy": 1.9665727534065973, 
        "accumulated_operating_revenue": 7221341, 
        "long_term_average": 1485194, 
        "date": "2015-05-31", 
        "operating_revenue": 1439556, 
        "short_term_average": 1469404
    }, 
    {
        "accumulated_operating_revenue_yoy": 1.2592129930560425, 
        "accumulated_operating_revenue": 8605336, 
        "long_term_average": 1482505, 
        "date": "2015-06-30", 
        "operating_revenue": 1383995, 
        "short_term_average": 1429352
    }, 
    {
        "accumulated_operating_revenue_yoy": 0.4599320282835679, 
        "accumulated_operating_revenue": 10059928, 
        "long_term_average": 1477426, 
        "date": "2015-07-31", 
        "operating_revenue": 1454592, 
        "short_term_average": 1426047
    }, 
    {
        "accumulated_operating_revenue_yoy": -0.47187166776972495, 
        "accumulated_operating_revenue": 11520772, 
        "long_term_average": 1469036, 
        "date": "2015-08-31", 
        "operating_revenue": 1460844, 
        "short_term_average": 1433143
    }
]