[
    {
        "date": "2012-01-31", 
        "operating_revenue": 269231, 
        "accumulated_operating_revenue": 269231, 
        "long_term_average": 269231, 
        "short_term_average": 269231
    }, 
    {
        "date": "2012-02-29", 
        "operating_revenue": 510059, 
        "accumulated_operating_revenue": 779290, 
        "long_term_average": 389645, 
        "short_term_average": 389645
    }, 
    {
        "date": "2012-03-31", 
        "operating_revenue": 602371, 
        "accumulated_operating_revenue": 1381661, 
        "long_term_average": 460553, 
        "short_term_average": 460553
    }, 
    {
        "date": "2012-04-30", 
        "operating_revenue": 603018, 
        "accumulated_operating_revenue": 1984679, 
        "long_term_average": 496169, 
        "short_term_average": 571816
    }, 
    {
        "date": "2012-05-31", 
        "operating_revenue": 554187, 
        "accumulated_operating_revenue": 2538866, 
        "long_term_average": 507773, 
        "short_term_average": 586525
    }, 
    {
        "date": "2012-06-30", 
        "operating_revenue": 475074, 
        "accumulated_operating_revenue": 3013940, 
        "long_term_average": 502323, 
        "short_term_average": 544093
    }, 
    {
        "date": "2012-07-31", 
        "operating_revenue": 808496, 
        "accumulated_operating_revenue": 3822436, 
        "long_term_average": 546062, 
        "short_term_average": 612585
    }, 
    {
        "date": "2012-08-31", 
        "operating_revenue": 654786, 
        "accumulated_operating_revenue": 4477222, 
        "long_term_average": 559652, 
        "short_term_average": 646118
    }, 
    {
        "date": "2012-09-30", 
        "operating_revenue": 1238655, 
        "accumulated_operating_revenue": 5715877, 
        "long_term_average": 635097, 
        "short_term_average": 900645
    }, 
    {
        "date": "2012-10-31", 
        "operating_revenue": 610479, 
        "accumulated_operating_revenue": 6326356, 
        "long_term_average": 632635, 
        "short_term_average": 834640
    }, 
    {
        "date": "2012-11-30", 
        "operating_revenue": 418725, 
        "accumulated_operating_revenue": 6745081, 
        "long_term_average": 613189, 
        "short_term_average": 755953
    }, 
    {
        "date": "2012-12-31", 
        "operating_revenue": 859031, 
        "accumulated_operating_revenue": 7604112, 
        "long_term_average": 633676, 
        "short_term_average": 629411
    }, 
    {
        "accumulated_operating_revenue_yoy": 8.41136421883067, 
        "accumulated_operating_revenue": 291877, 
        "long_term_average": 635563, 
        "date": "2013-01-31", 
        "operating_revenue": 291877, 
        "short_term_average": 523211
    }, 
    {
        "accumulated_operating_revenue_yoy": -27.870625826072448, 
        "accumulated_operating_revenue": 562097, 
        "long_term_average": 615576, 
        "date": "2013-02-28", 
        "operating_revenue": 270220, 
        "short_term_average": 473709
    }, 
    {
        "accumulated_operating_revenue_yoy": -35.67850579845563, 
        "accumulated_operating_revenue": 888705, 
        "long_term_average": 592596, 
        "date": "2013-03-31", 
        "operating_revenue": 326608, 
        "short_term_average": 296235
    }, 
    {
        "accumulated_operating_revenue_yoy": -26.927931418632433, 
        "accumulated_operating_revenue": 1450246, 
        "long_term_average": 589139, 
        "date": "2013-04-30", 
        "operating_revenue": 561541, 
        "short_term_average": 386123
    }, 
    {
        "accumulated_operating_revenue_yoy": -29.528301217945334, 
        "accumulated_operating_revenue": 1789182, 
        "long_term_average": 571202, 
        "date": "2013-05-31", 
        "operating_revenue": 338936, 
        "short_term_average": 409028
    }, 
    {
        "accumulated_operating_revenue_yoy": -27.798662216235225, 
        "accumulated_operating_revenue": 2176105, 
        "long_term_average": 563856, 
        "date": "2013-06-30", 
        "operating_revenue": 386923, 
        "short_term_average": 429133
    }, 
    {
        "accumulated_operating_revenue_yoy": -31.271471909536224, 
        "accumulated_operating_revenue": 2627104, 
        "long_term_average": 534065, 
        "date": "2013-07-31", 
        "operating_revenue": 450999, 
        "short_term_average": 392286
    }, 
    {
        "accumulated_operating_revenue_yoy": -33.60054515947612, 
        "accumulated_operating_revenue": 2972851, 
        "long_term_average": 508311, 
        "date": "2013-08-31", 
        "operating_revenue": 345747, 
        "short_term_average": 394556
    }, 
    {
        "accumulated_operating_revenue_yoy": -39.41701334720813, 
        "accumulated_operating_revenue": 3462849, 
        "long_term_average": 445923, 
        "date": "2013-09-30", 
        "operating_revenue": 489998, 
        "short_term_average": 428914
    }, 
    {
        "accumulated_operating_revenue_yoy": -35.324806254975215, 
        "accumulated_operating_revenue": 4091583, 
        "long_term_average": 447444, 
        "date": "2013-10-31", 
        "operating_revenue": 628734, 
        "short_term_average": 488159
    }, 
    {
        "accumulated_operating_revenue_yoy": -30.399397724059945, 
        "accumulated_operating_revenue": 4694617, 
        "long_term_average": 462804, 
        "date": "2013-11-30", 
        "operating_revenue": 603034, 
        "short_term_average": 573922
    }, 
    {
        "accumulated_operating_revenue_yoy": -27.222363373921898, 
        "accumulated_operating_revenue": 5534093, 
        "long_term_average": 461174, 
        "date": "2013-12-31", 
        "operating_revenue": 839476, 
        "short_term_average": 690414
    }, 
    {
        "accumulated_operating_revenue_yoy": -18.304970929535386, 
        "accumulated_operating_revenue": 238449, 
        "long_term_average": 456722, 
        "date": "2014-01-31", 
        "operating_revenue": 238449, 
        "short_term_average": 560319
    }, 
    {
        "accumulated_operating_revenue_yoy": -4.865352421379228, 
        "accumulated_operating_revenue": 534749, 
        "long_term_average": 458895, 
        "date": "2014-02-28", 
        "operating_revenue": 296300, 
        "short_term_average": 458075
    }, 
    {
        "accumulated_operating_revenue_yoy": 21.473492328725506, 
        "accumulated_operating_revenue": 1079541, 
        "long_term_average": 477077, 
        "date": "2014-03-31", 
        "operating_revenue": 544792, 
        "short_term_average": 359847
    }, 
    {
        "accumulated_operating_revenue_yoy": 3.569532341409664, 
        "accumulated_operating_revenue": 1502013, 
        "long_term_average": 465488, 
        "date": "2014-04-30", 
        "operating_revenue": 422472, 
        "short_term_average": 421188
    }, 
    {
        "accumulated_operating_revenue_yoy": 15.812030302115716, 
        "accumulated_operating_revenue": 2072088, 
        "long_term_average": 484749, 
        "date": "2014-05-31", 
        "operating_revenue": 570075, 
        "short_term_average": 512446
    }, 
    {
        "accumulated_operating_revenue_yoy": 9.417927903295107, 
        "accumulated_operating_revenue": 2381049, 
        "long_term_average": 478253, 
        "date": "2014-06-30", 
        "operating_revenue": 308961, 
        "short_term_average": 433836
    }, 
    {
        "accumulated_operating_revenue_yoy": 11.404344860348123, 
        "accumulated_operating_revenue": 2926708, 
        "long_term_average": 486141, 
        "date": "2014-07-31", 
        "operating_revenue": 545659, 
        "short_term_average": 474898
    }, 
    {
        "accumulated_operating_revenue_yoy": 9.923100754124576, 
        "accumulated_operating_revenue": 3267850, 
        "long_term_average": 485757, 
        "date": "2014-08-31", 
        "operating_revenue": 341142, 
        "short_term_average": 398587
    }, 
    {
        "accumulated_operating_revenue_yoy": 5.879031976271562, 
        "accumulated_operating_revenue": 3666431, 
        "long_term_average": 478139, 
        "date": "2014-09-30", 
        "operating_revenue": 398581, 
        "short_term_average": 428460
    }, 
    {
        "accumulated_operating_revenue_yoy": 2.595767946049243, 
        "accumulated_operating_revenue": 4197791, 
        "long_term_average": 470025, 
        "date": "2014-10-31", 
        "operating_revenue": 531360, 
        "short_term_average": 423694
    }, 
    {
        "accumulated_operating_revenue_yoy": -1.871931192683024, 
        "accumulated_operating_revenue": 4606737, 
        "long_term_average": 453851, 
        "date": "2014-11-30", 
        "operating_revenue": 408946, 
        "short_term_average": 446295
    }, 
    {
        "accumulated_operating_revenue_yoy": -3.870914348566242, 
        "accumulated_operating_revenue": 5319873, 
        "long_term_average": 443322, 
        "date": "2014-12-31", 
        "operating_revenue": 713136, 
        "short_term_average": 551147
    }, 
    {
        "accumulated_operating_revenue_yoy": 45.94777080214218, 
        "accumulated_operating_revenue": 348011, 
        "long_term_average": 452452, 
        "date": "2015-01-31", 
        "operating_revenue": 348011, 
        "short_term_average": 490031
    }, 
    {
        "accumulated_operating_revenue_yoy": 31.563593386803902, 
        "accumulated_operating_revenue": 703535, 
        "long_term_average": 457388, 
        "date": "2015-02-28", 
        "operating_revenue": 355524, 
        "short_term_average": 472223
    }, 
    {
        "accumulated_operating_revenue_yoy": -0.8723151783952623, 
        "accumulated_operating_revenue": 1070124, 
        "long_term_average": 442538, 
        "date": "2015-03-31", 
        "operating_revenue": 366589, 
        "short_term_average": 356708
    }, 
    {
        "accumulated_operating_revenue_yoy": -7.885817233272947, 
        "accumulated_operating_revenue": 1383567, 
        "long_term_average": 433452, 
        "date": "2015-04-30", 
        "operating_revenue": 313443, 
        "short_term_average": 345185
    }, 
    {
        "accumulated_operating_revenue_yoy": -20.149095984340434, 
        "accumulated_operating_revenue": 1654581, 
        "long_term_average": 408530, 
        "date": "2015-05-31", 
        "operating_revenue": 271014, 
        "short_term_average": 317015
    }, 
    {
        "accumulated_operating_revenue_yoy": -12.091477327850036, 
        "accumulated_operating_revenue": 2093145, 
        "long_term_average": 419330, 
        "date": "2015-06-30", 
        "operating_revenue": 438564, 
        "short_term_average": 341007
    }, 
    {
        "accumulated_operating_revenue_yoy": -10.331778913372977, 
        "accumulated_operating_revenue": 2624327, 
        "long_term_average": 418124, 
        "date": "2015-07-31", 
        "operating_revenue": 531182, 
        "short_term_average": 413586
    }, 
    {
        "accumulated_operating_revenue_yoy": -6.961519041571676, 
        "accumulated_operating_revenue": 3040358, 
        "long_term_average": 424365, 
        "date": "2015-08-31", 
        "operating_revenue": 416031, 
        "short_term_average": 461925
    }
]