[
    {
        "date": "2012-01-31", 
        "operating_revenue": 223760, 
        "accumulated_operating_revenue": 223760, 
        "long_term_average": 223760, 
        "short_term_average": 223760
    }, 
    {
        "date": "2012-02-29", 
        "operating_revenue": 329227, 
        "accumulated_operating_revenue": 552987, 
        "long_term_average": 276493, 
        "short_term_average": 276493
    }, 
    {
        "date": "2012-03-31", 
        "operating_revenue": 484864, 
        "accumulated_operating_revenue": 1037851, 
        "long_term_average": 345950, 
        "short_term_average": 345950
    }, 
    {
        "date": "2012-04-30", 
        "operating_revenue": 201819, 
        "accumulated_operating_revenue": 1239670, 
        "long_term_average": 309917, 
        "short_term_average": 338636
    }, 
    {
        "date": "2012-05-31", 
        "operating_revenue": 302614, 
        "accumulated_operating_revenue": 1542284, 
        "long_term_average": 308456, 
        "short_term_average": 329765
    }, 
    {
        "date": "2012-06-30", 
        "operating_revenue": 371046, 
        "accumulated_operating_revenue": 1913330, 
        "long_term_average": 318888, 
        "short_term_average": 291826
    }, 
    {
        "date": "2012-07-31", 
        "operating_revenue": 288602, 
        "accumulated_operating_revenue": 2201932, 
        "long_term_average": 314561, 
        "short_term_average": 320754
    }, 
    {
        "date": "2012-08-31", 
        "operating_revenue": 406265, 
        "accumulated_operating_revenue": 2608197, 
        "long_term_average": 326024, 
        "short_term_average": 355304
    }, 
    {
        "date": "2012-09-30", 
        "operating_revenue": 551290, 
        "accumulated_operating_revenue": 3159487, 
        "long_term_average": 351054, 
        "short_term_average": 415385
    }, 
    {
        "date": "2012-10-31", 
        "operating_revenue": 218652, 
        "accumulated_operating_revenue": 3378139, 
        "long_term_average": 337813, 
        "short_term_average": 392069
    }, 
    {
        "date": "2012-11-30", 
        "operating_revenue": 273513, 
        "accumulated_operating_revenue": 3651652, 
        "long_term_average": 331968, 
        "short_term_average": 347818
    }, 
    {
        "date": "2012-12-31", 
        "operating_revenue": 349976, 
        "accumulated_operating_revenue": 4001628, 
        "long_term_average": 333469, 
        "short_term_average": 280713
    }, 
    {
        "accumulated_operating_revenue_yoy": 33.3777261351448, 
        "accumulated_operating_revenue": 298446, 
        "long_term_average": 339692, 
        "date": "2013-01-31", 
        "operating_revenue": 298446, 
        "short_term_average": 307311
    }, 
    {
        "accumulated_operating_revenue_yoy": -3.708043769564203, 
        "accumulated_operating_revenue": 532482, 
        "long_term_average": 331760, 
        "date": "2013-02-28", 
        "operating_revenue": 234036, 
        "short_term_average": 294152
    }, 
    {
        "accumulated_operating_revenue_yoy": 1.520738526050464, 
        "accumulated_operating_revenue": 1053634, 
        "long_term_average": 334784, 
        "date": "2013-03-31", 
        "operating_revenue": 521152, 
        "short_term_average": 351211
    }, 
    {
        "accumulated_operating_revenue_yoy": 8.737970588947059, 
        "accumulated_operating_revenue": 1347992, 
        "long_term_average": 342495, 
        "date": "2013-04-30", 
        "operating_revenue": 294358, 
        "short_term_average": 349848
    }, 
    {
        "accumulated_operating_revenue_yoy": 4.0318125585171085, 
        "accumulated_operating_revenue": 1604466, 
        "long_term_average": 338650, 
        "date": "2013-05-31", 
        "operating_revenue": 256474, 
        "short_term_average": 357328
    }, 
    {
        "accumulated_operating_revenue_yoy": 3.641086482729064, 
        "accumulated_operating_revenue": 1982996, 
        "long_term_average": 339274, 
        "date": "2013-06-30", 
        "operating_revenue": 378530, 
        "short_term_average": 309787
    }, 
    {
        "accumulated_operating_revenue_yoy": -1.6269348917223603, 
        "accumulated_operating_revenue": 2166108, 
        "long_term_average": 330483, 
        "date": "2013-07-31", 
        "operating_revenue": 183112, 
        "short_term_average": 272705
    }, 
    {
        "accumulated_operating_revenue_yoy": -6.074656170526996, 
        "accumulated_operating_revenue": 2449758, 
        "long_term_average": 320265, 
        "date": "2013-08-31", 
        "operating_revenue": 283650, 
        "short_term_average": 281764
    }, 
    {
        "accumulated_operating_revenue_yoy": -11.76406169735783, 
        "accumulated_operating_revenue": 2787803, 
        "long_term_average": 302495, 
        "date": "2013-09-30", 
        "operating_revenue": 338045, 
        "short_term_average": 268269
    }, 
    {
        "accumulated_operating_revenue_yoy": -11.12988541916126, 
        "accumulated_operating_revenue": 3002156, 
        "long_term_average": 302137, 
        "date": "2013-10-31", 
        "operating_revenue": 214353, 
        "short_term_average": 278682
    }, 
    {
        "accumulated_operating_revenue_yoy": -7.5566894107105504, 
        "accumulated_operating_revenue": 3375708, 
        "long_term_average": 310473, 
        "date": "2013-11-30", 
        "operating_revenue": 373552, 
        "short_term_average": 308650
    }, 
    {
        "accumulated_operating_revenue_yoy": -0.7688620731362336, 
        "accumulated_operating_revenue": 3970861, 
        "long_term_average": 330905, 
        "date": "2013-12-31", 
        "operating_revenue": 595153, 
        "short_term_average": 394352
    }, 
    {
        "accumulated_operating_revenue_yoy": 22.006661171535217, 
        "accumulated_operating_revenue": 364124, 
        "long_term_average": 336378, 
        "date": "2014-01-31", 
        "operating_revenue": 364124, 
        "short_term_average": 444276
    }, 
    {
        "accumulated_operating_revenue_yoy": 25.066762820151666, 
        "accumulated_operating_revenue": 665958, 
        "long_term_average": 342028, 
        "date": "2014-02-28", 
        "operating_revenue": 301834, 
        "short_term_average": 420370
    }, 
    {
        "accumulated_operating_revenue_yoy": 29.593957674106946, 
        "accumulated_operating_revenue": 1365446, 
        "long_term_average": 356889, 
        "date": "2014-03-31", 
        "operating_revenue": 699488, 
        "short_term_average": 455148
    }, 
    {
        "accumulated_operating_revenue_yoy": 20.934471421195376, 
        "accumulated_operating_revenue": 1630187, 
        "long_term_average": 354421, 
        "date": "2014-04-30", 
        "operating_revenue": 264741, 
        "short_term_average": 422021
    }, 
    {
        "accumulated_operating_revenue_yoy": 21.393659946673846, 
        "accumulated_operating_revenue": 1947720, 
        "long_term_average": 359509, 
        "date": "2014-05-31", 
        "operating_revenue": 317533, 
        "short_term_average": 427254
    }, 
    {
        "accumulated_operating_revenue_yoy": 16.68545977904141, 
        "accumulated_operating_revenue": 2313868, 
        "long_term_average": 358477, 
        "date": "2014-06-30", 
        "operating_revenue": 366148, 
        "short_term_average": 316140
    }, 
    {
        "accumulated_operating_revenue_yoy": 16.145732345755615, 
        "accumulated_operating_revenue": 2515842, 
        "long_term_average": 360049, 
        "date": "2014-07-31", 
        "operating_revenue": 201974, 
        "short_term_average": 295218
    }, 
    {
        "accumulated_operating_revenue_yoy": 10.747837133300514, 
        "accumulated_operating_revenue": 2713054, 
        "long_term_average": 352846, 
        "date": "2014-08-31", 
        "operating_revenue": 197212, 
        "short_term_average": 255111
    }, 
    {
        "accumulated_operating_revenue_yoy": 10.443349117566772, 
        "accumulated_operating_revenue": 3078943, 
        "long_term_average": 355166, 
        "date": "2014-09-30", 
        "operating_revenue": 365889, 
        "short_term_average": 255025
    }, 
    {
        "accumulated_operating_revenue_yoy": 8.545058950967238, 
        "accumulated_operating_revenue": 3258692, 
        "long_term_average": 352283, 
        "date": "2014-10-31", 
        "operating_revenue": 179749, 
        "short_term_average": 247616
    }, 
    {
        "accumulated_operating_revenue_yoy": 4.778168016901936, 
        "accumulated_operating_revenue": 3537005, 
        "long_term_average": 344346, 
        "date": "2014-11-30", 
        "operating_revenue": 278313, 
        "short_term_average": 274650
    }, 
    {
        "accumulated_operating_revenue_yoy": -5.283690363374593, 
        "accumulated_operating_revenue": 3761053, 
        "long_term_average": 313421, 
        "date": "2014-12-31", 
        "operating_revenue": 224048, 
        "short_term_average": 227370
    }, 
    {
        "accumulated_operating_revenue_yoy": -52.621909020004175, 
        "accumulated_operating_revenue": 172515, 
        "long_term_average": 297453, 
        "date": "2015-01-31", 
        "operating_revenue": 172515, 
        "short_term_average": 224958
    }, 
    {
        "accumulated_operating_revenue_yoy": -44.24663417212497, 
        "accumulated_operating_revenue": 371294, 
        "long_term_average": 288865, 
        "date": "2015-02-28", 
        "operating_revenue": 198779, 
        "short_term_average": 198447
    }, 
    {
        "accumulated_operating_revenue_yoy": -45.07911700645796, 
        "accumulated_operating_revenue": 749915, 
        "long_term_average": 262126, 
        "date": "2015-03-31", 
        "operating_revenue": 378621, 
        "short_term_average": 249971
    }, 
    {
        "accumulated_operating_revenue_yoy": -37.53759538016191, 
        "accumulated_operating_revenue": 1018254, 
        "long_term_average": 262426, 
        "date": "2015-04-30", 
        "operating_revenue": 268339, 
        "short_term_average": 281913
    }, 
    {
        "accumulated_operating_revenue_yoy": -35.37952067032222, 
        "accumulated_operating_revenue": 1258626, 
        "long_term_average": 255996, 
        "date": "2015-05-31", 
        "operating_revenue": 240372, 
        "short_term_average": 295777
    }, 
    {
        "accumulated_operating_revenue_yoy": -38.20226564350257, 
        "accumulated_operating_revenue": 1429918, 
        "long_term_average": 239758, 
        "date": "2015-06-30", 
        "operating_revenue": 171292, 
        "short_term_average": 226667
    }, 
    {
        "accumulated_operating_revenue_yoy": -37.597869818533916, 
        "accumulated_operating_revenue": 1569939, 
        "long_term_average": 234595, 
        "date": "2015-07-31", 
        "operating_revenue": 140021, 
        "short_term_average": 183895
    }, 
    {
        "accumulated_operating_revenue_yoy": -35.14718099971471, 
        "accumulated_operating_revenue": 1759492, 
        "long_term_average": 233957, 
        "date": "2015-08-31", 
        "operating_revenue": 189553, 
        "short_term_average": 166955
    }
]