[
    {
        "date": "2011-09-30", 
        "operating_revenue": 137162, 
        "accumulated_operating_revenue": 137162, 
        "long_term_average": 137162, 
        "short_term_average": 137162
    }, 
    {
        "date": "2011-10-31", 
        "operating_revenue": 147781, 
        "accumulated_operating_revenue": 284943, 
        "long_term_average": 142471, 
        "short_term_average": 142471
    }, 
    {
        "date": "2011-11-30", 
        "operating_revenue": 140953, 
        "accumulated_operating_revenue": 425896, 
        "long_term_average": 141965, 
        "short_term_average": 141965
    }, 
    {
        "date": "2011-12-31", 
        "operating_revenue": 154479, 
        "accumulated_operating_revenue": 580375, 
        "long_term_average": 145093, 
        "short_term_average": 147737
    }, 
    {
        "date": "2012-01-31", 
        "operating_revenue": 118167, 
        "accumulated_operating_revenue": 118167, 
        "long_term_average": 139708, 
        "short_term_average": 137866
    }, 
    {
        "date": "2012-02-29", 
        "operating_revenue": 167097, 
        "accumulated_operating_revenue": 285264, 
        "long_term_average": 144273, 
        "short_term_average": 146581
    }, 
    {
        "date": "2012-03-31", 
        "operating_revenue": 185935, 
        "accumulated_operating_revenue": 471199, 
        "long_term_average": 150224, 
        "short_term_average": 157066
    }, 
    {
        "date": "2012-04-30", 
        "operating_revenue": 185999, 
        "accumulated_operating_revenue": 657198, 
        "long_term_average": 154696, 
        "short_term_average": 179677
    }, 
    {
        "date": "2012-05-31", 
        "operating_revenue": 196168, 
        "accumulated_operating_revenue": 853366, 
        "long_term_average": 159304, 
        "short_term_average": 189367
    }, 
    {
        "date": "2012-06-30", 
        "operating_revenue": 177913, 
        "accumulated_operating_revenue": 1031279, 
        "long_term_average": 161165, 
        "short_term_average": 186693
    }, 
    {
        "date": "2012-07-31", 
        "operating_revenue": 178601, 
        "accumulated_operating_revenue": 1209880, 
        "long_term_average": 162750, 
        "short_term_average": 184227
    }, 
    {
        "date": "2012-08-31", 
        "operating_revenue": 184372, 
        "accumulated_operating_revenue": 1394252, 
        "long_term_average": 164552, 
        "short_term_average": 180295
    }, 
    {
        "accumulated_operating_revenue_yoy": 1039.0443417273004, 
        "accumulated_operating_revenue": 1562336, 
        "long_term_average": 167129, 
        "date": "2012-09-30", 
        "operating_revenue": 168084, 
        "short_term_average": 177019
    }, 
    {
        "accumulated_operating_revenue_yoy": 502.7791523216924, 
        "accumulated_operating_revenue": 1717577, 
        "long_term_average": 167750, 
        "date": "2012-10-31", 
        "operating_revenue": 155241, 
        "short_term_average": 169232
    }, 
    {
        "accumulated_operating_revenue_yoy": 339.6754137160246, 
        "accumulated_operating_revenue": 1872560, 
        "long_term_average": 168919, 
        "date": "2012-11-30", 
        "operating_revenue": 154983, 
        "short_term_average": 159436
    }, 
    {
        "accumulated_operating_revenue_yoy": 252.85082920525522, 
        "accumulated_operating_revenue": 2047858, 
        "long_term_average": 170654, 
        "date": "2012-12-31", 
        "operating_revenue": 175298, 
        "short_term_average": 161840
    }, 
    {
        "accumulated_operating_revenue_yoy": 65.57245254597306, 
        "accumulated_operating_revenue": 195652, 
        "long_term_average": 177111, 
        "date": "2013-01-31", 
        "operating_revenue": 195652, 
        "short_term_average": 175311
    }, 
    {
        "accumulated_operating_revenue_yoy": 13.914128666778844, 
        "accumulated_operating_revenue": 324956, 
        "long_term_average": 173962, 
        "date": "2013-02-28", 
        "operating_revenue": 129304, 
        "short_term_average": 166751
    }, 
    {
        "accumulated_operating_revenue_yoy": 6.587238088366062, 
        "accumulated_operating_revenue": 502238, 
        "long_term_average": 173241, 
        "date": "2013-03-31", 
        "operating_revenue": 177282, 
        "short_term_average": 167412
    }, 
    {
        "accumulated_operating_revenue_yoy": 4.60333111178062, 
        "accumulated_operating_revenue": 687451, 
        "long_term_average": 173175, 
        "date": "2013-04-30", 
        "operating_revenue": 185213, 
        "short_term_average": 163933
    }, 
    {
        "accumulated_operating_revenue_yoy": 2.5501367525774405, 
        "accumulated_operating_revenue": 875128, 
        "long_term_average": 172468, 
        "date": "2013-05-31", 
        "operating_revenue": 187677, 
        "short_term_average": 183390
    }, 
    {
        "accumulated_operating_revenue_yoy": 2.158678689278071, 
        "accumulated_operating_revenue": 1053541, 
        "long_term_average": 172510, 
        "date": "2013-06-30", 
        "operating_revenue": 178413, 
        "short_term_average": 183767
    }, 
    {
        "accumulated_operating_revenue_yoy": 2.8427612655800574, 
        "accumulated_operating_revenue": 1244274, 
        "long_term_average": 173521, 
        "date": "2013-07-31", 
        "operating_revenue": 190733, 
        "short_term_average": 185607
    }, 
    {
        "accumulated_operating_revenue_yoy": 1.4097881875012552, 
        "accumulated_operating_revenue": 1413908, 
        "long_term_average": 172292, 
        "date": "2013-08-31", 
        "operating_revenue": 169634, 
        "short_term_average": 179593
    }, 
    {
        "accumulated_operating_revenue_yoy": 2.603793294144153, 
        "accumulated_operating_revenue": 1603016, 
        "long_term_average": 174044, 
        "date": "2013-09-30", 
        "operating_revenue": 189108, 
        "short_term_average": 183158
    }, 
    {
        "accumulated_operating_revenue_yoy": 3.842098491072016, 
        "accumulated_operating_revenue": 1783568, 
        "long_term_average": 176154, 
        "date": "2013-10-31", 
        "operating_revenue": 180552, 
        "short_term_average": 179764
    }, 
    {
        "accumulated_operating_revenue_yoy": 3.8718652539838505, 
        "accumulated_operating_revenue": 1945063, 
        "long_term_average": 176696, 
        "date": "2013-11-30", 
        "operating_revenue": 161495, 
        "short_term_average": 177051
    }, 
    {
        "accumulated_operating_revenue_yoy": 4.504316217237719, 
        "accumulated_operating_revenue": 2140100, 
        "long_term_average": 178341, 
        "date": "2013-12-31", 
        "operating_revenue": 195037, 
        "short_term_average": 179028
    }, 
    {
        "accumulated_operating_revenue_yoy": -14.035634698341953, 
        "accumulated_operating_revenue": 168191, 
        "long_term_average": 176053, 
        "date": "2014-01-31", 
        "operating_revenue": 168191, 
        "short_term_average": 174907
    }, 
    {
        "accumulated_operating_revenue_yoy": -6.579352281539655, 
        "accumulated_operating_revenue": 303576, 
        "long_term_average": 176560, 
        "date": "2014-02-28", 
        "operating_revenue": 135385, 
        "short_term_average": 166204
    }, 
    {
        "accumulated_operating_revenue_yoy": -1.1612024577988922, 
        "accumulated_operating_revenue": 496406, 
        "long_term_average": 177855, 
        "date": "2014-03-31", 
        "operating_revenue": 192830, 
        "short_term_average": 165468
    }, 
    {
        "accumulated_operating_revenue_yoy": 0.7539446447819554, 
        "accumulated_operating_revenue": 692634, 
        "long_term_average": 178773, 
        "date": "2014-04-30", 
        "operating_revenue": 196228, 
        "short_term_average": 174814
    }, 
    {
        "accumulated_operating_revenue_yoy": 0.22202466382060682, 
        "accumulated_operating_revenue": 877071, 
        "long_term_average": 178503, 
        "date": "2014-05-31", 
        "operating_revenue": 184437, 
        "short_term_average": 191165
    }, 
    {
        "accumulated_operating_revenue_yoy": 0.5085706204124946, 
        "accumulated_operating_revenue": 1058899, 
        "long_term_average": 178788, 
        "date": "2014-06-30", 
        "operating_revenue": 181828, 
        "short_term_average": 187497
    }, 
    {
        "accumulated_operating_revenue_yoy": -0.6170666589513242, 
        "accumulated_operating_revenue": 1236596, 
        "long_term_average": 177701, 
        "date": "2014-07-31", 
        "operating_revenue": 177697, 
        "short_term_average": 181320
    }, 
    {
        "accumulated_operating_revenue_yoy": -2.5212390056495897, 
        "accumulated_operating_revenue": 1378260, 
        "long_term_average": 175371, 
        "date": "2014-08-31", 
        "operating_revenue": 141664, 
        "short_term_average": 167063
    }, 
    {
        "accumulated_operating_revenue_yoy": -3.672140515128982, 
        "accumulated_operating_revenue": 1544151, 
        "long_term_average": 173436, 
        "date": "2014-09-30", 
        "operating_revenue": 165891, 
        "short_term_average": 161750
    }, 
    {
        "accumulated_operating_revenue_yoy": -4.730237366896019, 
        "accumulated_operating_revenue": 1699201, 
        "long_term_average": 171311, 
        "date": "2014-10-31", 
        "operating_revenue": 155050, 
        "short_term_average": 154201
    }, 
    {
        "accumulated_operating_revenue_yoy": -4.032465786455246, 
        "accumulated_operating_revenue": 1866629, 
        "long_term_average": 171805, 
        "date": "2014-11-30", 
        "operating_revenue": 167428, 
        "short_term_average": 162789
    }, 
    {
        "accumulated_operating_revenue_yoy": -4.500256997336573, 
        "accumulated_operating_revenue": 2043790, 
        "long_term_average": 170315, 
        "date": "2014-12-31", 
        "operating_revenue": 177161, 
        "short_term_average": 166546
    }, 
    {
        "accumulated_operating_revenue_yoy": 14.742168130280456, 
        "accumulated_operating_revenue": 192986, 
        "long_term_average": 172382, 
        "date": "2015-01-31", 
        "operating_revenue": 192986, 
        "short_term_average": 179191
    }, 
    {
        "accumulated_operating_revenue_yoy": 3.976598940627717, 
        "accumulated_operating_revenue": 315648, 
        "long_term_average": 171321, 
        "date": "2015-02-28", 
        "operating_revenue": 122662, 
        "short_term_average": 164269
    }, 
    {
        "accumulated_operating_revenue_yoy": -0.9057102452428053, 
        "accumulated_operating_revenue": 491910, 
        "long_term_average": 169941, 
        "date": "2015-03-31", 
        "operating_revenue": 176262, 
        "short_term_average": 163970
    }, 
    {
        "accumulated_operating_revenue_yoy": -2.4565643615531436, 
        "accumulated_operating_revenue": 675619, 
        "long_term_average": 168897, 
        "date": "2015-04-30", 
        "operating_revenue": 183709, 
        "short_term_average": 160877
    }, 
    {
        "accumulated_operating_revenue_yoy": -1.7113779842224859, 
        "accumulated_operating_revenue": 862061, 
        "long_term_average": 169065, 
        "date": "2015-05-31", 
        "operating_revenue": 186442, 
        "short_term_average": 182137
    }, 
    {
        "accumulated_operating_revenue_yoy": -5.228638425383346, 
        "accumulated_operating_revenue": 1003533, 
        "long_term_average": 165702, 
        "date": "2015-06-30", 
        "operating_revenue": 141472, 
        "short_term_average": 170541
    }, 
    {
        "accumulated_operating_revenue_yoy": -6.327693118852075, 
        "accumulated_operating_revenue": 1158348, 
        "long_term_average": 163795, 
        "date": "2015-07-31", 
        "operating_revenue": 154815, 
        "short_term_average": 160909
    }, 
    {
        "accumulated_operating_revenue_yoy": -3.915661776442761, 
        "accumulated_operating_revenue": 1324292, 
        "long_term_average": 165818, 
        "date": "2015-08-31", 
        "operating_revenue": 165944, 
        "short_term_average": 154077
    }, 
    {
        "accumulated_operating_revenue_yoy": -3.9551831394727586, 
        "accumulated_operating_revenue": 1483077, 
        "long_term_average": 165226, 
        "date": "2015-09-30", 
        "operating_revenue": 158785, 
        "short_term_average": 159848
    }
]