[
    {
        "date": "2011-09-30", 
        "operating_revenue": 1071304, 
        "accumulated_operating_revenue": 1071304, 
        "long_term_average": 1071304, 
        "short_term_average": 1071304
    }, 
    {
        "date": "2011-10-31", 
        "operating_revenue": 1005877, 
        "accumulated_operating_revenue": 2077181, 
        "long_term_average": 1038590, 
        "short_term_average": 1038590
    }, 
    {
        "date": "2011-11-30", 
        "operating_revenue": 953913, 
        "accumulated_operating_revenue": 3031094, 
        "long_term_average": 1010364, 
        "short_term_average": 1010364
    }, 
    {
        "date": "2011-12-31", 
        "operating_revenue": 955572, 
        "accumulated_operating_revenue": 3986666, 
        "long_term_average": 996666, 
        "short_term_average": 971787
    }, 
    {
        "date": "2012-01-31", 
        "operating_revenue": 640880, 
        "accumulated_operating_revenue": 640880, 
        "long_term_average": 925509, 
        "short_term_average": 850121
    }, 
    {
        "date": "2012-02-29", 
        "operating_revenue": 705283, 
        "accumulated_operating_revenue": 1346163, 
        "long_term_average": 888804, 
        "short_term_average": 767245
    }, 
    {
        "date": "2012-03-31", 
        "operating_revenue": 1105504, 
        "accumulated_operating_revenue": 2451667, 
        "long_term_average": 919761, 
        "short_term_average": 817222
    }, 
    {
        "date": "2012-04-30", 
        "operating_revenue": 1052631, 
        "accumulated_operating_revenue": 3504298, 
        "long_term_average": 936370, 
        "short_term_average": 954472
    }, 
    {
        "date": "2012-05-31", 
        "operating_revenue": 1152807, 
        "accumulated_operating_revenue": 4657105, 
        "long_term_average": 960419, 
        "short_term_average": 1103647
    }, 
    {
        "date": "2012-06-30", 
        "operating_revenue": 1254195, 
        "accumulated_operating_revenue": 5911300, 
        "long_term_average": 989796, 
        "short_term_average": 1153211
    }, 
    {
        "date": "2012-07-31", 
        "operating_revenue": 1086392, 
        "accumulated_operating_revenue": 6997692, 
        "long_term_average": 998578, 
        "short_term_average": 1164464
    }, 
    {
        "date": "2012-08-31", 
        "operating_revenue": 1039865, 
        "accumulated_operating_revenue": 8037557, 
        "long_term_average": 1002018, 
        "short_term_average": 1126817
    }, 
    {
        "accumulated_operating_revenue_yoy": 765.7449239431571, 
        "accumulated_operating_revenue": 9274760, 
        "long_term_average": 1015843, 
        "date": "2012-09-30", 
        "operating_revenue": 1237203, 
        "short_term_average": 1121153
    }, 
    {
        "accumulated_operating_revenue_yoy": 405.0112628605788, 
        "accumulated_operating_revenue": 10489998, 
        "long_term_average": 1033290, 
        "date": "2012-10-31", 
        "operating_revenue": 1215238, 
        "short_term_average": 1164102
    }, 
    {
        "accumulated_operating_revenue_yoy": 283.21157311518544, 
        "accumulated_operating_revenue": 11615503, 
        "long_term_average": 1047589, 
        "date": "2012-11-30", 
        "operating_revenue": 1125505, 
        "short_term_average": 1192648
    }, 
    {
        "accumulated_operating_revenue_yoy": 218.34663350278154, 
        "accumulated_operating_revenue": 12691417, 
        "long_term_average": 1057618, 
        "date": "2012-12-31", 
        "operating_revenue": 1075914, 
        "short_term_average": 1138885
    }, 
    {
        "accumulated_operating_revenue_yoy": 63.67198227437274, 
        "accumulated_operating_revenue": 1048941, 
        "long_term_average": 1091623, 
        "date": "2013-01-31", 
        "operating_revenue": 1048941, 
        "short_term_average": 1083453
    }, 
    {
        "accumulated_operating_revenue_yoy": 15.720978811629797, 
        "accumulated_operating_revenue": 1557793, 
        "long_term_average": 1075253, 
        "date": "2013-02-28", 
        "operating_revenue": 508852, 
        "short_term_average": 877902
    }, 
    {
        "accumulated_operating_revenue_yoy": 16.238094325208113, 
        "accumulated_operating_revenue": 2849771, 
        "long_term_average": 1090793, 
        "date": "2013-03-31", 
        "operating_revenue": 1291978, 
        "short_term_average": 949923
    }, 
    {
        "accumulated_operating_revenue_yoy": 8.427536699219074, 
        "accumulated_operating_revenue": 3799624, 
        "long_term_average": 1082228, 
        "date": "2013-04-30", 
        "operating_revenue": 949853, 
        "short_term_average": 916894
    }, 
    {
        "accumulated_operating_revenue_yoy": 6.667790397682681, 
        "accumulated_operating_revenue": 4967631, 
        "long_term_average": 1083495, 
        "date": "2013-05-31", 
        "operating_revenue": 1168007, 
        "short_term_average": 1136612
    }, 
    {
        "accumulated_operating_revenue_yoy": 3.514624532674708, 
        "accumulated_operating_revenue": 6119060, 
        "long_term_average": 1074931, 
        "date": "2013-06-30", 
        "operating_revenue": 1151429, 
        "short_term_average": 1089763
    }, 
    {
        "accumulated_operating_revenue_yoy": 0.6522436254696549, 
        "accumulated_operating_revenue": 7043334, 
        "long_term_average": 1061421, 
        "date": "2013-07-31", 
        "operating_revenue": 924274, 
        "short_term_average": 1081236
    }, 
    {
        "accumulated_operating_revenue_yoy": -1.2320410293824353, 
        "accumulated_operating_revenue": 7938531, 
        "long_term_average": 1049365, 
        "date": "2013-08-31", 
        "operating_revenue": 895197, 
        "short_term_average": 990300
    }, 
    {
        "accumulated_operating_revenue_yoy": -6.013481750471171, 
        "accumulated_operating_revenue": 8717024, 
        "long_term_average": 1011140, 
        "date": "2013-09-30", 
        "operating_revenue": 778493, 
        "short_term_average": 865988
    }, 
    {
        "accumulated_operating_revenue_yoy": -7.543528606964463, 
        "accumulated_operating_revenue": 9698682, 
        "long_term_average": 991675, 
        "date": "2013-10-31", 
        "operating_revenue": 981658, 
        "short_term_average": 885116
    }, 
    {
        "accumulated_operating_revenue_yoy": -7.324891569482612, 
        "accumulated_operating_revenue": 10764680, 
        "long_term_average": 986716, 
        "date": "2013-11-30", 
        "operating_revenue": 1065998, 
        "short_term_average": 942049
    }, 
    {
        "accumulated_operating_revenue_yoy": -7.0159305300582275, 
        "accumulated_operating_revenue": 11800996, 
        "long_term_average": 983416, 
        "date": "2013-12-31", 
        "operating_revenue": 1036316, 
        "short_term_average": 1027990
    }, 
    {
        "accumulated_operating_revenue_yoy": -23.469194168213463, 
        "accumulated_operating_revenue": 802763, 
        "long_term_average": 962901, 
        "date": "2014-01-31", 
        "operating_revenue": 802763, 
        "short_term_average": 968359
    }, 
    {
        "accumulated_operating_revenue_yoy": -21.661542964951057, 
        "accumulated_operating_revenue": 1220351, 
        "long_term_average": 955296, 
        "date": "2014-02-28", 
        "operating_revenue": 417588, 
        "short_term_average": 752222
    }, 
    {
        "accumulated_operating_revenue_yoy": -32.91566234620256, 
        "accumulated_operating_revenue": 1911750, 
        "long_term_average": 905247, 
        "date": "2014-03-31", 
        "operating_revenue": 691399, 
        "short_term_average": 637250
    }, 
    {
        "accumulated_operating_revenue_yoy": -33.58382303091042, 
        "accumulated_operating_revenue": 2523565, 
        "long_term_average": 877078, 
        "date": "2014-04-30", 
        "operating_revenue": 611815, 
        "short_term_average": 573600
    }, 
    {
        "accumulated_operating_revenue_yoy": -36.0246362904169, 
        "accumulated_operating_revenue": 3178060, 
        "long_term_average": 834285, 
        "date": "2014-05-31", 
        "operating_revenue": 654495, 
        "short_term_average": 652569
    }, 
    {
        "accumulated_operating_revenue_yoy": -39.43798557294748, 
        "accumulated_operating_revenue": 3705826, 
        "long_term_average": 782313, 
        "date": "2014-06-30", 
        "operating_revenue": 527766, 
        "short_term_average": 598025
    }, 
    {
        "accumulated_operating_revenue_yoy": -40.27230570068095, 
        "accumulated_operating_revenue": 4206821, 
        "long_term_average": 747040, 
        "date": "2014-07-31", 
        "operating_revenue": 500995, 
        "short_term_average": 561085
    }, 
    {
        "accumulated_operating_revenue_yoy": -41.16669696194422, 
        "accumulated_operating_revenue": 4670500, 
        "long_term_average": 711080, 
        "date": "2014-08-31", 
        "operating_revenue": 463679, 
        "short_term_average": 497480
    }, 
    {
        "accumulated_operating_revenue_yoy": -39.92577053820202, 
        "accumulated_operating_revenue": 5236685, 
        "long_term_average": 693388, 
        "date": "2014-09-30", 
        "operating_revenue": 566185, 
        "short_term_average": 510286
    }, 
    {
        "accumulated_operating_revenue_yoy": -39.32876652724566, 
        "accumulated_operating_revenue": 5884310, 
        "long_term_average": 665552, 
        "date": "2014-10-31", 
        "operating_revenue": 647625, 
        "short_term_average": 559163
    }, 
    {
        "accumulated_operating_revenue_yoy": -38.18199890753836, 
        "accumulated_operating_revenue": 6654510, 
        "long_term_average": 640902, 
        "date": "2014-11-30", 
        "operating_revenue": 770200, 
        "short_term_average": 661336
    }, 
    {
        "accumulated_operating_revenue_yoy": -37.08917450696534, 
        "accumulated_operating_revenue": 7424104, 
        "long_term_average": 618675, 
        "date": "2014-12-31", 
        "operating_revenue": 769594, 
        "short_term_average": 729139
    }, 
    {
        "accumulated_operating_revenue_yoy": -23.953395958707613, 
        "accumulated_operating_revenue": 610474, 
        "long_term_average": 602651, 
        "date": "2015-01-31", 
        "operating_revenue": 610474, 
        "short_term_average": 716756
    }, 
    {
        "accumulated_operating_revenue_yoy": -18.52073706663083, 
        "accumulated_operating_revenue": 994333, 
        "long_term_average": 599840, 
        "date": "2015-02-28", 
        "operating_revenue": 383859, 
        "short_term_average": 587975
    }, 
    {
        "accumulated_operating_revenue_yoy": -18.498966915130115, 
        "accumulated_operating_revenue": 1558096, 
        "long_term_average": 589204, 
        "date": "2015-03-31", 
        "operating_revenue": 563763, 
        "short_term_average": 519365
    }, 
    {
        "accumulated_operating_revenue_yoy": -8.04587953946104, 
        "accumulated_operating_revenue": 2320522, 
        "long_term_average": 601755, 
        "date": "2015-04-30", 
        "operating_revenue": 762426, 
        "short_term_average": 570016
    }, 
    {
        "accumulated_operating_revenue_yoy": -3.412805296312845, 
        "accumulated_operating_revenue": 3069599, 
        "long_term_average": 609636, 
        "date": "2015-05-31", 
        "operating_revenue": 749077, 
        "short_term_average": 691755
    }, 
    {
        "accumulated_operating_revenue_yoy": 2.939992325597586, 
        "accumulated_operating_revenue": 3814777, 
        "long_term_average": 627754, 
        "date": "2015-06-30", 
        "operating_revenue": 745178, 
        "short_term_average": 752227
    }, 
    {
        "accumulated_operating_revenue_yoy": 7.074914763428251, 
        "accumulated_operating_revenue": 4504450, 
        "long_term_average": 643477, 
        "date": "2015-07-31", 
        "operating_revenue": 689673, 
        "short_term_average": 727976
    }, 
    {
        "accumulated_operating_revenue_yoy": 12.80873568140456, 
        "accumulated_operating_revenue": 5268732, 
        "long_term_average": 668528, 
        "date": "2015-08-31", 
        "operating_revenue": 764282, 
        "short_term_average": 733044
    }, 
    {
        "accumulated_operating_revenue_yoy": 12.981800509291661, 
        "accumulated_operating_revenue": 5916501, 
        "long_term_average": 675326, 
        "date": "2015-09-30", 
        "operating_revenue": 647769, 
        "short_term_average": 700574
    }, 
    {
        "accumulated_operating_revenue_yoy": 10.926718680694933, 
        "accumulated_operating_revenue": 6527272, 
        "long_term_average": 672255, 
        "date": "2015-10-31", 
        "operating_revenue": 610771, 
        "short_term_average": 674274
    }
]