[
    {
        "date": "2011-09-30", 
        "operating_revenue": 1109260, 
        "accumulated_operating_revenue": 1109260, 
        "long_term_average": 1109260, 
        "short_term_average": 1109260
    }, 
    {
        "date": "2011-10-31", 
        "operating_revenue": 936066, 
        "accumulated_operating_revenue": 2045326, 
        "long_term_average": 1022663, 
        "short_term_average": 1022663
    }, 
    {
        "date": "2011-11-30", 
        "operating_revenue": 988395, 
        "accumulated_operating_revenue": 3033721, 
        "long_term_average": 1011240, 
        "short_term_average": 1011240
    }, 
    {
        "date": "2011-12-31", 
        "operating_revenue": 1034593, 
        "accumulated_operating_revenue": 4068314, 
        "long_term_average": 1017078, 
        "short_term_average": 986351
    }, 
    {
        "date": "2012-01-31", 
        "operating_revenue": 1002289, 
        "accumulated_operating_revenue": 1002289, 
        "long_term_average": 1014120, 
        "short_term_average": 1008425
    }, 
    {
        "date": "2012-02-29", 
        "operating_revenue": 919789, 
        "accumulated_operating_revenue": 1922078, 
        "long_term_average": 998398, 
        "short_term_average": 985557
    }, 
    {
        "date": "2012-03-31", 
        "operating_revenue": 1131566, 
        "accumulated_operating_revenue": 3053644, 
        "long_term_average": 1017422, 
        "short_term_average": 1017881
    }, 
    {
        "date": "2012-04-30", 
        "operating_revenue": 1013861, 
        "accumulated_operating_revenue": 4067505, 
        "long_term_average": 1016977, 
        "short_term_average": 1021738
    }, 
    {
        "date": "2012-05-31", 
        "operating_revenue": 1096481, 
        "accumulated_operating_revenue": 5163986, 
        "long_term_average": 1025811, 
        "short_term_average": 1080636
    }, 
    {
        "date": "2012-06-30", 
        "operating_revenue": 1003349, 
        "accumulated_operating_revenue": 6167335, 
        "long_term_average": 1023564, 
        "short_term_average": 1037897
    }, 
    {
        "date": "2012-07-31", 
        "operating_revenue": 1145736, 
        "accumulated_operating_revenue": 7313071, 
        "long_term_average": 1034671, 
        "short_term_average": 1081855
    }, 
    {
        "date": "2012-08-31", 
        "operating_revenue": 1143075, 
        "accumulated_operating_revenue": 8456146, 
        "long_term_average": 1043705, 
        "short_term_average": 1097386
    }, 
    {
        "accumulated_operating_revenue_yoy": 781.3749707011882, 
        "accumulated_operating_revenue": 9776740, 
        "long_term_average": 1061316, 
        "date": "2012-09-30", 
        "operating_revenue": 1320594, 
        "short_term_average": 1203135
    }, 
    {
        "accumulated_operating_revenue_yoy": 459.45506975416146, 
        "accumulated_operating_revenue": 11442680, 
        "long_term_average": 1122139, 
        "date": "2012-10-31", 
        "operating_revenue": 1665940, 
        "short_term_average": 1376536
    }, 
    {
        "accumulated_operating_revenue_yoy": 326.31896604862476, 
        "accumulated_operating_revenue": 12933328, 
        "long_term_average": 1163993, 
        "date": "2012-11-30", 
        "operating_revenue": 1490648, 
        "short_term_average": 1492394
    }, 
    {
        "accumulated_operating_revenue_yoy": 251.76653031206538, 
        "accumulated_operating_revenue": 14310967, 
        "long_term_average": 1192580, 
        "date": "2012-12-31", 
        "operating_revenue": 1377639, 
        "short_term_average": 1511409
    }, 
    {
        "accumulated_operating_revenue_yoy": 33.62273755373949, 
        "accumulated_operating_revenue": 1339286, 
        "long_term_average": 1220663, 
        "date": "2013-01-31", 
        "operating_revenue": 1339286, 
        "short_term_average": 1402524
    }, 
    {
        "accumulated_operating_revenue_yoy": 6.881406477780819, 
        "accumulated_operating_revenue": 2054344, 
        "long_term_average": 1203602, 
        "date": "2013-02-28", 
        "operating_revenue": 715058, 
        "short_term_average": 1143994
    }, 
    {
        "accumulated_operating_revenue_yoy": -4.755465928575826, 
        "accumulated_operating_revenue": 2908429, 
        "long_term_average": 1180479, 
        "date": "2013-03-31", 
        "operating_revenue": 854085, 
        "short_term_average": 969476
    }, 
    {
        "accumulated_operating_revenue_yoy": -7.151509340492514, 
        "accumulated_operating_revenue": 3776617, 
        "long_term_average": 1168339, 
        "date": "2013-04-30", 
        "operating_revenue": 868188, 
        "short_term_average": 812443
    }, 
    {
        "accumulated_operating_revenue_yoy": -9.837032865697157, 
        "accumulated_operating_revenue": 4656003, 
        "long_term_average": 1150248, 
        "date": "2013-05-31", 
        "operating_revenue": 879386, 
        "short_term_average": 867219
    }, 
    {
        "accumulated_operating_revenue_yoy": -13.367508007915898, 
        "accumulated_operating_revenue": 5342916, 
        "long_term_average": 1123879, 
        "date": "2013-06-30", 
        "operating_revenue": 686913, 
        "short_term_average": 811495
    }, 
    {
        "accumulated_operating_revenue_yoy": -12.313404314001602, 
        "accumulated_operating_revenue": 6412583, 
        "long_term_average": 1117539, 
        "date": "2013-07-31", 
        "operating_revenue": 1069667, 
        "short_term_average": 878655
    }, 
    {
        "accumulated_operating_revenue_yoy": -11.50781928315807, 
        "accumulated_operating_revenue": 7483028, 
        "long_term_average": 1111487, 
        "date": "2013-08-31", 
        "operating_revenue": 1070445, 
        "short_term_average": 942341
    }, 
    {
        "accumulated_operating_revenue_yoy": -10.24210524162451, 
        "accumulated_operating_revenue": 8775396, 
        "long_term_average": 1109135, 
        "date": "2013-09-30", 
        "operating_revenue": 1292368, 
        "short_term_average": 1144160
    }, 
    {
        "accumulated_operating_revenue_yoy": -10.328795352137785, 
        "accumulated_operating_revenue": 10260789, 
        "long_term_average": 1094089, 
        "date": "2013-10-31", 
        "operating_revenue": 1485393, 
        "short_term_average": 1282735
    }, 
    {
        "accumulated_operating_revenue_yoy": -8.158565220026896, 
        "accumulated_operating_revenue": 11878154, 
        "long_term_average": 1104649, 
        "date": "2013-11-30", 
        "operating_revenue": 1617365, 
        "short_term_average": 1465042
    }, 
    {
        "accumulated_operating_revenue_yoy": -5.6169439842884135, 
        "accumulated_operating_revenue": 13507128, 
        "long_term_average": 1125594, 
        "date": "2013-12-31", 
        "operating_revenue": 1628974, 
        "short_term_average": 1577244
    }, 
    {
        "accumulated_operating_revenue_yoy": -7.7265796849963335, 
        "accumulated_operating_revenue": 1235805, 
        "long_term_average": 1116970, 
        "date": "2014-01-31", 
        "operating_revenue": 1235805, 
        "short_term_average": 1494048
    }, 
    {
        "accumulated_operating_revenue_yoy": -3.129076727169354, 
        "accumulated_operating_revenue": 1990062, 
        "long_term_average": 1120237, 
        "date": "2014-02-28", 
        "operating_revenue": 754257, 
        "short_term_average": 1206345
    }, 
    {
        "accumulated_operating_revenue_yoy": -0.14182914556277632, 
        "accumulated_operating_revenue": 2904304, 
        "long_term_average": 1125250, 
        "date": "2014-03-31", 
        "operating_revenue": 914242, 
        "short_term_average": 968101
    }, 
    {
        "accumulated_operating_revenue_yoy": 5.432851676513663, 
        "accumulated_operating_revenue": 3981795, 
        "long_term_average": 1142692, 
        "date": "2014-04-30", 
        "operating_revenue": 1077491, 
        "short_term_average": 915330
    }, 
    {
        "accumulated_operating_revenue_yoy": 9.998404210650207, 
        "accumulated_operating_revenue": 5121529, 
        "long_term_average": 1164387, 
        "date": "2014-05-31", 
        "operating_revenue": 1139734, 
        "short_term_average": 1043822
    }, 
    {
        "accumulated_operating_revenue_yoy": 15.942885869813415, 
        "accumulated_operating_revenue": 6194731, 
        "long_term_average": 1196578, 
        "date": "2014-06-30", 
        "operating_revenue": 1073202, 
        "short_term_average": 1096809
    }, 
    {
        "accumulated_operating_revenue_yoy": 15.051095634941488, 
        "accumulated_operating_revenue": 7377747, 
        "long_term_average": 1206024, 
        "date": "2014-07-31", 
        "operating_revenue": 1183016, 
        "short_term_average": 1131984
    }, 
    {
        "accumulated_operating_revenue_yoy": 15.204860919937758, 
        "accumulated_operating_revenue": 8620812, 
        "long_term_average": 1220409, 
        "date": "2014-08-31", 
        "operating_revenue": 1243065, 
        "short_term_average": 1166427
    }, 
    {
        "accumulated_operating_revenue_yoy": 19.584358358300868, 
        "accumulated_operating_revenue": 10494001, 
        "long_term_average": 1268811, 
        "date": "2014-09-30", 
        "operating_revenue": 1873189, 
        "short_term_average": 1433090
    }, 
    {
        "accumulated_operating_revenue_yoy": 23.372042832183762, 
        "accumulated_operating_revenue": 12658945, 
        "long_term_average": 1325440, 
        "date": "2014-10-31", 
        "operating_revenue": 2164944, 
        "short_term_average": 1760399
    }, 
    {
        "accumulated_operating_revenue_yoy": 23.19938771630676, 
        "accumulated_operating_revenue": 14633813, 
        "long_term_average": 1355232, 
        "date": "2014-11-30", 
        "operating_revenue": 1974868, 
        "short_term_average": 2004333
    }, 
    {
        "accumulated_operating_revenue_yoy": 19.325832997214505, 
        "accumulated_operating_revenue": 16117493, 
        "long_term_average": 1343124, 
        "date": "2014-12-31", 
        "operating_revenue": 1483680, 
        "short_term_average": 1874497
    }, 
    {
        "accumulated_operating_revenue_yoy": 31.20111991778638, 
        "accumulated_operating_revenue": 1621390, 
        "long_term_average": 1375256, 
        "date": "2015-01-31", 
        "operating_revenue": 1621390, 
        "short_term_average": 1693312
    }, 
    {
        "accumulated_operating_revenue_yoy": 21.65892318932777, 
        "accumulated_operating_revenue": 2421088, 
        "long_term_average": 1379043, 
        "date": "2015-02-28", 
        "operating_revenue": 799698, 
        "short_term_average": 1301589
    }, 
    {
        "accumulated_operating_revenue_yoy": 23.131015210528926, 
        "accumulated_operating_revenue": 3576099, 
        "long_term_average": 1399107, 
        "date": "2015-03-31", 
        "operating_revenue": 1155011, 
        "short_term_average": 1192033
    }, 
    {
        "accumulated_operating_revenue_yoy": 19.218694081438144, 
        "accumulated_operating_revenue": 4747044, 
        "long_term_average": 1406895, 
        "date": "2015-04-30", 
        "operating_revenue": 1170945, 
        "short_term_average": 1041884
    }, 
    {
        "accumulated_operating_revenue_yoy": 16.67029514037702, 
        "accumulated_operating_revenue": 5975303, 
        "long_term_average": 1414272, 
        "date": "2015-05-31", 
        "operating_revenue": 1228259, 
        "short_term_average": 1184738
    }, 
    {
        "accumulated_operating_revenue_yoy": 17.591482180582176, 
        "accumulated_operating_revenue": 7284476, 
        "long_term_average": 1433936, 
        "date": "2015-06-30", 
        "operating_revenue": 1309173, 
        "short_term_average": 1236125
    }, 
    {
        "accumulated_operating_revenue_yoy": 17.78666305580823, 
        "accumulated_operating_revenue": 8690002, 
        "long_term_average": 1452479, 
        "date": "2015-07-31", 
        "operating_revenue": 1405526, 
        "short_term_average": 1314319
    }, 
    {
        "accumulated_operating_revenue_yoy": 14.667551038115667, 
        "accumulated_operating_revenue": 9885274, 
        "long_term_average": 1448496, 
        "date": "2015-08-31", 
        "operating_revenue": 1195272, 
        "short_term_average": 1303323
    }, 
    {
        "accumulated_operating_revenue_yoy": 8.705230731348319, 
        "accumulated_operating_revenue": 11407528, 
        "long_term_average": 1419251, 
        "date": "2015-09-30", 
        "operating_revenue": 1522254, 
        "short_term_average": 1374350
    }
]