[
    {
        "date": "2012-01-31", 
        "operating_revenue": 628343, 
        "accumulated_operating_revenue": 628343, 
        "long_term_average": 628343, 
        "short_term_average": 628343
    }, 
    {
        "date": "2012-02-29", 
        "operating_revenue": 499912, 
        "accumulated_operating_revenue": 1128255, 
        "long_term_average": 564127, 
        "short_term_average": 564127
    }, 
    {
        "date": "2012-03-31", 
        "operating_revenue": 467979, 
        "accumulated_operating_revenue": 1596234, 
        "long_term_average": 532078, 
        "short_term_average": 532078
    }, 
    {
        "date": "2012-04-30", 
        "operating_revenue": 440096, 
        "accumulated_operating_revenue": 2036330, 
        "long_term_average": 509082, 
        "short_term_average": 469329
    }, 
    {
        "date": "2012-05-31", 
        "operating_revenue": 483075, 
        "accumulated_operating_revenue": 2519405, 
        "long_term_average": 503881, 
        "short_term_average": 463716
    }, 
    {
        "date": "2012-06-30", 
        "operating_revenue": 514246, 
        "accumulated_operating_revenue": 3033651, 
        "long_term_average": 505608, 
        "short_term_average": 479139
    }, 
    {
        "date": "2012-07-31", 
        "operating_revenue": 599152, 
        "accumulated_operating_revenue": 3632803, 
        "long_term_average": 518971, 
        "short_term_average": 532157
    }, 
    {
        "date": "2012-08-31", 
        "operating_revenue": 597562, 
        "accumulated_operating_revenue": 4230365, 
        "long_term_average": 528795, 
        "short_term_average": 570320
    }, 
    {
        "date": "2012-09-30", 
        "operating_revenue": 588111, 
        "accumulated_operating_revenue": 4818476, 
        "long_term_average": 535386, 
        "short_term_average": 594941
    }, 
    {
        "date": "2012-10-31", 
        "operating_revenue": 467692, 
        "accumulated_operating_revenue": 5286168, 
        "long_term_average": 528616, 
        "short_term_average": 551121
    }, 
    {
        "date": "2012-11-30", 
        "operating_revenue": 434657, 
        "accumulated_operating_revenue": 5720825, 
        "long_term_average": 520075, 
        "short_term_average": 496820
    }, 
    {
        "date": "2012-12-31", 
        "operating_revenue": 521158, 
        "accumulated_operating_revenue": 6241983, 
        "long_term_average": 520165, 
        "short_term_average": 474502
    }, 
    {
        "accumulated_operating_revenue_yoy": -20.409871678366752, 
        "accumulated_operating_revenue": 500099, 
        "long_term_average": 509478, 
        "date": "2013-01-31", 
        "operating_revenue": 500099, 
        "short_term_average": 485304
    }, 
    {
        "accumulated_operating_revenue_yoy": -3.784250900727229, 
        "accumulated_operating_revenue": 1085559, 
        "long_term_average": 516607, 
        "date": "2013-02-28", 
        "operating_revenue": 585460, 
        "short_term_average": 535572
    }, 
    {
        "accumulated_operating_revenue_yoy": -3.1799848894335043, 
        "accumulated_operating_revenue": 1545474, 
        "long_term_average": 515935, 
        "date": "2013-03-31", 
        "operating_revenue": 459915, 
        "short_term_average": 515158
    }, 
    {
        "accumulated_operating_revenue_yoy": -2.754121385040735, 
        "accumulated_operating_revenue": 1980247, 
        "long_term_average": 515491, 
        "date": "2013-04-30", 
        "operating_revenue": 434773, 
        "short_term_average": 493382
    }, 
    {
        "accumulated_operating_revenue_yoy": -4.149233648420957, 
        "accumulated_operating_revenue": 2414869, 
        "long_term_average": 511453, 
        "date": "2013-05-31", 
        "operating_revenue": 434622, 
        "short_term_average": 443103
    }, 
    {
        "accumulated_operating_revenue_yoy": -5.961595450498426, 
        "accumulated_operating_revenue": 2852797, 
        "long_term_average": 505094, 
        "date": "2013-06-30", 
        "operating_revenue": 437928, 
        "short_term_average": 435774
    }, 
    {
        "accumulated_operating_revenue_yoy": -8.304771824951697, 
        "accumulated_operating_revenue": 3331107, 
        "long_term_average": 495023, 
        "date": "2013-07-31", 
        "operating_revenue": 478310, 
        "short_term_average": 450286
    }, 
    {
        "accumulated_operating_revenue_yoy": -8.163858201360876, 
        "accumulated_operating_revenue": 3885004, 
        "long_term_average": 491385, 
        "date": "2013-08-31", 
        "operating_revenue": 553897, 
        "short_term_average": 490045
    }, 
    {
        "accumulated_operating_revenue_yoy": -7.99738340504342, 
        "accumulated_operating_revenue": 4433124, 
        "long_term_average": 488052, 
        "date": "2013-09-30", 
        "operating_revenue": 548120, 
        "short_term_average": 526775
    }, 
    {
        "accumulated_operating_revenue_yoy": -7.854763601913523, 
        "accumulated_operating_revenue": 4870952, 
        "long_term_average": 485563, 
        "date": "2013-10-31", 
        "operating_revenue": 437828, 
        "short_term_average": 513281
    }, 
    {
        "accumulated_operating_revenue_yoy": -7.698015583416727, 
        "accumulated_operating_revenue": 5280435, 
        "long_term_average": 483466, 
        "date": "2013-11-30", 
        "operating_revenue": 409483, 
        "short_term_average": 465143
    }, 
    {
        "accumulated_operating_revenue_yoy": -8.019294509453166, 
        "accumulated_operating_revenue": 5741420, 
        "long_term_average": 478451, 
        "date": "2013-12-31", 
        "operating_revenue": 460985, 
        "short_term_average": 436098
    }, 
    {
        "accumulated_operating_revenue_yoy": -0.017796476297693056, 
        "accumulated_operating_revenue": 500010, 
        "long_term_average": 478444, 
        "date": "2014-01-31", 
        "operating_revenue": 500010, 
        "short_term_average": 456826
    }, 
    {
        "accumulated_operating_revenue_yoy": -8.78072955960938, 
        "accumulated_operating_revenue": 990239, 
        "long_term_average": 470508, 
        "date": "2014-02-28", 
        "operating_revenue": 490229, 
        "short_term_average": 483741
    }, 
    {
        "accumulated_operating_revenue_yoy": -8.22142591852079, 
        "accumulated_operating_revenue": 1418414, 
        "long_term_average": 467863, 
        "date": "2014-03-31", 
        "operating_revenue": 428175, 
        "short_term_average": 472804
    }, 
    {
        "accumulated_operating_revenue_yoy": -8.796074429098995, 
        "accumulated_operating_revenue": 1806063, 
        "long_term_average": 463936, 
        "date": "2014-04-30", 
        "operating_revenue": 387649, 
        "short_term_average": 435351
    }, 
    {
        "accumulated_operating_revenue_yoy": -7.492953033891279, 
        "accumulated_operating_revenue": 2233924, 
        "long_term_average": 463372, 
        "date": "2014-05-31", 
        "operating_revenue": 427861, 
        "short_term_average": 414561
    }, 
    {
        "accumulated_operating_revenue_yoy": -6.873219510536502, 
        "accumulated_operating_revenue": 2656718, 
        "long_term_average": 462111, 
        "date": "2014-06-30", 
        "operating_revenue": 422794, 
        "short_term_average": 412768
    }, 
    {
        "accumulated_operating_revenue_yoy": -6.444194077224178, 
        "accumulated_operating_revenue": 3116444, 
        "long_term_average": 460563, 
        "date": "2014-07-31", 
        "operating_revenue": 459726, 
        "short_term_average": 436793
    }, 
    {
        "accumulated_operating_revenue_yoy": -5.960174043578848, 
        "accumulated_operating_revenue": 3653451, 
        "long_term_average": 459155, 
        "date": "2014-08-31", 
        "operating_revenue": 537007, 
        "short_term_average": 473175
    }, 
    {
        "accumulated_operating_revenue_yoy": -5.800920524668383, 
        "accumulated_operating_revenue": 4175962, 
        "long_term_average": 457021, 
        "date": "2014-09-30", 
        "operating_revenue": 522511, 
        "short_term_average": 506414
    }, 
    {
        "accumulated_operating_revenue_yoy": -5.581044526819398, 
        "accumulated_operating_revenue": 4599102, 
        "long_term_average": 455797, 
        "date": "2014-10-31", 
        "operating_revenue": 423140, 
        "short_term_average": 494219
    }, 
    {
        "accumulated_operating_revenue_yoy": -5.397282610239498, 
        "accumulated_operating_revenue": 4995435, 
        "long_term_average": 454701, 
        "date": "2014-11-30", 
        "operating_revenue": 396333, 
        "short_term_average": 447328
    }, 
    {
        "accumulated_operating_revenue_yoy": -5.209094614224355, 
        "accumulated_operating_revenue": 5442344, 
        "long_term_average": 453528, 
        "date": "2014-12-31", 
        "operating_revenue": 446909, 
        "short_term_average": 422127
    }, 
    {
        "accumulated_operating_revenue_yoy": -17.1442571148577, 
        "accumulated_operating_revenue": 414287, 
        "long_term_average": 446385, 
        "date": "2015-01-31", 
        "operating_revenue": 414287, 
        "short_term_average": 419176
    }, 
    {
        "accumulated_operating_revenue_yoy": -8.579140995254681, 
        "accumulated_operating_revenue": 905285, 
        "long_term_average": 446449, 
        "date": "2015-02-28", 
        "operating_revenue": 490998, 
        "short_term_average": 450731
    }, 
    {
        "accumulated_operating_revenue_yoy": -5.028010157824162, 
        "accumulated_operating_revenue": 1347096, 
        "long_term_average": 447585, 
        "date": "2015-03-31", 
        "operating_revenue": 441811, 
        "short_term_average": 449032
    }, 
    {
        "accumulated_operating_revenue_yoy": -3.1328364514416167, 
        "accumulated_operating_revenue": 1749482, 
        "long_term_average": 448813, 
        "date": "2015-04-30", 
        "operating_revenue": 402386, 
        "short_term_average": 445065
    }, 
    {
        "accumulated_operating_revenue_yoy": -2.8062727290632985, 
        "accumulated_operating_revenue": 2171234, 
        "long_term_average": 448304, 
        "date": "2015-05-31", 
        "operating_revenue": 421752, 
        "short_term_average": 421983
    }, 
    {
        "accumulated_operating_revenue_yoy": -2.3890002627301805, 
        "accumulated_operating_revenue": 2593249, 
        "long_term_average": 448239, 
        "date": "2015-06-30", 
        "operating_revenue": 422015, 
        "short_term_average": 415384
    }, 
    {
        "accumulated_operating_revenue_yoy": -2.7884986863232584, 
        "accumulated_operating_revenue": 3029542, 
        "long_term_average": 446286, 
        "date": "2015-07-31", 
        "operating_revenue": 436293, 
        "short_term_average": 426686
    }, 
    {
        "accumulated_operating_revenue_yoy": -3.207405819867298, 
        "accumulated_operating_revenue": 3536270, 
        "long_term_average": 443763, 
        "date": "2015-08-31", 
        "operating_revenue": 506728, 
        "short_term_average": 455012
    }
]