[
    {
        "date": "2011-09-30", 
        "operating_revenue": 58636, 
        "accumulated_operating_revenue": 58636, 
        "long_term_average": 58636, 
        "short_term_average": 58636
    }, 
    {
        "date": "2011-10-31", 
        "operating_revenue": 53648, 
        "accumulated_operating_revenue": 112284, 
        "long_term_average": 56142, 
        "short_term_average": 56142
    }, 
    {
        "date": "2011-11-30", 
        "operating_revenue": 53652, 
        "accumulated_operating_revenue": 165936, 
        "long_term_average": 55312, 
        "short_term_average": 55312
    }, 
    {
        "date": "2011-12-31", 
        "operating_revenue": 50853, 
        "accumulated_operating_revenue": 216789, 
        "long_term_average": 54197, 
        "short_term_average": 52717
    }, 
    {
        "date": "2012-01-31", 
        "operating_revenue": 37180, 
        "accumulated_operating_revenue": 37180, 
        "long_term_average": 50793, 
        "short_term_average": 47228
    }, 
    {
        "date": "2012-02-29", 
        "operating_revenue": 49718, 
        "accumulated_operating_revenue": 86898, 
        "long_term_average": 50614, 
        "short_term_average": 45917
    }, 
    {
        "date": "2012-03-31", 
        "operating_revenue": 59417, 
        "accumulated_operating_revenue": 146315, 
        "long_term_average": 51872, 
        "short_term_average": 48771
    }, 
    {
        "date": "2012-04-30", 
        "operating_revenue": 60145, 
        "accumulated_operating_revenue": 206460, 
        "long_term_average": 52906, 
        "short_term_average": 56426
    }, 
    {
        "date": "2012-05-31", 
        "operating_revenue": 64520, 
        "accumulated_operating_revenue": 270980, 
        "long_term_average": 54196, 
        "short_term_average": 61360
    }, 
    {
        "date": "2012-06-30", 
        "operating_revenue": 60839, 
        "accumulated_operating_revenue": 331819, 
        "long_term_average": 54860, 
        "short_term_average": 61834
    }, 
    {
        "date": "2012-07-31", 
        "operating_revenue": 62348, 
        "accumulated_operating_revenue": 394167, 
        "long_term_average": 55541, 
        "short_term_average": 62569
    }, 
    {
        "date": "2012-08-31", 
        "operating_revenue": 64335, 
        "accumulated_operating_revenue": 458502, 
        "long_term_average": 56274, 
        "short_term_average": 62507
    }, 
    {
        "accumulated_operating_revenue_yoy": 800.678763899311, 
        "accumulated_operating_revenue": 528122, 
        "long_term_average": 57189, 
        "date": "2012-09-30", 
        "operating_revenue": 69620, 
        "short_term_average": 65434
    }, 
    {
        "accumulated_operating_revenue_yoy": 418.97688005414835, 
        "accumulated_operating_revenue": 582728, 
        "long_term_average": 57269, 
        "date": "2012-10-31", 
        "operating_revenue": 54606, 
        "short_term_average": 62853
    }, 
    {
        "accumulated_operating_revenue_yoy": 290.62590396297367, 
        "accumulated_operating_revenue": 648189, 
        "long_term_average": 58253, 
        "date": "2012-11-30", 
        "operating_revenue": 65461, 
        "short_term_average": 63229
    }, 
    {
        "accumulated_operating_revenue_yoy": 227.85519560494305, 
        "accumulated_operating_revenue": 710754, 
        "long_term_average": 59229, 
        "date": "2012-12-31", 
        "operating_revenue": 62565, 
        "short_term_average": 60877
    }, 
    {
        "accumulated_operating_revenue_yoy": 85.1371705217859, 
        "accumulated_operating_revenue": 68834, 
        "long_term_average": 61867, 
        "date": "2013-01-31", 
        "operating_revenue": 68834, 
        "short_term_average": 65620
    }, 
    {
        "accumulated_operating_revenue_yoy": 25.773895831894865, 
        "accumulated_operating_revenue": 109295, 
        "long_term_average": 61095, 
        "date": "2013-02-28", 
        "operating_revenue": 40461, 
        "short_term_average": 57286
    }, 
    {
        "accumulated_operating_revenue_yoy": 23.026347264463656, 
        "accumulated_operating_revenue": 180006, 
        "long_term_average": 62037, 
        "date": "2013-03-31", 
        "operating_revenue": 70711, 
        "short_term_average": 60002
    }, 
    {
        "accumulated_operating_revenue_yoy": 17.561755303690788, 
        "accumulated_operating_revenue": 242718, 
        "long_term_average": 62251, 
        "date": "2013-04-30", 
        "operating_revenue": 62712, 
        "short_term_average": 57961
    }, 
    {
        "accumulated_operating_revenue_yoy": 8.325706694220976, 
        "accumulated_operating_revenue": 293541, 
        "long_term_average": 61109, 
        "date": "2013-05-31", 
        "operating_revenue": 50823, 
        "short_term_average": 61415
    }, 
    {
        "accumulated_operating_revenue_yoy": 6.560805740478997, 
        "accumulated_operating_revenue": 353589, 
        "long_term_average": 61043, 
        "date": "2013-06-30", 
        "operating_revenue": 60048, 
        "short_term_average": 57861
    }, 
    {
        "accumulated_operating_revenue_yoy": 4.6647740678443395, 
        "accumulated_operating_revenue": 412554, 
        "long_term_average": 60761, 
        "date": "2013-07-31", 
        "operating_revenue": 58965, 
        "short_term_average": 56612
    }, 
    {
        "accumulated_operating_revenue_yoy": 3.172941448456059, 
        "accumulated_operating_revenue": 473050, 
        "long_term_average": 60441, 
        "date": "2013-08-31", 
        "operating_revenue": 60496, 
        "short_term_average": 59836
    }, 
    {
        "accumulated_operating_revenue_yoy": 0.5650209610658143, 
        "accumulated_operating_revenue": 531106, 
        "long_term_average": 59478, 
        "date": "2013-09-30", 
        "operating_revenue": 58056, 
        "short_term_average": 59172
    }, 
    {
        "accumulated_operating_revenue_yoy": 0.9443513955052786, 
        "accumulated_operating_revenue": 588231, 
        "long_term_average": 59688, 
        "date": "2013-10-31", 
        "operating_revenue": 57125, 
        "short_term_average": 58559
    }, 
    {
        "accumulated_operating_revenue_yoy": 0.33308186346883395, 
        "accumulated_operating_revenue": 650348, 
        "long_term_average": 59409, 
        "date": "2013-11-30", 
        "operating_revenue": 62117, 
        "short_term_average": 59099
    }, 
    {
        "accumulated_operating_revenue_yoy": -1.086873939506496, 
        "accumulated_operating_revenue": 703029, 
        "long_term_average": 58585, 
        "date": "2013-12-31", 
        "operating_revenue": 52681, 
        "short_term_average": 57307
    }, 
    {
        "accumulated_operating_revenue_yoy": -25.286922160560188, 
        "accumulated_operating_revenue": 51428, 
        "long_term_average": 57135, 
        "date": "2014-01-31", 
        "operating_revenue": 51428, 
        "short_term_average": 55408
    }, 
    {
        "accumulated_operating_revenue_yoy": -7.909785443066928, 
        "accumulated_operating_revenue": 100650, 
        "long_term_average": 57865, 
        "date": "2014-02-28", 
        "operating_revenue": 49222, 
        "short_term_average": 51110
    }, 
    {
        "accumulated_operating_revenue_yoy": -17.371643167449974, 
        "accumulated_operating_revenue": 148736, 
        "long_term_average": 55979, 
        "date": "2014-03-31", 
        "operating_revenue": 48086, 
        "short_term_average": 49578
    }, 
    {
        "accumulated_operating_revenue_yoy": -15.282756120271262, 
        "accumulated_operating_revenue": 205624, 
        "long_term_average": 55494, 
        "date": "2014-04-30", 
        "operating_revenue": 56888, 
        "short_term_average": 51398
    }, 
    {
        "accumulated_operating_revenue_yoy": -8.342957201890025, 
        "accumulated_operating_revenue": 269051, 
        "long_term_average": 56544, 
        "date": "2014-05-31", 
        "operating_revenue": 63427, 
        "short_term_average": 56133
    }, 
    {
        "accumulated_operating_revenue_yoy": -8.620177663897916, 
        "accumulated_operating_revenue": 323109, 
        "long_term_average": 56045, 
        "date": "2014-06-30", 
        "operating_revenue": 54058, 
        "short_term_average": 58124
    }, 
    {
        "accumulated_operating_revenue_yoy": -7.759711455954857, 
        "accumulated_operating_revenue": 380541, 
        "long_term_average": 55918, 
        "date": "2014-07-31", 
        "operating_revenue": 57432, 
        "short_term_average": 58305
    }, 
    {
        "accumulated_operating_revenue_yoy": -8.24881090793785, 
        "accumulated_operating_revenue": 434029, 
        "long_term_average": 55334, 
        "date": "2014-08-31", 
        "operating_revenue": 53488, 
        "short_term_average": 54992
    }, 
    {
        "accumulated_operating_revenue_yoy": -6.747617236483866, 
        "accumulated_operating_revenue": 495269, 
        "long_term_average": 55599, 
        "date": "2014-09-30", 
        "operating_revenue": 61240, 
        "short_term_average": 57386
    }, 
    {
        "accumulated_operating_revenue_yoy": -4.7891049604662115, 
        "accumulated_operating_revenue": 560060, 
        "long_term_average": 56238, 
        "date": "2014-10-31", 
        "operating_revenue": 64791, 
        "short_term_average": 59839
    }, 
    {
        "accumulated_operating_revenue_yoy": -5.621144371936255, 
        "accumulated_operating_revenue": 613791, 
        "long_term_average": 55539, 
        "date": "2014-11-30", 
        "operating_revenue": 53731, 
        "short_term_average": 59920
    }, 
    {
        "accumulated_operating_revenue_yoy": -3.4566141652762545, 
        "accumulated_operating_revenue": 678728, 
        "long_term_average": 56560, 
        "date": "2014-12-31", 
        "operating_revenue": 64937, 
        "short_term_average": 61153
    }, 
    {
        "accumulated_operating_revenue_yoy": 7.830364781830909, 
        "accumulated_operating_revenue": 55455, 
        "long_term_average": 56896, 
        "date": "2015-01-31", 
        "operating_revenue": 55455, 
        "short_term_average": 58041
    }, 
    {
        "accumulated_operating_revenue_yoy": -7.584699453551913, 
        "accumulated_operating_revenue": 93016, 
        "long_term_average": 55924, 
        "date": "2015-02-28", 
        "operating_revenue": 37561, 
        "short_term_average": 52651
    }, 
    {
        "accumulated_operating_revenue_yoy": 3.6554700946643717, 
        "accumulated_operating_revenue": 154173, 
        "long_term_average": 57013, 
        "date": "2015-03-31", 
        "operating_revenue": 61157, 
        "short_term_average": 51391
    }, 
    {
        "accumulated_operating_revenue_yoy": 3.3215967007742284, 
        "accumulated_operating_revenue": 212454, 
        "long_term_average": 57129, 
        "date": "2015-04-30", 
        "operating_revenue": 58281, 
        "short_term_average": 52333
    }, 
    {
        "accumulated_operating_revenue_yoy": -1.448052599692995, 
        "accumulated_operating_revenue": 265155, 
        "long_term_average": 56236, 
        "date": "2015-05-31", 
        "operating_revenue": 52701, 
        "short_term_average": 57379
    }, 
    {
        "accumulated_operating_revenue_yoy": -2.418069444057578, 
        "accumulated_operating_revenue": 315296, 
        "long_term_average": 55909, 
        "date": "2015-06-30", 
        "operating_revenue": 50141, 
        "short_term_average": 53707
    }, 
    {
        "accumulated_operating_revenue_yoy": -1.8586696308676331, 
        "accumulated_operating_revenue": 373468, 
        "long_term_average": 55971, 
        "date": "2015-07-31", 
        "operating_revenue": 58172, 
        "short_term_average": 53671
    }, 
    {
        "accumulated_operating_revenue_yoy": -1.2648924380628943, 
        "accumulated_operating_revenue": 428539, 
        "long_term_average": 56103, 
        "date": "2015-08-31", 
        "operating_revenue": 55071, 
        "short_term_average": 54461
    }, 
    {
        "accumulated_operating_revenue_yoy": -2.539629978859973, 
        "accumulated_operating_revenue": 482691, 
        "long_term_average": 55512, 
        "date": "2015-09-30", 
        "operating_revenue": 54152, 
        "short_term_average": 55798
    }, 
    {
        "accumulated_operating_revenue_yoy": -5.5840445666535725, 
        "accumulated_operating_revenue": 528786, 
        "long_term_average": 53954, 
        "date": "2015-10-31", 
        "operating_revenue": 46095, 
        "short_term_average": 51772
    }
]