[
    {
        "date": "2011-09-30", 
        "operating_revenue": 281956, 
        "accumulated_operating_revenue": 281956, 
        "long_term_average": 281956, 
        "short_term_average": 281956
    }, 
    {
        "date": "2011-10-31", 
        "operating_revenue": 241226, 
        "accumulated_operating_revenue": 523182, 
        "long_term_average": 261591, 
        "short_term_average": 261591
    }, 
    {
        "date": "2011-11-30", 
        "operating_revenue": 276343, 
        "accumulated_operating_revenue": 799525, 
        "long_term_average": 266508, 
        "short_term_average": 266508
    }, 
    {
        "date": "2011-12-31", 
        "operating_revenue": 292305, 
        "accumulated_operating_revenue": 1091830, 
        "long_term_average": 272957, 
        "short_term_average": 269958
    }, 
    {
        "date": "2012-01-31", 
        "operating_revenue": 226391, 
        "accumulated_operating_revenue": 226391, 
        "long_term_average": 263644, 
        "short_term_average": 265013
    }, 
    {
        "date": "2012-02-29", 
        "operating_revenue": 223267, 
        "accumulated_operating_revenue": 449658, 
        "long_term_average": 256914, 
        "short_term_average": 247321
    }, 
    {
        "date": "2012-03-31", 
        "operating_revenue": 282756, 
        "accumulated_operating_revenue": 732414, 
        "long_term_average": 260606, 
        "short_term_average": 244138
    }, 
    {
        "date": "2012-04-30", 
        "operating_revenue": 279912, 
        "accumulated_operating_revenue": 1012326, 
        "long_term_average": 263019, 
        "short_term_average": 261978
    }, 
    {
        "date": "2012-05-31", 
        "operating_revenue": 259375, 
        "accumulated_operating_revenue": 1271701, 
        "long_term_average": 262614, 
        "short_term_average": 274014
    }, 
    {
        "date": "2012-06-30", 
        "operating_revenue": 267851, 
        "accumulated_operating_revenue": 1539552, 
        "long_term_average": 263138, 
        "short_term_average": 269046
    }, 
    {
        "date": "2012-07-31", 
        "operating_revenue": 332559, 
        "accumulated_operating_revenue": 1872111, 
        "long_term_average": 269449, 
        "short_term_average": 286595
    }, 
    {
        "date": "2012-08-31", 
        "operating_revenue": 297334, 
        "accumulated_operating_revenue": 2169445, 
        "long_term_average": 271772, 
        "short_term_average": 299248
    }, 
    {
        "accumulated_operating_revenue_yoy": 783.0129523755479, 
        "accumulated_operating_revenue": 2489708, 
        "long_term_average": 274965, 
        "date": "2012-09-30", 
        "operating_revenue": 320263, 
        "short_term_average": 316718
    }, 
    {
        "accumulated_operating_revenue_yoy": 424.2028586610395, 
        "accumulated_operating_revenue": 2742535, 
        "long_term_average": 275931, 
        "date": "2012-10-31", 
        "operating_revenue": 252827, 
        "short_term_average": 290141
    }, 
    {
        "accumulated_operating_revenue_yoy": 273.82896094556145, 
        "accumulated_operating_revenue": 2988856, 
        "long_term_average": 273430, 
        "date": "2012-11-30", 
        "operating_revenue": 246321, 
        "short_term_average": 273137
    }, 
    {
        "accumulated_operating_revenue_yoy": 195.5659763882656, 
        "accumulated_operating_revenue": 3227078, 
        "long_term_average": 268923, 
        "date": "2012-12-31", 
        "operating_revenue": 238222, 
        "short_term_average": 245790
    }, 
    {
        "accumulated_operating_revenue_yoy": 14.085807297993295, 
        "accumulated_operating_revenue": 258280, 
        "long_term_average": 271580, 
        "date": "2013-01-31", 
        "operating_revenue": 258280, 
        "short_term_average": 247607
    }, 
    {
        "accumulated_operating_revenue_yoy": -7.824168590350888, 
        "accumulated_operating_revenue": 414476, 
        "long_term_average": 265991, 
        "date": "2013-02-28", 
        "operating_revenue": 156196, 
        "short_term_average": 217566
    }, 
    {
        "accumulated_operating_revenue_yoy": -9.728241131381978, 
        "accumulated_operating_revenue": 661163, 
        "long_term_average": 262985, 
        "date": "2013-03-31", 
        "operating_revenue": 246687, 
        "short_term_average": 220387
    }, 
    {
        "accumulated_operating_revenue_yoy": -3.16113583964059, 
        "accumulated_operating_revenue": 980325, 
        "long_term_average": 266256, 
        "date": "2013-04-30", 
        "operating_revenue": 319162, 
        "short_term_average": 240681
    }, 
    {
        "accumulated_operating_revenue_yoy": 1.1667050666784096, 
        "accumulated_operating_revenue": 1286538, 
        "long_term_average": 270159, 
        "date": "2013-05-31", 
        "operating_revenue": 306213, 
        "short_term_average": 290687
    }, 
    {
        "accumulated_operating_revenue_yoy": 2.5956252208434663, 
        "accumulated_operating_revenue": 1579513, 
        "long_term_average": 272253, 
        "date": "2013-06-30", 
        "operating_revenue": 292975, 
        "short_term_average": 306116
    }, 
    {
        "accumulated_operating_revenue_yoy": -0.8203573399226862, 
        "accumulated_operating_revenue": 1856753, 
        "long_term_average": 267643, 
        "date": "2013-07-31", 
        "operating_revenue": 277240, 
        "short_term_average": 292142
    }, 
    {
        "accumulated_operating_revenue_yoy": -0.9869805411061354, 
        "accumulated_operating_revenue": 2148033, 
        "long_term_average": 267138, 
        "date": "2013-08-31", 
        "operating_revenue": 291280, 
        "short_term_average": 287165
    }, 
    {
        "accumulated_operating_revenue_yoy": -2.6454909571724876, 
        "accumulated_operating_revenue": 2423843, 
        "long_term_average": 263434, 
        "date": "2013-09-30", 
        "operating_revenue": 275810, 
        "short_term_average": 281443
    }, 
    {
        "accumulated_operating_revenue_yoy": -1.416062146882355, 
        "accumulated_operating_revenue": 2703699, 
        "long_term_average": 265686, 
        "date": "2013-10-31", 
        "operating_revenue": 279856, 
        "short_term_average": 282315
    }, 
    {
        "accumulated_operating_revenue_yoy": -0.42742106009791037, 
        "accumulated_operating_revenue": 2976081, 
        "long_term_average": 267858, 
        "date": "2013-11-30", 
        "operating_revenue": 272382, 
        "short_term_average": 276016
    }, 
    {
        "accumulated_operating_revenue_yoy": 0.3213743206702782, 
        "accumulated_operating_revenue": 3237449, 
        "long_term_average": 269787, 
        "date": "2013-12-31", 
        "operating_revenue": 261368, 
        "short_term_average": 271202
    }, 
    {
        "accumulated_operating_revenue_yoy": -19.122657580919935, 
        "accumulated_operating_revenue": 208890, 
        "long_term_average": 265671, 
        "date": "2014-01-31", 
        "operating_revenue": 208890, 
        "short_term_average": 247546
    }, 
    {
        "accumulated_operating_revenue_yoy": 1.6107084608035207, 
        "accumulated_operating_revenue": 421152, 
        "long_term_average": 270343, 
        "date": "2014-02-28", 
        "operating_revenue": 212262, 
        "short_term_average": 227506
    }, 
    {
        "accumulated_operating_revenue_yoy": 3.6461507979121643, 
        "accumulated_operating_revenue": 685270, 
        "long_term_average": 271796, 
        "date": "2014-03-31", 
        "operating_revenue": 264118, 
        "short_term_average": 228423
    }, 
    {
        "accumulated_operating_revenue_yoy": 2.6065845510417462, 
        "accumulated_operating_revenue": 1005878, 
        "long_term_average": 271916, 
        "date": "2014-04-30", 
        "operating_revenue": 320608, 
        "short_term_average": 265662
    }, 
    {
        "accumulated_operating_revenue_yoy": 6.006041018609633, 
        "accumulated_operating_revenue": 1363808, 
        "long_term_average": 276226, 
        "date": "2014-05-31", 
        "operating_revenue": 357930, 
        "short_term_average": 314218
    }, 
    {
        "accumulated_operating_revenue_yoy": 7.467681494232716, 
        "accumulated_operating_revenue": 1697466, 
        "long_term_average": 279616, 
        "date": "2014-06-30", 
        "operating_revenue": 333658, 
        "short_term_average": 337398
    }, 
    {
        "accumulated_operating_revenue_yoy": 9.510311818534829, 
        "accumulated_operating_revenue": 2033336, 
        "long_term_average": 284502, 
        "date": "2014-07-31", 
        "operating_revenue": 335870, 
        "short_term_average": 342486
    }, 
    {
        "accumulated_operating_revenue_yoy": 9.201022516879396, 
        "accumulated_operating_revenue": 2345674, 
        "long_term_average": 286257, 
        "date": "2014-08-31", 
        "operating_revenue": 312338, 
        "short_term_average": 327288
    }, 
    {
        "accumulated_operating_revenue_yoy": 15.151682679117418, 
        "accumulated_operating_revenue": 2791096, 
        "long_term_average": 300391, 
        "date": "2014-09-30", 
        "operating_revenue": 445422, 
        "short_term_average": 364543
    }, 
    {
        "accumulated_operating_revenue_yoy": 14.700046121998048, 
        "accumulated_operating_revenue": 3101144, 
        "long_term_average": 302907, 
        "date": "2014-10-31", 
        "operating_revenue": 310048, 
        "short_term_average": 355936
    }, 
    {
        "accumulated_operating_revenue_yoy": 17.408229144300844, 
        "accumulated_operating_revenue": 3494164, 
        "long_term_average": 312961, 
        "date": "2014-11-30", 
        "operating_revenue": 393020, 
        "short_term_average": 382830
    }, 
    {
        "accumulated_operating_revenue_yoy": 20.89833693133081, 
        "accumulated_operating_revenue": 3914022, 
        "long_term_average": 326168, 
        "date": "2014-12-31", 
        "operating_revenue": 419858, 
        "short_term_average": 374308
    }, 
    {
        "accumulated_operating_revenue_yoy": 79.07415386088373, 
        "accumulated_operating_revenue": 374068, 
        "long_term_average": 339933, 
        "date": "2015-01-31", 
        "operating_revenue": 374068, 
        "short_term_average": 395648
    }, 
    {
        "accumulated_operating_revenue_yoy": 55.952957602005924, 
        "accumulated_operating_revenue": 656799, 
        "long_term_average": 345805, 
        "date": "2015-02-28", 
        "operating_revenue": 282731, 
        "short_term_average": 358885
    }, 
    {
        "accumulated_operating_revenue_yoy": 46.419805332204824, 
        "accumulated_operating_revenue": 1003371, 
        "long_term_average": 352676, 
        "date": "2015-03-31", 
        "operating_revenue": 346572, 
        "short_term_average": 334457
    }, 
    {
        "accumulated_operating_revenue_yoy": 37.593624674165255, 
        "accumulated_operating_revenue": 1384024, 
        "long_term_average": 357680, 
        "date": "2015-04-30", 
        "operating_revenue": 380653, 
        "short_term_average": 336652
    }, 
    {
        "accumulated_operating_revenue_yoy": 27.570376475280977, 
        "accumulated_operating_revenue": 1739815, 
        "long_term_average": 357502, 
        "date": "2015-05-31", 
        "operating_revenue": 355791, 
        "short_term_average": 361005
    }, 
    {
        "accumulated_operating_revenue_yoy": 21.52266967350156, 
        "accumulated_operating_revenue": 2062806, 
        "long_term_average": 356613, 
        "date": "2015-06-30", 
        "operating_revenue": 322991, 
        "short_term_average": 353145
    }, 
    {
        "accumulated_operating_revenue_yoy": 18.03297635019495, 
        "accumulated_operating_revenue": 2400007, 
        "long_term_average": 356724, 
        "date": "2015-07-31", 
        "operating_revenue": 337201, 
        "short_term_average": 338661
    }, 
    {
        "accumulated_operating_revenue_yoy": 17.5719217589486, 
        "accumulated_operating_revenue": 2757854, 
        "long_term_average": 360516, 
        "date": "2015-08-31", 
        "operating_revenue": 357847, 
        "short_term_average": 339346
    }, 
    {
        "accumulated_operating_revenue_yoy": 10.421676646020057, 
        "accumulated_operating_revenue": 3081975, 
        "long_term_average": 350408, 
        "date": "2015-09-30", 
        "operating_revenue": 324121, 
        "short_term_average": 339723
    }
]