[
    {
        "date": "2011-09-30", 
        "operating_revenue": 384769, 
        "accumulated_operating_revenue": 384769, 
        "long_term_average": 384769, 
        "short_term_average": 384769
    }, 
    {
        "date": "2011-10-31", 
        "operating_revenue": 315125, 
        "accumulated_operating_revenue": 699894, 
        "long_term_average": 349947, 
        "short_term_average": 349947
    }, 
    {
        "date": "2011-11-30", 
        "operating_revenue": 351773, 
        "accumulated_operating_revenue": 1051667, 
        "long_term_average": 350555, 
        "short_term_average": 350555
    }, 
    {
        "date": "2011-12-31", 
        "operating_revenue": 320283, 
        "accumulated_operating_revenue": 1371950, 
        "long_term_average": 342987, 
        "short_term_average": 329060
    }, 
    {
        "date": "2012-01-31", 
        "operating_revenue": 280612, 
        "accumulated_operating_revenue": 280612, 
        "long_term_average": 330512, 
        "short_term_average": 317556
    }, 
    {
        "date": "2012-02-29", 
        "operating_revenue": 326059, 
        "accumulated_operating_revenue": 606671, 
        "long_term_average": 329770, 
        "short_term_average": 308984
    }, 
    {
        "date": "2012-03-31", 
        "operating_revenue": 374323, 
        "accumulated_operating_revenue": 980994, 
        "long_term_average": 336134, 
        "short_term_average": 326998
    }, 
    {
        "date": "2012-04-30", 
        "operating_revenue": 342724, 
        "accumulated_operating_revenue": 1323718, 
        "long_term_average": 336958, 
        "short_term_average": 347702
    }, 
    {
        "date": "2012-05-31", 
        "operating_revenue": 333215, 
        "accumulated_operating_revenue": 1656933, 
        "long_term_average": 336542, 
        "short_term_average": 350087
    }, 
    {
        "date": "2012-06-30", 
        "operating_revenue": 277904, 
        "accumulated_operating_revenue": 1934837, 
        "long_term_average": 330678, 
        "short_term_average": 317947
    }, 
    {
        "date": "2012-07-31", 
        "operating_revenue": 341142, 
        "accumulated_operating_revenue": 2275979, 
        "long_term_average": 331629, 
        "short_term_average": 317420
    }, 
    {
        "date": "2012-08-31", 
        "operating_revenue": 355751, 
        "accumulated_operating_revenue": 2631730, 
        "long_term_average": 333640, 
        "short_term_average": 324932
    }, 
    {
        "accumulated_operating_revenue_yoy": 674.8945471178812, 
        "accumulated_operating_revenue": 2981554, 
        "long_term_average": 330727, 
        "date": "2012-09-30", 
        "operating_revenue": 349824, 
        "short_term_average": 348905
    }, 
    {
        "accumulated_operating_revenue_yoy": 365.57650158452566, 
        "accumulated_operating_revenue": 3258542, 
        "long_term_average": 327549, 
        "date": "2012-10-31", 
        "operating_revenue": 276988, 
        "short_term_average": 327521
    }, 
    {
        "accumulated_operating_revenue_yoy": 236.01234991684632, 
        "accumulated_operating_revenue": 3533731, 
        "long_term_average": 321167, 
        "date": "2012-11-30", 
        "operating_revenue": 275189, 
        "short_term_average": 300667
    }, 
    {
        "accumulated_operating_revenue_yoy": 178.1584605852983, 
        "accumulated_operating_revenue": 3816195, 
        "long_term_average": 318016, 
        "date": "2012-12-31", 
        "operating_revenue": 282464, 
        "short_term_average": 278213
    }, 
    {
        "accumulated_operating_revenue_yoy": 9.577637449574501, 
        "accumulated_operating_revenue": 307488, 
        "long_term_average": 320255, 
        "date": "2013-01-31", 
        "operating_revenue": 307488, 
        "short_term_average": 288380
    }, 
    {
        "accumulated_operating_revenue_yoy": -10.989976445223192, 
        "accumulated_operating_revenue": 539998, 
        "long_term_average": 312460, 
        "date": "2013-02-28", 
        "operating_revenue": 232510, 
        "short_term_average": 274154
    }, 
    {
        "accumulated_operating_revenue_yoy": -13.294882537507874, 
        "accumulated_operating_revenue": 850572, 
        "long_term_average": 307147, 
        "date": "2013-03-31", 
        "operating_revenue": 310574, 
        "short_term_average": 283524
    }, 
    {
        "accumulated_operating_revenue_yoy": -11.930411160080924, 
        "accumulated_operating_revenue": 1165793, 
        "long_term_average": 304855, 
        "date": "2013-04-30", 
        "operating_revenue": 315221, 
        "short_term_average": 286101
    }, 
    {
        "accumulated_operating_revenue_yoy": -10.443089732656661, 
        "accumulated_operating_revenue": 1483898, 
        "long_term_average": 303596, 
        "date": "2013-05-31", 
        "operating_revenue": 318105, 
        "short_term_average": 314633
    }, 
    {
        "accumulated_operating_revenue_yoy": -9.57600045895339, 
        "accumulated_operating_revenue": 1749557, 
        "long_term_average": 302576, 
        "date": "2013-06-30", 
        "operating_revenue": 265659, 
        "short_term_average": 299661
    }, 
    {
        "accumulated_operating_revenue_yoy": -8.934133399297622, 
        "accumulated_operating_revenue": 2072640, 
        "long_term_average": 301071, 
        "date": "2013-07-31", 
        "operating_revenue": 323083, 
        "short_term_average": 302282
    }, 
    {
        "accumulated_operating_revenue_yoy": -11.10934632352103, 
        "accumulated_operating_revenue": 2339362, 
        "long_term_average": 293652, 
        "date": "2013-08-31", 
        "operating_revenue": 266722, 
        "short_term_average": 285154
    }, 
    {
        "accumulated_operating_revenue_yoy": -11.958830864710148, 
        "accumulated_operating_revenue": 2624995, 
        "long_term_average": 288303, 
        "date": "2013-09-30", 
        "operating_revenue": 285633, 
        "short_term_average": 291812
    }, 
    {
        "accumulated_operating_revenue_yoy": -11.92560967451087, 
        "accumulated_operating_revenue": 2869941, 
        "long_term_average": 285632, 
        "date": "2013-10-31", 
        "operating_revenue": 244946, 
        "short_term_average": 265767
    }, 
    {
        "accumulated_operating_revenue_yoy": -10.933826032598407, 
        "accumulated_operating_revenue": 3147359, 
        "long_term_average": 285818, 
        "date": "2013-11-30", 
        "operating_revenue": 277418, 
        "short_term_average": 269332
    }, 
    {
        "accumulated_operating_revenue_yoy": -10.236741047037691, 
        "accumulated_operating_revenue": 3425541, 
        "long_term_average": 285461, 
        "date": "2013-12-31", 
        "operating_revenue": 278182, 
        "short_term_average": 266848
    }, 
    {
        "accumulated_operating_revenue_yoy": -16.738539390155065, 
        "accumulated_operating_revenue": 256019, 
        "long_term_average": 281172, 
        "date": "2014-01-31", 
        "operating_revenue": 256019, 
        "short_term_average": 270539
    }, 
    {
        "accumulated_operating_revenue_yoy": -18.43988311067819, 
        "accumulated_operating_revenue": 440423, 
        "long_term_average": 277163, 
        "date": "2014-02-28", 
        "operating_revenue": 184404, 
        "short_term_average": 239535
    }, 
    {
        "accumulated_operating_revenue_yoy": -20.002892171385845, 
        "accumulated_operating_revenue": 680433, 
        "long_term_average": 271283, 
        "date": "2014-03-31", 
        "operating_revenue": 240010, 
        "short_term_average": 226811
    }, 
    {
        "accumulated_operating_revenue_yoy": -15.559366028102758, 
        "accumulated_operating_revenue": 984403, 
        "long_term_average": 270345, 
        "date": "2014-04-30", 
        "operating_revenue": 303970, 
        "short_term_average": 242794
    }, 
    {
        "accumulated_operating_revenue_yoy": -15.096657586977003, 
        "accumulated_operating_revenue": 1259879, 
        "long_term_average": 266793, 
        "date": "2014-05-31", 
        "operating_revenue": 275476, 
        "short_term_average": 273152
    }, 
    {
        "accumulated_operating_revenue_yoy": -13.304853742976078, 
        "accumulated_operating_revenue": 1516781, 
        "long_term_average": 266063, 
        "date": "2014-06-30", 
        "operating_revenue": 256902, 
        "short_term_average": 278782
    }, 
    {
        "accumulated_operating_revenue_yoy": -13.429297900262469, 
        "accumulated_operating_revenue": 1794299, 
        "long_term_average": 262266, 
        "date": "2014-07-31", 
        "operating_revenue": 277518, 
        "short_term_average": 269965
    }, 
    {
        "accumulated_operating_revenue_yoy": -12.80421756017239, 
        "accumulated_operating_revenue": 2039825, 
        "long_term_average": 260500, 
        "date": "2014-08-31", 
        "operating_revenue": 245526, 
        "short_term_average": 259982
    }, 
    {
        "accumulated_operating_revenue_yoy": -12.703376577860148, 
        "accumulated_operating_revenue": 2291532, 
        "long_term_average": 257673, 
        "date": "2014-09-30", 
        "operating_revenue": 251707, 
        "short_term_average": 258250
    }, 
    {
        "accumulated_operating_revenue_yoy": -12.958559078392204, 
        "accumulated_operating_revenue": 2498038, 
        "long_term_average": 254469, 
        "date": "2014-10-31", 
        "operating_revenue": 206506, 
        "short_term_average": 234579
    }, 
    {
        "accumulated_operating_revenue_yoy": -14.069732750537831, 
        "accumulated_operating_revenue": 2704534, 
        "long_term_average": 248559, 
        "date": "2014-11-30", 
        "operating_revenue": 206496, 
        "short_term_average": 221569
    }, 
    {
        "accumulated_operating_revenue_yoy": -15.165312573984663, 
        "accumulated_operating_revenue": 2906047, 
        "long_term_average": 242170, 
        "date": "2014-12-31", 
        "operating_revenue": 201513, 
        "short_term_average": 204838
    }, 
    {
        "accumulated_operating_revenue_yoy": -17.152633203004463, 
        "accumulated_operating_revenue": 212105, 
        "long_term_average": 238511, 
        "date": "2015-01-31", 
        "operating_revenue": 212105, 
        "short_term_average": 206704
    }, 
    {
        "accumulated_operating_revenue_yoy": -18.002919920167656, 
        "accumulated_operating_revenue": 361134, 
        "long_term_average": 235563, 
        "date": "2015-02-28", 
        "operating_revenue": 149029, 
        "short_term_average": 187549
    }, 
    {
        "accumulated_operating_revenue_yoy": -18.793768085910003, 
        "accumulated_operating_revenue": 552554, 
        "long_term_average": 231514, 
        "date": "2015-03-31", 
        "operating_revenue": 191420, 
        "short_term_average": 184184
    }, 
    {
        "accumulated_operating_revenue_yoy": -25.085457886658208, 
        "accumulated_operating_revenue": 737461, 
        "long_term_average": 221592, 
        "date": "2015-04-30", 
        "operating_revenue": 184907, 
        "short_term_average": 175118
    }, 
    {
        "accumulated_operating_revenue_yoy": -28.841420485618062, 
        "accumulated_operating_revenue": 896512, 
        "long_term_average": 211890, 
        "date": "2015-05-31", 
        "operating_revenue": 159051, 
        "short_term_average": 178459
    }, 
    {
        "accumulated_operating_revenue_yoy": -29.3880922822741, 
        "accumulated_operating_revenue": 1071028, 
        "long_term_average": 205024, 
        "date": "2015-06-30", 
        "operating_revenue": 174516, 
        "short_term_average": 172824
    }, 
    {
        "accumulated_operating_revenue_yoy": -30.17384505035114, 
        "accumulated_operating_revenue": 1252890, 
        "long_term_average": 197053, 
        "date": "2015-07-31", 
        "operating_revenue": 181862, 
        "short_term_average": 171809
    }, 
    {
        "accumulated_operating_revenue_yoy": -28.226588065152647, 
        "accumulated_operating_revenue": 1464052, 
        "long_term_average": 194189, 
        "date": "2015-08-31", 
        "operating_revenue": 211162, 
        "short_term_average": 189180
    }
]