[
    {
        "date": "2011-09-30", 
        "operating_revenue": 143761, 
        "accumulated_operating_revenue": 143761, 
        "long_term_average": 143761, 
        "short_term_average": 143761
    }, 
    {
        "date": "2011-10-31", 
        "operating_revenue": 133375, 
        "accumulated_operating_revenue": 277136, 
        "long_term_average": 138568, 
        "short_term_average": 138568
    }, 
    {
        "date": "2011-11-30", 
        "operating_revenue": 158450, 
        "accumulated_operating_revenue": 435586, 
        "long_term_average": 145195, 
        "short_term_average": 145195
    }, 
    {
        "date": "2011-12-31", 
        "operating_revenue": 134549, 
        "accumulated_operating_revenue": 570135, 
        "long_term_average": 142533, 
        "short_term_average": 142124
    }, 
    {
        "date": "2012-01-31", 
        "operating_revenue": 124955, 
        "accumulated_operating_revenue": 124955, 
        "long_term_average": 139018, 
        "short_term_average": 139318
    }, 
    {
        "date": "2012-02-29", 
        "operating_revenue": 101143, 
        "accumulated_operating_revenue": 226098, 
        "long_term_average": 132705, 
        "short_term_average": 120215
    }, 
    {
        "date": "2012-03-31", 
        "operating_revenue": 134230, 
        "accumulated_operating_revenue": 360328, 
        "long_term_average": 132923, 
        "short_term_average": 120109
    }, 
    {
        "date": "2012-04-30", 
        "operating_revenue": 116365, 
        "accumulated_operating_revenue": 476693, 
        "long_term_average": 130853, 
        "short_term_average": 117246
    }, 
    {
        "date": "2012-05-31", 
        "operating_revenue": 133116, 
        "accumulated_operating_revenue": 609809, 
        "long_term_average": 131104, 
        "short_term_average": 127903
    }, 
    {
        "date": "2012-06-30", 
        "operating_revenue": 164077, 
        "accumulated_operating_revenue": 773886, 
        "long_term_average": 134402, 
        "short_term_average": 137852
    }, 
    {
        "date": "2012-07-31", 
        "operating_revenue": 137875, 
        "accumulated_operating_revenue": 911761, 
        "long_term_average": 134717, 
        "short_term_average": 145022
    }, 
    {
        "date": "2012-08-31", 
        "operating_revenue": 127479, 
        "accumulated_operating_revenue": 1039240, 
        "long_term_average": 134114, 
        "short_term_average": 143143
    }, 
    {
        "accumulated_operating_revenue_yoy": 691.8573187443048, 
        "accumulated_operating_revenue": 1138382, 
        "long_term_average": 130396, 
        "date": "2012-09-30", 
        "operating_revenue": 99142, 
        "short_term_average": 121498
    }, 
    {
        "accumulated_operating_revenue_yoy": 346.14593556953986, 
        "accumulated_operating_revenue": 1236431, 
        "long_term_average": 127452, 
        "date": "2012-10-31", 
        "operating_revenue": 98049, 
        "short_term_average": 108223
    }, 
    {
        "accumulated_operating_revenue_yoy": 219.62390894105872, 
        "accumulated_operating_revenue": 1392237, 
        "long_term_average": 127232, 
        "date": "2012-11-30", 
        "operating_revenue": 155806, 
        "short_term_average": 117665
    }, 
    {
        "accumulated_operating_revenue_yoy": 169.0967928648478, 
        "accumulated_operating_revenue": 1534215, 
        "long_term_average": 127851, 
        "date": "2012-12-31", 
        "operating_revenue": 141978, 
        "short_term_average": 131944
    }, 
    {
        "accumulated_operating_revenue_yoy": -26.443919811132005, 
        "accumulated_operating_revenue": 91912, 
        "long_term_average": 125097, 
        "date": "2013-01-31", 
        "operating_revenue": 91912, 
        "short_term_average": 129898
    }, 
    {
        "accumulated_operating_revenue_yoy": -29.039619987792904, 
        "accumulated_operating_revenue": 160440, 
        "long_term_average": 122379, 
        "date": "2013-02-28", 
        "operating_revenue": 68528, 
        "short_term_average": 100806
    }, 
    {
        "accumulated_operating_revenue_yoy": -16.582946648609045, 
        "accumulated_operating_revenue": 300575, 
        "long_term_average": 122871, 
        "date": "2013-03-31", 
        "operating_revenue": 140135, 
        "short_term_average": 100191
    }, 
    {
        "accumulated_operating_revenue_yoy": 1.0281250196667457, 
        "accumulated_operating_revenue": 481594, 
        "long_term_average": 128259, 
        "date": "2013-04-30", 
        "operating_revenue": 181019, 
        "short_term_average": 129894
    }, 
    {
        "accumulated_operating_revenue_yoy": -0.23253182553881627, 
        "accumulated_operating_revenue": 608391, 
        "long_term_average": 127733, 
        "date": "2013-05-31", 
        "operating_revenue": 126797, 
        "short_term_average": 149317
    }, 
    {
        "accumulated_operating_revenue_yoy": -8.778683165220718, 
        "accumulated_operating_revenue": 705949, 
        "long_term_average": 122189, 
        "date": "2013-06-30", 
        "operating_revenue": 97558, 
        "short_term_average": 135124
    }, 
    {
        "accumulated_operating_revenue_yoy": -6.505652248780108, 
        "accumulated_operating_revenue": 852445, 
        "long_term_average": 122908, 
        "date": "2013-07-31", 
        "operating_revenue": 146496, 
        "short_term_average": 123617
    }, 
    {
        "accumulated_operating_revenue_yoy": -5.0200146260729, 
        "accumulated_operating_revenue": 987070, 
        "long_term_average": 123503, 
        "date": "2013-08-31", 
        "operating_revenue": 134625, 
        "short_term_average": 126226
    }, 
    {
        "accumulated_operating_revenue_yoy": -4.268338747450329, 
        "accumulated_operating_revenue": 1089792, 
        "long_term_average": 123802, 
        "date": "2013-09-30", 
        "operating_revenue": 102722, 
        "short_term_average": 127947
    }, 
    {
        "accumulated_operating_revenue_yoy": -1.4973742974739392, 
        "accumulated_operating_revenue": 1217917, 
        "long_term_average": 126308, 
        "date": "2013-10-31", 
        "operating_revenue": 128125, 
        "short_term_average": 121824
    }, 
    {
        "accumulated_operating_revenue_yoy": -4.384239177668745, 
        "accumulated_operating_revenue": 1331198, 
        "long_term_average": 122764, 
        "date": "2013-11-30", 
        "operating_revenue": 113281, 
        "short_term_average": 114709
    }, 
    {
        "accumulated_operating_revenue_yoy": -6.704471016122252, 
        "accumulated_operating_revenue": 1431354, 
        "long_term_average": 119279, 
        "date": "2013-12-31", 
        "operating_revenue": 100156, 
        "short_term_average": 113854
    }, 
    {
        "accumulated_operating_revenue_yoy": 5.2408825833405865, 
        "accumulated_operating_revenue": 96729, 
        "long_term_average": 119680, 
        "date": "2014-01-31", 
        "operating_revenue": 96729, 
        "short_term_average": 103388
    }, 
    {
        "accumulated_operating_revenue_yoy": 36.83557716280229, 
        "accumulated_operating_revenue": 219539, 
        "long_term_average": 124204, 
        "date": "2014-02-28", 
        "operating_revenue": 122810, 
        "short_term_average": 106565
    }, 
    {
        "accumulated_operating_revenue_yoy": 12.482408716626466, 
        "accumulated_operating_revenue": 338094, 
        "long_term_average": 122406, 
        "date": "2014-03-31", 
        "operating_revenue": 118555, 
        "short_term_average": 112698
    }, 
    {
        "accumulated_operating_revenue_yoy": -7.430117484852386, 
        "accumulated_operating_revenue": 445811, 
        "long_term_average": 116297, 
        "date": "2014-04-30", 
        "operating_revenue": 107717, 
        "short_term_average": 116360
    }, 
    {
        "accumulated_operating_revenue_yoy": -8.194072561888655, 
        "accumulated_operating_revenue": 558539, 
        "long_term_average": 115125, 
        "date": "2014-05-31", 
        "operating_revenue": 112728, 
        "short_term_average": 113000
    }, 
    {
        "accumulated_operating_revenue_yoy": -6.118147344921518, 
        "accumulated_operating_revenue": 662758, 
        "long_term_average": 115680, 
        "date": "2014-06-30", 
        "operating_revenue": 104219, 
        "short_term_average": 108221
    }, 
    {
        "accumulated_operating_revenue_yoy": -8.013537530280546, 
        "accumulated_operating_revenue": 784134, 
        "long_term_average": 113586, 
        "date": "2014-07-31", 
        "operating_revenue": 121376, 
        "short_term_average": 112774
    }, 
    {
        "accumulated_operating_revenue_yoy": -8.045224756096324, 
        "accumulated_operating_revenue": 907658, 
        "long_term_average": 112661, 
        "date": "2014-08-31", 
        "operating_revenue": 123524, 
        "short_term_average": 116373
    }, 
    {
        "accumulated_operating_revenue_yoy": -9.242864693446089, 
        "accumulated_operating_revenue": 989064, 
        "long_term_average": 110885, 
        "date": "2014-09-30", 
        "operating_revenue": 81406, 
        "short_term_average": 108768
    }, 
    {
        "accumulated_operating_revenue_yoy": -8.294489690184143, 
        "accumulated_operating_revenue": 1116897, 
        "long_term_average": 110861, 
        "date": "2014-10-31", 
        "operating_revenue": 127833, 
        "short_term_average": 110921
    }, 
    {
        "accumulated_operating_revenue_yoy": -6.086021763854813, 
        "accumulated_operating_revenue": 1250181, 
        "long_term_average": 112528, 
        "date": "2014-11-30", 
        "operating_revenue": 133284, 
        "short_term_average": 114174
    }, 
    {
        "accumulated_operating_revenue_yoy": -5.321534714682741, 
        "accumulated_operating_revenue": 1355184, 
        "long_term_average": 112932, 
        "date": "2014-12-31", 
        "operating_revenue": 105003, 
        "short_term_average": 122040
    }, 
    {
        "accumulated_operating_revenue_yoy": -6.564732396695924, 
        "accumulated_operating_revenue": 90379, 
        "long_term_average": 112402, 
        "date": "2015-01-31", 
        "operating_revenue": 90379, 
        "short_term_average": 109555
    }, 
    {
        "accumulated_operating_revenue_yoy": -30.42830658789554, 
        "accumulated_operating_revenue": 152737, 
        "long_term_average": 107365, 
        "date": "2015-02-28", 
        "operating_revenue": 62358, 
        "short_term_average": 85913
    }, 
    {
        "accumulated_operating_revenue_yoy": -25.930362561891073, 
        "accumulated_operating_revenue": 250425, 
        "long_term_average": 105626, 
        "date": "2015-03-31", 
        "operating_revenue": 97688, 
        "short_term_average": 83475
    }, 
    {
        "accumulated_operating_revenue_yoy": -24.724154406239414, 
        "accumulated_operating_revenue": 335588, 
        "long_term_average": 103746, 
        "date": "2015-04-30", 
        "operating_revenue": 85163, 
        "short_term_average": 81736
    }, 
    {
        "accumulated_operating_revenue_yoy": -27.686159784724072, 
        "accumulated_operating_revenue": 403901, 
        "long_term_average": 100045, 
        "date": "2015-05-31", 
        "operating_revenue": 68313, 
        "short_term_average": 83721
    }, 
    {
        "accumulated_operating_revenue_yoy": -25.99591404404021, 
        "accumulated_operating_revenue": 490468, 
        "long_term_average": 98574, 
        "date": "2015-06-30", 
        "operating_revenue": 86567, 
        "short_term_average": 80014
    }, 
    {
        "accumulated_operating_revenue_yoy": -25.332404920587553, 
        "accumulated_operating_revenue": 585494, 
        "long_term_average": 96378, 
        "date": "2015-07-31", 
        "operating_revenue": 95026, 
        "short_term_average": 83302
    }, 
    {
        "accumulated_operating_revenue_yoy": -26.57807235765013, 
        "accumulated_operating_revenue": 666420, 
        "long_term_average": 92828, 
        "date": "2015-08-31", 
        "operating_revenue": 80926, 
        "short_term_average": 87506
    }
]