[
    {
        "date": "2012-01-31", 
        "operating_revenue": 620070, 
        "accumulated_operating_revenue": 620070, 
        "long_term_average": 620070, 
        "short_term_average": 620070
    }, 
    {
        "date": "2012-02-29", 
        "operating_revenue": 630618, 
        "accumulated_operating_revenue": 1250688, 
        "long_term_average": 625344, 
        "short_term_average": 625344
    }, 
    {
        "date": "2012-03-31", 
        "operating_revenue": 667835, 
        "accumulated_operating_revenue": 1918523, 
        "long_term_average": 639507, 
        "short_term_average": 639507
    }, 
    {
        "date": "2012-04-30", 
        "operating_revenue": 491118, 
        "accumulated_operating_revenue": 2409641, 
        "long_term_average": 602410, 
        "short_term_average": 596523
    }, 
    {
        "date": "2012-05-31", 
        "operating_revenue": 622926, 
        "accumulated_operating_revenue": 3032567, 
        "long_term_average": 606513, 
        "short_term_average": 593959
    }, 
    {
        "date": "2012-06-30", 
        "operating_revenue": 762892, 
        "accumulated_operating_revenue": 3795459, 
        "long_term_average": 632576, 
        "short_term_average": 625645
    }, 
    {
        "date": "2012-07-31", 
        "operating_revenue": 778194, 
        "accumulated_operating_revenue": 4573653, 
        "long_term_average": 653379, 
        "short_term_average": 721337
    }, 
    {
        "date": "2012-08-31", 
        "operating_revenue": 845826, 
        "accumulated_operating_revenue": 5419479, 
        "long_term_average": 677434, 
        "short_term_average": 795637
    }, 
    {
        "date": "2012-09-30", 
        "operating_revenue": 798199, 
        "accumulated_operating_revenue": 6217678, 
        "long_term_average": 690853, 
        "short_term_average": 807406
    }, 
    {
        "date": "2012-10-31", 
        "operating_revenue": 842000, 
        "accumulated_operating_revenue": 7059678, 
        "long_term_average": 705967, 
        "short_term_average": 828675
    }, 
    {
        "date": "2012-11-30", 
        "operating_revenue": 458936, 
        "accumulated_operating_revenue": 7518614, 
        "long_term_average": 683510, 
        "short_term_average": 699711
    }, 
    {
        "date": "2012-12-31", 
        "operating_revenue": 573303, 
        "accumulated_operating_revenue": 8091917, 
        "long_term_average": 674326, 
        "short_term_average": 624746
    }, 
    {
        "accumulated_operating_revenue_yoy": -0.17094844130501394, 
        "accumulated_operating_revenue": 619010, 
        "long_term_average": 674238, 
        "date": "2013-01-31", 
        "operating_revenue": 619010, 
        "short_term_average": 550416
    }, 
    {
        "accumulated_operating_revenue_yoy": -17.513400624296388, 
        "accumulated_operating_revenue": 1031650, 
        "long_term_average": 656073, 
        "date": "2013-02-28", 
        "operating_revenue": 412640, 
        "short_term_average": 534984
    }, 
    {
        "accumulated_operating_revenue_yoy": -8.404225542253076, 
        "accumulated_operating_revenue": 1757286, 
        "long_term_average": 660890, 
        "date": "2013-03-31", 
        "operating_revenue": 725636, 
        "short_term_average": 585762
    }, 
    {
        "accumulated_operating_revenue_yoy": 2.9817304735435695, 
        "accumulated_operating_revenue": 2481490, 
        "long_term_average": 680313, 
        "date": "2013-04-30", 
        "operating_revenue": 724204, 
        "short_term_average": 620826
    }, 
    {
        "accumulated_operating_revenue_yoy": 3.358837578856461, 
        "accumulated_operating_revenue": 3134426, 
        "long_term_average": 682814, 
        "date": "2013-05-31", 
        "operating_revenue": 652936, 
        "short_term_average": 700925
    }, 
    {
        "accumulated_operating_revenue_yoy": -4.501221064435158, 
        "accumulated_operating_revenue": 3624617, 
        "long_term_average": 660089, 
        "date": "2013-06-30", 
        "operating_revenue": 490191, 
        "short_term_average": 622443
    }, 
    {
        "accumulated_operating_revenue_yoy": -7.805598719448109, 
        "accumulated_operating_revenue": 4216652, 
        "long_term_average": 644576, 
        "date": "2013-07-31", 
        "operating_revenue": 592035, 
        "short_term_average": 578387
    }, 
    {
        "accumulated_operating_revenue_yoy": -13.229574281955886, 
        "accumulated_operating_revenue": 4702505, 
        "long_term_average": 614578, 
        "date": "2013-08-31", 
        "operating_revenue": 485853, 
        "short_term_average": 522693
    }, 
    {
        "accumulated_operating_revenue_yoy": -17.120587460463536, 
        "accumulated_operating_revenue": 5153175, 
        "long_term_average": 585617, 
        "date": "2013-09-30", 
        "operating_revenue": 450670, 
        "short_term_average": 509519
    }, 
    {
        "accumulated_operating_revenue_yoy": -21.611481430172876, 
        "accumulated_operating_revenue": 5533977, 
        "long_term_average": 547184, 
        "date": "2013-10-31", 
        "operating_revenue": 380802, 
        "short_term_average": 439108
    }, 
    {
        "accumulated_operating_revenue_yoy": -22.721102586194743, 
        "accumulated_operating_revenue": 5810302, 
        "long_term_average": 531967, 
        "date": "2013-11-30", 
        "operating_revenue": 276325, 
        "short_term_average": 369265
    }, 
    {
        "accumulated_operating_revenue_yoy": -23.57468570179353, 
        "accumulated_operating_revenue": 6184273, 
        "long_term_average": 515356, 
        "date": "2013-12-31", 
        "operating_revenue": 373971, 
        "short_term_average": 343699
    }, 
    {
        "accumulated_operating_revenue_yoy": -43.385405728501965, 
        "accumulated_operating_revenue": 350450, 
        "long_term_average": 492976, 
        "date": "2014-01-31", 
        "operating_revenue": 350450, 
        "short_term_average": 333582
    }, 
    {
        "accumulated_operating_revenue_yoy": -40.618039063635926, 
        "accumulated_operating_revenue": 612614, 
        "long_term_average": 480436, 
        "date": "2014-02-28", 
        "operating_revenue": 262164, 
        "short_term_average": 328861
    }, 
    {
        "accumulated_operating_revenue_yoy": -37.00575774233676, 
        "accumulated_operating_revenue": 1106989, 
        "long_term_average": 461164, 
        "date": "2014-03-31", 
        "operating_revenue": 494375, 
        "short_term_average": 368996
    }, 
    {
        "accumulated_operating_revenue_yoy": -33.25401271010563, 
        "accumulated_operating_revenue": 1656295, 
        "long_term_average": 446589, 
        "date": "2014-04-30", 
        "operating_revenue": 549306, 
        "short_term_average": 435281
    }, 
    {
        "accumulated_operating_revenue_yoy": -35.28244086796115, 
        "accumulated_operating_revenue": 2028524, 
        "long_term_average": 423197, 
        "date": "2014-05-31", 
        "operating_revenue": 372229, 
        "short_term_average": 471970
    }, 
    {
        "accumulated_operating_revenue_yoy": -35.53743747270401, 
        "accumulated_operating_revenue": 2336521, 
        "long_term_average": 408014, 
        "date": "2014-06-30", 
        "operating_revenue": 307997, 
        "short_term_average": 409844
    }, 
    {
        "accumulated_operating_revenue_yoy": -35.530724375642095, 
        "accumulated_operating_revenue": 2718445, 
        "long_term_average": 390505, 
        "date": "2014-07-31", 
        "operating_revenue": 381924, 
        "short_term_average": 354050
    }, 
    {
        "accumulated_operating_revenue_yoy": -35.36672475627351, 
        "accumulated_operating_revenue": 3039383, 
        "long_term_average": 376762, 
        "date": "2014-08-31", 
        "operating_revenue": 320938, 
        "short_term_average": 336953
    }, 
    {
        "accumulated_operating_revenue_yoy": -35.629898072547505, 
        "accumulated_operating_revenue": 3317104, 
        "long_term_average": 362350, 
        "date": "2014-09-30", 
        "operating_revenue": 277721, 
        "short_term_average": 326861
    }, 
    {
        "accumulated_operating_revenue_yoy": -35.25708545590269, 
        "accumulated_operating_revenue": 3582858, 
        "long_term_average": 352762, 
        "date": "2014-10-31", 
        "operating_revenue": 265754, 
        "short_term_average": 288137
    }, 
    {
        "accumulated_operating_revenue_yoy": -32.76867536317389, 
        "accumulated_operating_revenue": 3906343, 
        "long_term_average": 356692, 
        "date": "2014-11-30", 
        "operating_revenue": 323485, 
        "short_term_average": 288986
    }, 
    {
        "accumulated_operating_revenue_yoy": -30.51668320593221, 
        "accumulated_operating_revenue": 4297038, 
        "long_term_average": 358086, 
        "date": "2014-12-31", 
        "operating_revenue": 390695, 
        "short_term_average": 326644
    }, 
    {
        "accumulated_operating_revenue_yoy": -0.22970466543016121, 
        "accumulated_operating_revenue": 349645, 
        "long_term_average": 358019, 
        "date": "2015-01-31", 
        "operating_revenue": 349645, 
        "short_term_average": 354608
    }, 
    {
        "accumulated_operating_revenue_yoy": -7.409886159963697, 
        "accumulated_operating_revenue": 567220, 
        "long_term_average": 354303, 
        "date": "2015-02-28", 
        "operating_revenue": 217575, 
        "short_term_average": 319305
    }, 
    {
        "accumulated_operating_revenue_yoy": -24.13248912139145, 
        "accumulated_operating_revenue": 839845, 
        "long_term_average": 335824, 
        "date": "2015-03-31", 
        "operating_revenue": 272625, 
        "short_term_average": 279948
    }, 
    {
        "accumulated_operating_revenue_yoy": -31.00232748393251, 
        "accumulated_operating_revenue": 1142805, 
        "long_term_average": 315295, 
        "date": "2015-04-30", 
        "operating_revenue": 302960, 
        "short_term_average": 264386
    }, 
    {
        "accumulated_operating_revenue_yoy": -33.17762077254201, 
        "accumulated_operating_revenue": 1355508, 
        "long_term_average": 302001, 
        "date": "2015-05-31", 
        "operating_revenue": 212703, 
        "short_term_average": 262762
    }, 
    {
        "accumulated_operating_revenue_yoy": -33.22452483842431, 
        "accumulated_operating_revenue": 1560223, 
        "long_term_average": 293395, 
        "date": "2015-06-30", 
        "operating_revenue": 204715, 
        "short_term_average": 240126
    }, 
    {
        "accumulated_operating_revenue_yoy": -35.55087559248026, 
        "accumulated_operating_revenue": 1752014, 
        "long_term_average": 277550, 
        "date": "2015-07-31", 
        "operating_revenue": 191791, 
        "short_term_average": 203069
    }, 
    {
        "accumulated_operating_revenue_yoy": -35.249917499703066, 
        "accumulated_operating_revenue": 1968003, 
        "long_term_average": 268804, 
        "date": "2015-08-31", 
        "operating_revenue": 215989, 
        "short_term_average": 204165
    }, 
    {
        "accumulated_operating_revenue_yoy": -32.98726841244652, 
        "accumulated_operating_revenue": 2222882, 
        "long_term_average": 266901, 
        "date": "2015-09-30", 
        "operating_revenue": 254879, 
        "short_term_average": 220886
    }
]