[
    {
        "date": "2012-01-31", 
        "operating_revenue": 146375, 
        "accumulated_operating_revenue": 146375, 
        "long_term_average": 146375, 
        "short_term_average": 146375
    }, 
    {
        "date": "2012-02-29", 
        "operating_revenue": 291536, 
        "accumulated_operating_revenue": 437911, 
        "long_term_average": 218955, 
        "short_term_average": 218955
    }, 
    {
        "date": "2012-03-31", 
        "operating_revenue": 482514, 
        "accumulated_operating_revenue": 920425, 
        "long_term_average": 306808, 
        "short_term_average": 306808
    }, 
    {
        "date": "2012-04-30", 
        "operating_revenue": 342634, 
        "accumulated_operating_revenue": 1263059, 
        "long_term_average": 315764, 
        "short_term_average": 372228
    }, 
    {
        "date": "2012-05-31", 
        "operating_revenue": 453629, 
        "accumulated_operating_revenue": 1716688, 
        "long_term_average": 343337, 
        "short_term_average": 426259
    }, 
    {
        "date": "2012-06-30", 
        "operating_revenue": 344809, 
        "accumulated_operating_revenue": 2061497, 
        "long_term_average": 343582, 
        "short_term_average": 380357
    }, 
    {
        "date": "2012-07-31", 
        "operating_revenue": 405129, 
        "accumulated_operating_revenue": 2466626, 
        "long_term_average": 352375, 
        "short_term_average": 401189
    }, 
    {
        "date": "2012-08-31", 
        "operating_revenue": 277996, 
        "accumulated_operating_revenue": 2744622, 
        "long_term_average": 343077, 
        "short_term_average": 342644
    }, 
    {
        "date": "2012-09-30", 
        "operating_revenue": 731976, 
        "accumulated_operating_revenue": 3476598, 
        "long_term_average": 386288, 
        "short_term_average": 471700
    }, 
    {
        "date": "2012-10-31", 
        "operating_revenue": 301581, 
        "accumulated_operating_revenue": 3778179, 
        "long_term_average": 377817, 
        "short_term_average": 437184
    }, 
    {
        "date": "2012-11-30", 
        "operating_revenue": 431097, 
        "accumulated_operating_revenue": 4209276, 
        "long_term_average": 382661, 
        "short_term_average": 488218
    }, 
    {
        "date": "2012-12-31", 
        "operating_revenue": 218906, 
        "accumulated_operating_revenue": 4428182, 
        "long_term_average": 369015, 
        "short_term_average": 317194
    }, 
    {
        "accumulated_operating_revenue_yoy": 12.756959863364644, 
        "accumulated_operating_revenue": 165048, 
        "long_term_average": 370571, 
        "date": "2013-01-31", 
        "operating_revenue": 165048, 
        "short_term_average": 271683
    }, 
    {
        "accumulated_operating_revenue_yoy": -49.09353727127201, 
        "accumulated_operating_revenue": 222925, 
        "long_term_average": 351099, 
        "date": "2013-02-28", 
        "operating_revenue": 57877, 
        "short_term_average": 147277
    }, 
    {
        "accumulated_operating_revenue_yoy": -63.20156449466279, 
        "accumulated_operating_revenue": 338702, 
        "long_term_average": 320538, 
        "date": "2013-03-31", 
        "operating_revenue": 115777, 
        "short_term_average": 112900
    }, 
    {
        "accumulated_operating_revenue_yoy": -64.00785711514663, 
        "accumulated_operating_revenue": 454602, 
        "long_term_average": 301643, 
        "date": "2013-04-30", 
        "operating_revenue": 115900, 
        "short_term_average": 96518
    }, 
    {
        "accumulated_operating_revenue_yoy": -44.877578220387164, 
        "accumulated_operating_revenue": 946280, 
        "long_term_average": 304814, 
        "date": "2013-05-31", 
        "operating_revenue": 491678, 
        "short_term_average": 241118
    }, 
    {
        "accumulated_operating_revenue_yoy": -34.872328215854786, 
        "accumulated_operating_revenue": 1342605, 
        "long_term_average": 309107, 
        "date": "2013-06-30", 
        "operating_revenue": 396325, 
        "short_term_average": 334634
    }, 
    {
        "accumulated_operating_revenue_yoy": -30.141496927381777, 
        "accumulated_operating_revenue": 1723148, 
        "long_term_average": 307058, 
        "date": "2013-07-31", 
        "operating_revenue": 380543, 
        "short_term_average": 422848
    }, 
    {
        "accumulated_operating_revenue_yoy": -22.522044930048654, 
        "accumulated_operating_revenue": 2126477, 
        "long_term_average": 317503, 
        "date": "2013-08-31", 
        "operating_revenue": 403329, 
        "short_term_average": 393399
    }, 
    {
        "accumulated_operating_revenue_yoy": -27.50021716632179, 
        "accumulated_operating_revenue": 2520526, 
        "long_term_average": 289342, 
        "date": "2013-09-30", 
        "operating_revenue": 394049, 
        "short_term_average": 392640
    }, 
    {
        "accumulated_operating_revenue_yoy": -17.847936797065465, 
        "accumulated_operating_revenue": 3103852, 
        "long_term_average": 312821, 
        "date": "2013-10-31", 
        "operating_revenue": 583326, 
        "short_term_average": 460234
    }, 
    {
        "accumulated_operating_revenue_yoy": -13.487687668853265, 
        "accumulated_operating_revenue": 3641542, 
        "long_term_average": 321704, 
        "date": "2013-11-30", 
        "operating_revenue": 537690, 
        "short_term_average": 505021
    }, 
    {
        "accumulated_operating_revenue_yoy": 0.7562471461200104, 
        "accumulated_operating_revenue": 4461670, 
        "long_term_average": 371805, 
        "date": "2013-12-31", 
        "operating_revenue": 820128, 
        "short_term_average": 647048
    }, 
    {
        "accumulated_operating_revenue_yoy": 92.07079152731326, 
        "accumulated_operating_revenue": 317009, 
        "long_term_average": 384469, 
        "date": "2014-01-31", 
        "operating_revenue": 317009, 
        "short_term_average": 558275
    }, 
    {
        "accumulated_operating_revenue_yoy": 125.59111808904339, 
        "accumulated_operating_revenue": 502899, 
        "long_term_average": 395137, 
        "date": "2014-02-28", 
        "operating_revenue": 185890, 
        "short_term_average": 441009
    }, 
    {
        "accumulated_operating_revenue_yoy": 109.16853162957408, 
        "accumulated_operating_revenue": 708458, 
        "long_term_average": 402618, 
        "date": "2014-03-31", 
        "operating_revenue": 205559, 
        "short_term_average": 236152
    }, 
    {
        "accumulated_operating_revenue_yoy": 106.20146853731396, 
        "accumulated_operating_revenue": 937396, 
        "long_term_average": 412038, 
        "date": "2014-04-30", 
        "operating_revenue": 228938, 
        "short_term_average": 206795
    }, 
    {
        "accumulated_operating_revenue_yoy": 27.383121274886925, 
        "accumulated_operating_revenue": 1205401, 
        "long_term_average": 393399, 
        "date": "2014-05-31", 
        "operating_revenue": 268005, 
        "short_term_average": 234167
    }, 
    {
        "accumulated_operating_revenue_yoy": 15.254747300955978, 
        "accumulated_operating_revenue": 1547416, 
        "long_term_average": 388873, 
        "date": "2014-06-30", 
        "operating_revenue": 342015, 
        "short_term_average": 279652
    }, 
    {
        "accumulated_operating_revenue_yoy": 2.3524967095107328, 
        "accumulated_operating_revenue": 1763685, 
        "long_term_average": 375183, 
        "date": "2014-07-31", 
        "operating_revenue": 216269, 
        "short_term_average": 275429
    }, 
    {
        "accumulated_operating_revenue_yoy": -7.367208768305512, 
        "accumulated_operating_revenue": 1969815, 
        "long_term_average": 358750, 
        "date": "2014-08-31", 
        "operating_revenue": 206130, 
        "short_term_average": 254804
    }, 
    {
        "accumulated_operating_revenue_yoy": -9.708846486804738, 
        "accumulated_operating_revenue": 2275812, 
        "long_term_average": 351413, 
        "date": "2014-09-30", 
        "operating_revenue": 305997, 
        "short_term_average": 242798
    }, 
    {
        "accumulated_operating_revenue_yoy": -17.57100531855256, 
        "accumulated_operating_revenue": 2558474, 
        "long_term_average": 326357, 
        "date": "2014-10-31", 
        "operating_revenue": 282662, 
        "short_term_average": 264929
    }, 
    {
        "accumulated_operating_revenue_yoy": -21.3331879736661, 
        "accumulated_operating_revenue": 2864685, 
        "long_term_average": 307067, 
        "date": "2014-11-30", 
        "operating_revenue": 306211, 
        "short_term_average": 298290
    }, 
    {
        "accumulated_operating_revenue_yoy": -25.144912106901675, 
        "accumulated_operating_revenue": 3339787, 
        "long_term_average": 278315, 
        "date": "2014-12-31", 
        "operating_revenue": 475102, 
        "short_term_average": 354658
    }, 
    {
        "accumulated_operating_revenue_yoy": -22.152998810759318, 
        "accumulated_operating_revenue": 246782, 
        "long_term_average": 272463, 
        "date": "2015-01-31", 
        "operating_revenue": 246782, 
        "short_term_average": 342698
    }, 
    {
        "accumulated_operating_revenue_yoy": -24.221762222633174, 
        "accumulated_operating_revenue": 381088, 
        "long_term_average": 268164, 
        "date": "2015-02-28", 
        "operating_revenue": 134306, 
        "short_term_average": 285396
    }, 
    {
        "accumulated_operating_revenue_yoy": 12.277509746519906, 
        "accumulated_operating_revenue": 795439, 
        "long_term_average": 285564, 
        "date": "2015-03-31", 
        "operating_revenue": 414351, 
        "short_term_average": 265146
    }, 
    {
        "accumulated_operating_revenue_yoy": 32.62377906455756, 
        "accumulated_operating_revenue": 1243210, 
        "long_term_average": 303800, 
        "date": "2015-04-30", 
        "operating_revenue": 447771, 
        "short_term_average": 332142
    }, 
    {
        "accumulated_operating_revenue_yoy": 34.727779386278925, 
        "accumulated_operating_revenue": 1624010, 
        "long_term_average": 313199, 
        "date": "2015-05-31", 
        "operating_revenue": 380800, 
        "short_term_average": 414307
    }, 
    {
        "accumulated_operating_revenue_yoy": 25.090796527889076, 
        "accumulated_operating_revenue": 1935675, 
        "long_term_average": 310670, 
        "date": "2015-06-30", 
        "operating_revenue": 311665, 
        "short_term_average": 380078
    }, 
    {
        "accumulated_operating_revenue_yoy": 19.574016902111204, 
        "accumulated_operating_revenue": 2108909, 
        "long_term_average": 307084, 
        "date": "2015-07-31", 
        "operating_revenue": 173234, 
        "short_term_average": 288566
    }, 
    {
        "accumulated_operating_revenue_yoy": 15.212748405307098, 
        "accumulated_operating_revenue": 2269478, 
        "long_term_average": 303287, 
        "date": "2015-08-31", 
        "operating_revenue": 160569, 
        "short_term_average": 215156
    }
]