[
    {
        "date": "2011-09-30", 
        "operating_revenue": 139804, 
        "accumulated_operating_revenue": 139804, 
        "long_term_average": 139804, 
        "short_term_average": 139804
    }, 
    {
        "date": "2011-10-31", 
        "operating_revenue": 88771, 
        "accumulated_operating_revenue": 228575, 
        "long_term_average": 114287, 
        "short_term_average": 114287
    }, 
    {
        "date": "2011-11-30", 
        "operating_revenue": 137744, 
        "accumulated_operating_revenue": 366319, 
        "long_term_average": 122106, 
        "short_term_average": 122106
    }, 
    {
        "date": "2011-12-31", 
        "operating_revenue": 137836, 
        "accumulated_operating_revenue": 504155, 
        "long_term_average": 126038, 
        "short_term_average": 121450
    }, 
    {
        "date": "2012-01-31", 
        "operating_revenue": 123032, 
        "accumulated_operating_revenue": 123032, 
        "long_term_average": 125437, 
        "short_term_average": 132870
    }, 
    {
        "date": "2012-02-29", 
        "operating_revenue": 108963, 
        "accumulated_operating_revenue": 231995, 
        "long_term_average": 122691, 
        "short_term_average": 123277
    }, 
    {
        "date": "2012-03-31", 
        "operating_revenue": 166674, 
        "accumulated_operating_revenue": 398669, 
        "long_term_average": 128974, 
        "short_term_average": 132889
    }, 
    {
        "date": "2012-04-30", 
        "operating_revenue": 148462, 
        "accumulated_operating_revenue": 547131, 
        "long_term_average": 131410, 
        "short_term_average": 141366
    }, 
    {
        "date": "2012-05-31", 
        "operating_revenue": 176337, 
        "accumulated_operating_revenue": 723468, 
        "long_term_average": 136402, 
        "short_term_average": 163824
    }, 
    {
        "date": "2012-06-30", 
        "operating_revenue": 143555, 
        "accumulated_operating_revenue": 867023, 
        "long_term_average": 137117, 
        "short_term_average": 156118
    }, 
    {
        "date": "2012-07-31", 
        "operating_revenue": 133018, 
        "accumulated_operating_revenue": 1000041, 
        "long_term_average": 136745, 
        "short_term_average": 150970
    }, 
    {
        "date": "2012-08-31", 
        "operating_revenue": 141849, 
        "accumulated_operating_revenue": 1141890, 
        "long_term_average": 137170, 
        "short_term_average": 139474
    }, 
    {
        "accumulated_operating_revenue_yoy": 804.4977253869704, 
        "accumulated_operating_revenue": 1264524, 
        "long_term_average": 135739, 
        "date": "2012-09-30", 
        "operating_revenue": 122634, 
        "short_term_average": 132500
    }, 
    {
        "accumulated_operating_revenue_yoy": 512.5201793721973, 
        "accumulated_operating_revenue": 1400068, 
        "long_term_average": 139637, 
        "date": "2012-10-31", 
        "operating_revenue": 135544, 
        "short_term_average": 133342
    }, 
    {
        "accumulated_operating_revenue_yoy": 319.45845014864096, 
        "accumulated_operating_revenue": 1536556, 
        "long_term_average": 139532, 
        "date": "2012-11-30", 
        "operating_revenue": 136488, 
        "short_term_average": 131555
    }, 
    {
        "accumulated_operating_revenue_yoy": 231.59603693308605, 
        "accumulated_operating_revenue": 1671758, 
        "long_term_average": 139313, 
        "date": "2012-12-31", 
        "operating_revenue": 135202, 
        "short_term_average": 135744
    }, 
    {
        "accumulated_operating_revenue_yoy": 20.01267962806424, 
        "accumulated_operating_revenue": 147654, 
        "long_term_average": 141365, 
        "date": "2013-01-31", 
        "operating_revenue": 147654, 
        "short_term_average": 139781
    }, 
    {
        "accumulated_operating_revenue_yoy": 7.42947046272549, 
        "accumulated_operating_revenue": 249231, 
        "long_term_average": 140749, 
        "date": "2013-02-28", 
        "operating_revenue": 101577, 
        "short_term_average": 128144
    }, 
    {
        "accumulated_operating_revenue_yoy": -3.757252256884784, 
        "accumulated_operating_revenue": 383690, 
        "long_term_average": 138064, 
        "date": "2013-03-31", 
        "operating_revenue": 134459, 
        "short_term_average": 127896
    }, 
    {
        "accumulated_operating_revenue_yoy": -1.7604559054412927, 
        "accumulated_operating_revenue": 537499, 
        "long_term_average": 138510, 
        "date": "2013-04-30", 
        "operating_revenue": 153809, 
        "short_term_average": 129948
    }, 
    {
        "accumulated_operating_revenue_yoy": 1.0032233630236582, 
        "accumulated_operating_revenue": 730726, 
        "long_term_average": 139918, 
        "date": "2013-05-31", 
        "operating_revenue": 193227, 
        "short_term_average": 160498
    }, 
    {
        "accumulated_operating_revenue_yoy": 0.5875276665094237, 
        "accumulated_operating_revenue": 872117, 
        "long_term_average": 139737, 
        "date": "2013-06-30", 
        "operating_revenue": 141391, 
        "short_term_average": 162809
    }, 
    {
        "accumulated_operating_revenue_yoy": 2.4683987956493785, 
        "accumulated_operating_revenue": 1024726, 
        "long_term_average": 141370, 
        "date": "2013-07-31", 
        "operating_revenue": 152609, 
        "short_term_average": 162409
    }, 
    {
        "accumulated_operating_revenue_yoy": 2.3658145705803535, 
        "accumulated_operating_revenue": 1168905, 
        "long_term_average": 141564, 
        "date": "2013-08-31", 
        "operating_revenue": 144179, 
        "short_term_average": 146059
    }, 
    {
        "accumulated_operating_revenue_yoy": 6.290113908474651, 
        "accumulated_operating_revenue": 1344064, 
        "long_term_average": 145941, 
        "date": "2013-09-30", 
        "operating_revenue": 175159, 
        "short_term_average": 157315
    }, 
    {
        "accumulated_operating_revenue_yoy": 4.31564752569161, 
        "accumulated_operating_revenue": 1460490, 
        "long_term_average": 144348, 
        "date": "2013-10-31", 
        "operating_revenue": 116426, 
        "short_term_average": 145254
    }, 
    {
        "accumulated_operating_revenue_yoy": 2.9684567305064053, 
        "accumulated_operating_revenue": 1582168, 
        "long_term_average": 143114, 
        "date": "2013-11-30", 
        "operating_revenue": 121678, 
        "short_term_average": 137754
    }, 
    {
        "accumulated_operating_revenue_yoy": 4.810744138804779, 
        "accumulated_operating_revenue": 1752182, 
        "long_term_average": 146015, 
        "date": "2013-12-31", 
        "operating_revenue": 170014, 
        "short_term_average": 136039
    }, 
    {
        "accumulated_operating_revenue_yoy": -7.4810028851233294, 
        "accumulated_operating_revenue": 136608, 
        "long_term_average": 145094, 
        "date": "2014-01-31", 
        "operating_revenue": 136608, 
        "short_term_average": 142766
    }, 
    {
        "accumulated_operating_revenue_yoy": 1.1912643290762386, 
        "accumulated_operating_revenue": 252200, 
        "long_term_average": 146262, 
        "date": "2014-02-28", 
        "operating_revenue": 115592, 
        "short_term_average": 140738
    }, 
    {
        "accumulated_operating_revenue_yoy": -4.213557820115197, 
        "accumulated_operating_revenue": 367523, 
        "long_term_average": 144667, 
        "date": "2014-03-31", 
        "operating_revenue": 115323, 
        "short_term_average": 122507
    }, 
    {
        "accumulated_operating_revenue_yoy": -4.721311109416018, 
        "accumulated_operating_revenue": 512122, 
        "long_term_average": 143900, 
        "date": "2014-04-30", 
        "operating_revenue": 144599, 
        "short_term_average": 125171
    }, 
    {
        "accumulated_operating_revenue_yoy": -7.29110501063326, 
        "accumulated_operating_revenue": 677448, 
        "long_term_average": 141575, 
        "date": "2014-05-31", 
        "operating_revenue": 165326, 
        "short_term_average": 141749
    }, 
    {
        "accumulated_operating_revenue_yoy": -3.3592969750618327, 
        "accumulated_operating_revenue": 842820, 
        "long_term_average": 143573, 
        "date": "2014-06-30", 
        "operating_revenue": 165372, 
        "short_term_average": 158432
    }, 
    {
        "accumulated_operating_revenue_yoy": 0.5801550853594034, 
        "accumulated_operating_revenue": 1030671, 
        "long_term_average": 146510, 
        "date": "2014-07-31", 
        "operating_revenue": 187851, 
        "short_term_average": 172849
    }, 
    {
        "accumulated_operating_revenue_yoy": 2.440916926525252, 
        "accumulated_operating_revenue": 1197437, 
        "long_term_average": 148392, 
        "date": "2014-08-31", 
        "operating_revenue": 166766, 
        "short_term_average": 173329
    }, 
    {
        "accumulated_operating_revenue_yoy": -0.11986036379220037, 
        "accumulated_operating_revenue": 1342453, 
        "long_term_average": 145880, 
        "date": "2014-09-30", 
        "operating_revenue": 145016, 
        "short_term_average": 166544
    }, 
    {
        "accumulated_operating_revenue_yoy": 1.113256509801505, 
        "accumulated_operating_revenue": 1476749, 
        "long_term_average": 147370, 
        "date": "2014-10-31", 
        "operating_revenue": 134296, 
        "short_term_average": 148692
    }, 
    {
        "accumulated_operating_revenue_yoy": 2.1722092723402318, 
        "accumulated_operating_revenue": 1616536, 
        "long_term_average": 148879, 
        "date": "2014-11-30", 
        "operating_revenue": 139787, 
        "short_term_average": 139699
    }, 
    {
        "accumulated_operating_revenue_yoy": 2.9008402095216135, 
        "accumulated_operating_revenue": 1803010, 
        "long_term_average": 150250, 
        "date": "2014-12-31", 
        "operating_revenue": 186474, 
        "short_term_average": 153519
    }, 
    {
        "accumulated_operating_revenue_yoy": 5.016543687046147, 
        "accumulated_operating_revenue": 143461, 
        "long_term_average": 150821, 
        "date": "2015-01-31", 
        "operating_revenue": 143461, 
        "short_term_average": 156574
    }, 
    {
        "accumulated_operating_revenue_yoy": 4.150277557494053, 
        "accumulated_operating_revenue": 262667, 
        "long_term_average": 151123, 
        "date": "2015-02-28", 
        "operating_revenue": 119206, 
        "short_term_average": 149713
    }, 
    {
        "accumulated_operating_revenue_yoy": 8.832916579370542, 
        "accumulated_operating_revenue": 399986, 
        "long_term_average": 152956, 
        "date": "2015-03-31", 
        "operating_revenue": 137319, 
        "short_term_average": 133328
    }, 
    {
        "accumulated_operating_revenue_yoy": 6.234061415053445, 
        "accumulated_operating_revenue": 544048, 
        "long_term_average": 152911, 
        "date": "2015-04-30", 
        "operating_revenue": 144062, 
        "short_term_average": 133529
    }, 
    {
        "accumulated_operating_revenue_yoy": 5.339893246418914, 
        "accumulated_operating_revenue": 713623, 
        "long_term_average": 153265, 
        "date": "2015-05-31", 
        "operating_revenue": 169575, 
        "short_term_average": 150318
    }, 
    {
        "accumulated_operating_revenue_yoy": 1.3689755819747988, 
        "accumulated_operating_revenue": 854358, 
        "long_term_average": 151212, 
        "date": "2015-06-30", 
        "operating_revenue": 140735, 
        "short_term_average": 151457
    }, 
    {
        "accumulated_operating_revenue_yoy": -3.489280284397252, 
        "accumulated_operating_revenue": 994708, 
        "long_term_average": 147253, 
        "date": "2015-07-31", 
        "operating_revenue": 140350, 
        "short_term_average": 150220
    }, 
    {
        "accumulated_operating_revenue_yoy": -5.750615690011249, 
        "accumulated_operating_revenue": 1128577, 
        "long_term_average": 144512, 
        "date": "2015-08-31", 
        "operating_revenue": 133869, 
        "short_term_average": 138318
    }, 
    {
        "accumulated_operating_revenue_yoy": -4.328792143933531, 
        "accumulated_operating_revenue": 1284341, 
        "long_term_average": 145408, 
        "date": "2015-09-30", 
        "operating_revenue": 155764, 
        "short_term_average": 143327
    }
]