[
    {
        "date": "2011-09-30", 
        "operating_revenue": 79322, 
        "accumulated_operating_revenue": 79322, 
        "long_term_average": 79322, 
        "short_term_average": 79322
    }, 
    {
        "date": "2011-10-31", 
        "operating_revenue": 82562, 
        "accumulated_operating_revenue": 161884, 
        "long_term_average": 80942, 
        "short_term_average": 80942
    }, 
    {
        "date": "2011-11-30", 
        "operating_revenue": 63667, 
        "accumulated_operating_revenue": 225551, 
        "long_term_average": 75183, 
        "short_term_average": 75183
    }, 
    {
        "date": "2011-12-31", 
        "operating_revenue": 52123, 
        "accumulated_operating_revenue": 277674, 
        "long_term_average": 69418, 
        "short_term_average": 66117
    }, 
    {
        "date": "2012-01-31", 
        "operating_revenue": 41946, 
        "accumulated_operating_revenue": 41946, 
        "long_term_average": 63924, 
        "short_term_average": 52578
    }, 
    {
        "date": "2012-02-29", 
        "operating_revenue": 55615, 
        "accumulated_operating_revenue": 97561, 
        "long_term_average": 62539, 
        "short_term_average": 49894
    }, 
    {
        "date": "2012-03-31", 
        "operating_revenue": 67924, 
        "accumulated_operating_revenue": 165485, 
        "long_term_average": 63308, 
        "short_term_average": 55161
    }, 
    {
        "date": "2012-04-30", 
        "operating_revenue": 116495, 
        "accumulated_operating_revenue": 281980, 
        "long_term_average": 69956, 
        "short_term_average": 80011
    }, 
    {
        "date": "2012-05-31", 
        "operating_revenue": 101916, 
        "accumulated_operating_revenue": 383896, 
        "long_term_average": 73507, 
        "short_term_average": 95445
    }, 
    {
        "date": "2012-06-30", 
        "operating_revenue": 111874, 
        "accumulated_operating_revenue": 495770, 
        "long_term_average": 77344, 
        "short_term_average": 110095
    }, 
    {
        "date": "2012-07-31", 
        "operating_revenue": 97496, 
        "accumulated_operating_revenue": 593266, 
        "long_term_average": 79176, 
        "short_term_average": 103762
    }, 
    {
        "date": "2012-08-31", 
        "operating_revenue": 111842, 
        "accumulated_operating_revenue": 705108, 
        "long_term_average": 81898, 
        "short_term_average": 107070
    }, 
    {
        "accumulated_operating_revenue_yoy": 924.9791987090592, 
        "accumulated_operating_revenue": 813034, 
        "long_term_average": 84282, 
        "date": "2012-09-30", 
        "operating_revenue": 107926, 
        "short_term_average": 105754
    }, 
    {
        "accumulated_operating_revenue_yoy": 473.490894714734, 
        "accumulated_operating_revenue": 928390, 
        "long_term_average": 87015, 
        "date": "2012-10-31", 
        "operating_revenue": 115356, 
        "short_term_average": 111708
    }, 
    {
        "accumulated_operating_revenue_yoy": 363.36615665636594, 
        "accumulated_operating_revenue": 1045127, 
        "long_term_average": 91437, 
        "date": "2012-11-30", 
        "operating_revenue": 116737, 
        "short_term_average": 113339
    }, 
    {
        "accumulated_operating_revenue_yoy": 298.66462110244385, 
        "accumulated_operating_revenue": 1106988, 
        "long_term_average": 92249, 
        "date": "2012-12-31", 
        "operating_revenue": 61861, 
        "short_term_average": 97984
    }, 
    {
        "accumulated_operating_revenue_yoy": 77.20640823916463, 
        "accumulated_operating_revenue": 74331, 
        "long_term_average": 94947, 
        "date": "2013-01-31", 
        "operating_revenue": 74331, 
        "short_term_average": 84309
    }, 
    {
        "accumulated_operating_revenue_yoy": 13.948196512950872, 
        "accumulated_operating_revenue": 111169, 
        "long_term_average": 93383, 
        "date": "2013-02-28", 
        "operating_revenue": 36838, 
        "short_term_average": 57676
    }, 
    {
        "accumulated_operating_revenue_yoy": 5.340665317098226, 
        "accumulated_operating_revenue": 174323, 
        "long_term_average": 92985, 
        "date": "2013-03-31", 
        "operating_revenue": 63154, 
        "short_term_average": 58107
    }, 
    {
        "accumulated_operating_revenue_yoy": -15.303922263990355, 
        "accumulated_operating_revenue": 238826, 
        "long_term_average": 88652, 
        "date": "2013-04-30", 
        "operating_revenue": 64503, 
        "short_term_average": 54831
    }, 
    {
        "accumulated_operating_revenue_yoy": -21.774907787525787, 
        "accumulated_operating_revenue": 300303, 
        "long_term_average": 85282, 
        "date": "2013-05-31", 
        "operating_revenue": 61477, 
        "short_term_average": 63044
    }, 
    {
        "accumulated_operating_revenue_yoy": -31.443411259253285, 
        "accumulated_operating_revenue": 339883, 
        "long_term_average": 79258, 
        "date": "2013-06-30", 
        "operating_revenue": 39580, 
        "short_term_average": 55186
    }, 
    {
        "accumulated_operating_revenue_yoy": -32.86923572225612, 
        "accumulated_operating_revenue": 398264, 
        "long_term_average": 75998, 
        "date": "2013-07-31", 
        "operating_revenue": 58381, 
        "short_term_average": 53146
    }, 
    {
        "accumulated_operating_revenue_yoy": -36.207644786330604, 
        "accumulated_operating_revenue": 449805, 
        "long_term_average": 70973, 
        "date": "2013-08-31", 
        "operating_revenue": 51541, 
        "short_term_average": 49834
    }, 
    {
        "accumulated_operating_revenue_yoy": -38.78251094050187, 
        "accumulated_operating_revenue": 497719, 
        "long_term_average": 65972, 
        "date": "2013-09-30", 
        "operating_revenue": 47914, 
        "short_term_average": 52612
    }, 
    {
        "accumulated_operating_revenue_yoy": -41.623994226564264, 
        "accumulated_operating_revenue": 541957, 
        "long_term_average": 60046, 
        "date": "2013-10-31", 
        "operating_revenue": 44238, 
        "short_term_average": 47897
    }, 
    {
        "accumulated_operating_revenue_yoy": -44.48971273347641, 
        "accumulated_operating_revenue": 580153, 
        "long_term_average": 53501, 
        "date": "2013-11-30", 
        "operating_revenue": 38196, 
        "short_term_average": 43449
    }, 
    {
        "accumulated_operating_revenue_yoy": -43.96352986662909, 
        "accumulated_operating_revenue": 620317, 
        "long_term_average": 51693, 
        "date": "2013-12-31", 
        "operating_revenue": 40164, 
        "short_term_average": 40866
    }, 
    {
        "accumulated_operating_revenue_yoy": -55.55421022184552, 
        "accumulated_operating_revenue": 33037, 
        "long_term_average": 48251, 
        "date": "2014-01-31", 
        "operating_revenue": 33037, 
        "short_term_average": 37132
    }, 
    {
        "accumulated_operating_revenue_yoy": -47.959413145751064, 
        "accumulated_operating_revenue": 57853, 
        "long_term_average": 47250, 
        "date": "2014-02-28", 
        "operating_revenue": 24816, 
        "short_term_average": 32672
    }, 
    {
        "accumulated_operating_revenue_yoy": -45.38471687614371, 
        "accumulated_operating_revenue": 95207, 
        "long_term_average": 45100, 
        "date": "2014-03-31", 
        "operating_revenue": 37354, 
        "short_term_average": 31735
    }, 
    {
        "accumulated_operating_revenue_yoy": -40.709135521258155, 
        "accumulated_operating_revenue": 141602, 
        "long_term_average": 43591, 
        "date": "2014-04-30", 
        "operating_revenue": 46395, 
        "short_term_average": 36188
    }, 
    {
        "accumulated_operating_revenue_yoy": -38.912365177837046, 
        "accumulated_operating_revenue": 183448, 
        "long_term_average": 41955, 
        "date": "2014-05-31", 
        "operating_revenue": 41846, 
        "short_term_average": 41865
    }, 
    {
        "accumulated_operating_revenue_yoy": -36.34485984883034, 
        "accumulated_operating_revenue": 216353, 
        "long_term_average": 41398, 
        "date": "2014-06-30", 
        "operating_revenue": 32905, 
        "short_term_average": 40382
    }, 
    {
        "accumulated_operating_revenue_yoy": -36.67115280316574, 
        "accumulated_operating_revenue": 252216, 
        "long_term_average": 39522, 
        "date": "2014-07-31", 
        "operating_revenue": 35863, 
        "short_term_average": 36871
    }, 
    {
        "accumulated_operating_revenue_yoy": -36.944898344838315, 
        "accumulated_operating_revenue": 283625, 
        "long_term_average": 37844, 
        "date": "2014-08-31", 
        "operating_revenue": 31409, 
        "short_term_average": 33392
    }, 
    {
        "accumulated_operating_revenue_yoy": -37.12436133641673, 
        "accumulated_operating_revenue": 312944, 
        "long_term_average": 36295, 
        "date": "2014-09-30", 
        "operating_revenue": 29319, 
        "short_term_average": 32197
    }, 
    {
        "accumulated_operating_revenue_yoy": -36.800705591033974, 
        "accumulated_operating_revenue": 342513, 
        "long_term_average": 35072, 
        "date": "2014-10-31", 
        "operating_revenue": 29569, 
        "short_term_average": 30099
    }, 
    {
        "accumulated_operating_revenue_yoy": -36.34455048926748, 
        "accumulated_operating_revenue": 369299, 
        "long_term_average": 34121, 
        "date": "2014-11-30", 
        "operating_revenue": 26786, 
        "short_term_average": 28558
    }, 
    {
        "accumulated_operating_revenue_yoy": -35.52844755181625, 
        "accumulated_operating_revenue": 399928, 
        "long_term_average": 33327, 
        "date": "2014-12-31", 
        "operating_revenue": 30629, 
        "short_term_average": 28994
    }, 
    {
        "accumulated_operating_revenue_yoy": -10.376244816417955, 
        "accumulated_operating_revenue": 29609, 
        "long_term_average": 33041, 
        "date": "2015-01-31", 
        "operating_revenue": 29609, 
        "short_term_average": 29008
    }, 
    {
        "accumulated_operating_revenue_yoy": -18.33094221561544, 
        "accumulated_operating_revenue": 47248, 
        "long_term_average": 32443, 
        "date": "2015-02-28", 
        "operating_revenue": 17639, 
        "short_term_average": 25959
    }, 
    {
        "accumulated_operating_revenue_yoy": -26.795298665014126, 
        "accumulated_operating_revenue": 69696, 
        "long_term_average": 31201, 
        "date": "2015-03-31", 
        "operating_revenue": 22448, 
        "short_term_average": 23232
    }, 
    {
        "accumulated_operating_revenue_yoy": -34.30460021751105, 
        "accumulated_operating_revenue": 93026, 
        "long_term_average": 29279, 
        "date": "2015-04-30", 
        "operating_revenue": 23330, 
        "short_term_average": 21139
    }, 
    {
        "accumulated_operating_revenue_yoy": -35.32445161571672, 
        "accumulated_operating_revenue": 118646, 
        "long_term_average": 27927, 
        "date": "2015-05-31", 
        "operating_revenue": 25620, 
        "short_term_average": 23799
    }, 
    {
        "accumulated_operating_revenue_yoy": -33.12780502234774, 
        "accumulated_operating_revenue": 144680, 
        "long_term_average": 27354, 
        "date": "2015-06-30", 
        "operating_revenue": 26034, 
        "short_term_average": 24994
    }, 
    {
        "accumulated_operating_revenue_yoy": -33.308354743553146, 
        "accumulated_operating_revenue": 168207, 
        "long_term_average": 26326, 
        "date": "2015-07-31", 
        "operating_revenue": 23527, 
        "short_term_average": 25060
    }, 
    {
        "accumulated_operating_revenue_yoy": -33.84081092992508, 
        "accumulated_operating_revenue": 187644, 
        "long_term_average": 25328, 
        "date": "2015-08-31", 
        "operating_revenue": 19437, 
        "short_term_average": 22999
    }
]