[
    {
        "date": "2011-09-30", 
        "operating_revenue": 387716, 
        "accumulated_operating_revenue": 387716, 
        "long_term_average": 387716, 
        "short_term_average": 387716
    }, 
    {
        "date": "2011-10-31", 
        "operating_revenue": 388840, 
        "accumulated_operating_revenue": 776556, 
        "long_term_average": 388278, 
        "short_term_average": 388278
    }, 
    {
        "date": "2011-11-30", 
        "operating_revenue": 361223, 
        "accumulated_operating_revenue": 1137779, 
        "long_term_average": 379259, 
        "short_term_average": 379259
    }, 
    {
        "date": "2011-12-31", 
        "operating_revenue": 439726, 
        "accumulated_operating_revenue": 1577505, 
        "long_term_average": 394376, 
        "short_term_average": 396596
    }, 
    {
        "date": "2012-01-31", 
        "operating_revenue": 385424, 
        "accumulated_operating_revenue": 385424, 
        "long_term_average": 392585, 
        "short_term_average": 395457
    }, 
    {
        "date": "2012-02-29", 
        "operating_revenue": 351367, 
        "accumulated_operating_revenue": 736791, 
        "long_term_average": 385716, 
        "short_term_average": 392172
    }, 
    {
        "date": "2012-03-31", 
        "operating_revenue": 581002, 
        "accumulated_operating_revenue": 1317793, 
        "long_term_average": 413614, 
        "short_term_average": 439264
    }, 
    {
        "date": "2012-04-30", 
        "operating_revenue": 439194, 
        "accumulated_operating_revenue": 1756987, 
        "long_term_average": 416811, 
        "short_term_average": 457187
    }, 
    {
        "date": "2012-05-31", 
        "operating_revenue": 488329, 
        "accumulated_operating_revenue": 2245316, 
        "long_term_average": 424757, 
        "short_term_average": 502841
    }, 
    {
        "date": "2012-06-30", 
        "operating_revenue": 530691, 
        "accumulated_operating_revenue": 2776007, 
        "long_term_average": 435351, 
        "short_term_average": 486071
    }, 
    {
        "date": "2012-07-31", 
        "operating_revenue": 458823, 
        "accumulated_operating_revenue": 3234830, 
        "long_term_average": 437485, 
        "short_term_average": 492614
    }, 
    {
        "date": "2012-08-31", 
        "operating_revenue": 490523, 
        "accumulated_operating_revenue": 3725353, 
        "long_term_average": 441904, 
        "short_term_average": 493345
    }, 
    {
        "accumulated_operating_revenue_yoy": 972.7259127815206, 
        "accumulated_operating_revenue": 4159130, 
        "long_term_average": 445743, 
        "date": "2012-09-30", 
        "operating_revenue": 433777, 
        "short_term_average": 461041
    }, 
    {
        "accumulated_operating_revenue_yoy": 493.89612597159766, 
        "accumulated_operating_revenue": 4611936, 
        "long_term_average": 451073, 
        "date": "2012-10-31", 
        "operating_revenue": 452806, 
        "short_term_average": 459035
    }, 
    {
        "accumulated_operating_revenue_yoy": 347.769997512698, 
        "accumulated_operating_revenue": 5094633, 
        "long_term_average": 461196, 
        "date": "2012-11-30", 
        "operating_revenue": 482697, 
        "short_term_average": 456426
    }, 
    {
        "accumulated_operating_revenue_yoy": 254.70239397022513, 
        "accumulated_operating_revenue": 5595448, 
        "long_term_average": 466287, 
        "date": "2012-12-31", 
        "operating_revenue": 500815, 
        "short_term_average": 478772
    }, 
    {
        "accumulated_operating_revenue_yoy": 23.292789239902028, 
        "accumulated_operating_revenue": 475200, 
        "long_term_average": 473768, 
        "date": "2013-01-31", 
        "operating_revenue": 475200, 
        "short_term_average": 486237
    }, 
    {
        "accumulated_operating_revenue_yoy": 9.029290531507577, 
        "accumulated_operating_revenue": 803318, 
        "long_term_average": 471831, 
        "date": "2013-02-28", 
        "operating_revenue": 328118, 
        "short_term_average": 434711
    }, 
    {
        "accumulated_operating_revenue_yoy": 2.5376519681012115, 
        "accumulated_operating_revenue": 1351234, 
        "long_term_average": 469074, 
        "date": "2013-03-31", 
        "operating_revenue": 547916, 
        "short_term_average": 450411
    }, 
    {
        "accumulated_operating_revenue_yoy": 10.238778089991559, 
        "accumulated_operating_revenue": 1936881, 
        "long_term_average": 481278, 
        "date": "2013-04-30", 
        "operating_revenue": 585647, 
        "short_term_average": 487227
    }, 
    {
        "accumulated_operating_revenue_yoy": 14.221027240709102, 
        "accumulated_operating_revenue": 2564623, 
        "long_term_average": 492896, 
        "date": "2013-05-31", 
        "operating_revenue": 627742, 
        "short_term_average": 587101
    }, 
    {
        "accumulated_operating_revenue_yoy": 14.108573933711263, 
        "accumulated_operating_revenue": 3167662, 
        "long_term_average": 498925, 
        "date": "2013-06-30", 
        "operating_revenue": 603039, 
        "short_term_average": 605476
    }, 
    {
        "accumulated_operating_revenue_yoy": 16.643409390910804, 
        "accumulated_operating_revenue": 3773216, 
        "long_term_average": 511152, 
        "date": "2013-07-31", 
        "operating_revenue": 605554, 
        "short_term_average": 612111
    }, 
    {
        "accumulated_operating_revenue_yoy": 16.188720907790483, 
        "accumulated_operating_revenue": 4328440, 
        "long_term_average": 516544, 
        "date": "2013-08-31", 
        "operating_revenue": 555224, 
        "short_term_average": 587939
    }, 
    {
        "accumulated_operating_revenue_yoy": 17.279815730693677, 
        "accumulated_operating_revenue": 4877820, 
        "long_term_average": 526178, 
        "date": "2013-09-30", 
        "operating_revenue": 549380, 
        "short_term_average": 570052
    }, 
    {
        "accumulated_operating_revenue_yoy": 17.802827272538043, 
        "accumulated_operating_revenue": 5432991, 
        "long_term_average": 534708, 
        "date": "2013-10-31", 
        "operating_revenue": 555171, 
        "short_term_average": 553258
    }, 
    {
        "accumulated_operating_revenue_yoy": 17.12561042179093, 
        "accumulated_operating_revenue": 5967120, 
        "long_term_average": 538994, 
        "date": "2013-11-30", 
        "operating_revenue": 534129, 
        "short_term_average": 546226
    }, 
    {
        "accumulated_operating_revenue_yoy": 15.805454719622091, 
        "accumulated_operating_revenue": 6479834, 
        "long_term_average": 539986, 
        "date": "2013-12-31", 
        "operating_revenue": 512714, 
        "short_term_average": 534004
    }, 
    {
        "accumulated_operating_revenue_yoy": 15.365951178451178, 
        "accumulated_operating_revenue": 548219, 
        "long_term_average": 546071, 
        "date": "2014-01-31", 
        "operating_revenue": 548219, 
        "short_term_average": 531687
    }, 
    {
        "accumulated_operating_revenue_yoy": 27.78102818560022, 
        "accumulated_operating_revenue": 1026488, 
        "long_term_average": 558583, 
        "date": "2014-02-28", 
        "operating_revenue": 478269, 
        "short_term_average": 513067
    }, 
    {
        "accumulated_operating_revenue_yoy": 23.540630268332503, 
        "accumulated_operating_revenue": 1669323, 
        "long_term_average": 566493, 
        "date": "2014-03-31", 
        "operating_revenue": 642835, 
        "short_term_average": 556441
    }, 
    {
        "accumulated_operating_revenue_yoy": 22.808835442136093, 
        "accumulated_operating_revenue": 2378661, 
        "long_term_average": 576801, 
        "date": "2014-04-30", 
        "operating_revenue": 709338, 
        "short_term_average": 610147
    }, 
    {
        "accumulated_operating_revenue_yoy": 23.791255088954593, 
        "accumulated_operating_revenue": 3174779, 
        "long_term_average": 590832, 
        "date": "2014-05-31", 
        "operating_revenue": 796118, 
        "short_term_average": 716097
    }, 
    {
        "accumulated_operating_revenue_yoy": 23.885060969257452, 
        "accumulated_operating_revenue": 3924260, 
        "long_term_average": 603036, 
        "date": "2014-06-30", 
        "operating_revenue": 749481, 
        "short_term_average": 751645
    }, 
    {
        "accumulated_operating_revenue_yoy": 21.63843787368653, 
        "accumulated_operating_revenue": 4589681, 
        "long_term_average": 608024, 
        "date": "2014-07-31", 
        "operating_revenue": 665421, 
        "short_term_average": 737006
    }, 
    {
        "accumulated_operating_revenue_yoy": 22.266012697415235, 
        "accumulated_operating_revenue": 5292211, 
        "long_term_average": 620300, 
        "date": "2014-08-31", 
        "operating_revenue": 702530, 
        "short_term_average": 705810
    }, 
    {
        "accumulated_operating_revenue_yoy": 22.227982992402342, 
        "accumulated_operating_revenue": 5962061, 
        "long_term_average": 630339, 
        "date": "2014-09-30", 
        "operating_revenue": 669850, 
        "short_term_average": 679267
    }, 
    {
        "accumulated_operating_revenue_yoy": 21.91148485245052, 
        "accumulated_operating_revenue": 6623440, 
        "long_term_average": 639190, 
        "date": "2014-10-31", 
        "operating_revenue": 661379, 
        "short_term_average": 677919
    }, 
    {
        "accumulated_operating_revenue_yoy": 22.146998887235384, 
        "accumulated_operating_revenue": 7288658, 
        "long_term_average": 650114, 
        "date": "2014-11-30", 
        "operating_revenue": 665218, 
        "short_term_average": 665482
    }, 
    {
        "accumulated_operating_revenue_yoy": 24.189971533221375, 
        "accumulated_operating_revenue": 8047304, 
        "long_term_average": 670608, 
        "date": "2014-12-31", 
        "operating_revenue": 758646, 
        "short_term_average": 695081
    }, 
    {
        "accumulated_operating_revenue_yoy": 41.349533671762565, 
        "accumulated_operating_revenue": 774905, 
        "long_term_average": 689499, 
        "date": "2015-01-31", 
        "operating_revenue": 774905, 
        "short_term_average": 732923
    }, 
    {
        "accumulated_operating_revenue_yoy": 38.41106764034261, 
        "accumulated_operating_revenue": 1420773, 
        "long_term_average": 703465, 
        "date": "2015-02-28", 
        "operating_revenue": 645868, 
        "short_term_average": 726473
    }, 
    {
        "accumulated_operating_revenue_yoy": 30.842083886701378, 
        "accumulated_operating_revenue": 2184177, 
        "long_term_average": 713513, 
        "date": "2015-03-31", 
        "operating_revenue": 763404, 
        "short_term_average": 728059
    }, 
    {
        "accumulated_operating_revenue_yoy": 30.436451432129253, 
        "accumulated_operating_revenue": 3102641, 
        "long_term_average": 730940, 
        "date": "2015-04-30", 
        "operating_revenue": 918464, 
        "short_term_average": 775912
    }, 
    {
        "accumulated_operating_revenue_yoy": 19.328841472115066, 
        "accumulated_operating_revenue": 3788427, 
        "long_term_average": 721746, 
        "date": "2015-05-31", 
        "operating_revenue": 685786, 
        "short_term_average": 789218
    }, 
    {
        "accumulated_operating_revenue_yoy": 16.65587907019413, 
        "accumulated_operating_revenue": 4577880, 
        "long_term_average": 725077, 
        "date": "2015-06-30", 
        "operating_revenue": 789453, 
        "short_term_average": 797901
    }, 
    {
        "accumulated_operating_revenue_yoy": 17.124109496934537, 
        "accumulated_operating_revenue": 5375623, 
        "long_term_average": 736103, 
        "date": "2015-07-31", 
        "operating_revenue": 797743, 
        "short_term_average": 757660
    }, 
    {
        "accumulated_operating_revenue_yoy": 16.474380934547018, 
        "accumulated_operating_revenue": 6164070, 
        "long_term_average": 743263, 
        "date": "2015-08-31", 
        "operating_revenue": 788447, 
        "short_term_average": 791881
    }
]