[
    {
        "date": "2011-09-30", 
        "operating_revenue": 166791, 
        "accumulated_operating_revenue": 166791, 
        "long_term_average": 166791, 
        "short_term_average": 166791
    }, 
    {
        "date": "2011-10-31", 
        "operating_revenue": 181687, 
        "accumulated_operating_revenue": 348478, 
        "long_term_average": 174239, 
        "short_term_average": 174239
    }, 
    {
        "date": "2011-11-30", 
        "operating_revenue": 181535, 
        "accumulated_operating_revenue": 530013, 
        "long_term_average": 176671, 
        "short_term_average": 176671
    }, 
    {
        "date": "2011-12-31", 
        "operating_revenue": 177867, 
        "accumulated_operating_revenue": 707880, 
        "long_term_average": 176970, 
        "short_term_average": 180363
    }, 
    {
        "date": "2012-01-31", 
        "operating_revenue": 152642, 
        "accumulated_operating_revenue": 152642, 
        "long_term_average": 172104, 
        "short_term_average": 170681
    }, 
    {
        "date": "2012-02-29", 
        "operating_revenue": 185119, 
        "accumulated_operating_revenue": 337761, 
        "long_term_average": 174273, 
        "short_term_average": 171876
    }, 
    {
        "date": "2012-03-31", 
        "operating_revenue": 228943, 
        "accumulated_operating_revenue": 566704, 
        "long_term_average": 182083, 
        "short_term_average": 188901
    }, 
    {
        "date": "2012-04-30", 
        "operating_revenue": 211053, 
        "accumulated_operating_revenue": 777757, 
        "long_term_average": 185704, 
        "short_term_average": 208371
    }, 
    {
        "date": "2012-05-31", 
        "operating_revenue": 220637, 
        "accumulated_operating_revenue": 998394, 
        "long_term_average": 189586, 
        "short_term_average": 220211
    }, 
    {
        "date": "2012-06-30", 
        "operating_revenue": 214235, 
        "accumulated_operating_revenue": 1212629, 
        "long_term_average": 192050, 
        "short_term_average": 215308
    }, 
    {
        "date": "2012-07-31", 
        "operating_revenue": 221320, 
        "accumulated_operating_revenue": 1433949, 
        "long_term_average": 194711, 
        "short_term_average": 218730
    }, 
    {
        "date": "2012-08-31", 
        "operating_revenue": 203131, 
        "accumulated_operating_revenue": 1637080, 
        "long_term_average": 195413, 
        "short_term_average": 212895
    }, 
    {
        "accumulated_operating_revenue_yoy": 999.2091899443017, 
        "accumulated_operating_revenue": 1833382, 
        "long_term_average": 197872, 
        "date": "2012-09-30", 
        "operating_revenue": 196302, 
        "short_term_average": 206917
    }, 
    {
        "accumulated_operating_revenue_yoy": 476.90184172315037, 
        "accumulated_operating_revenue": 2010376, 
        "long_term_average": 197481, 
        "date": "2012-10-31", 
        "operating_revenue": 176994, 
        "short_term_average": 192142
    }, 
    {
        "accumulated_operating_revenue_yoy": 306.2160739453561, 
        "accumulated_operating_revenue": 2152998, 
        "long_term_average": 194238, 
        "date": "2012-11-30", 
        "operating_revenue": 142622, 
        "short_term_average": 171972
    }, 
    {
        "accumulated_operating_revenue_yoy": 223.74540882635478, 
        "accumulated_operating_revenue": 2291729, 
        "long_term_average": 190977, 
        "date": "2012-12-31", 
        "operating_revenue": 138731, 
        "short_term_average": 152782
    }, 
    {
        "accumulated_operating_revenue_yoy": -4.7260911151583445, 
        "accumulated_operating_revenue": 145428, 
        "long_term_average": 190376, 
        "date": "2013-01-31", 
        "operating_revenue": 145428, 
        "short_term_average": 142260
    }, 
    {
        "accumulated_operating_revenue_yoy": -34.01665674841085, 
        "accumulated_operating_revenue": 222866, 
        "long_term_average": 181402, 
        "date": "2013-02-28", 
        "operating_revenue": 77438, 
        "short_term_average": 120532
    }, 
    {
        "accumulated_operating_revenue_yoy": -36.028861627939804, 
        "accumulated_operating_revenue": 362527, 
        "long_term_average": 173962, 
        "date": "2013-03-31", 
        "operating_revenue": 139661, 
        "short_term_average": 120842
    }, 
    {
        "accumulated_operating_revenue_yoy": -33.424321478302346, 
        "accumulated_operating_revenue": 517797, 
        "long_term_average": 169314, 
        "date": "2013-04-30", 
        "operating_revenue": 155270, 
        "short_term_average": 124123
    }, 
    {
        "accumulated_operating_revenue_yoy": -34.17488486509334, 
        "accumulated_operating_revenue": 657194, 
        "long_term_average": 162544, 
        "date": "2013-05-31", 
        "operating_revenue": 139397, 
        "short_term_average": 144776
    }, 
    {
        "accumulated_operating_revenue_yoy": -33.675674917885026, 
        "accumulated_operating_revenue": 804268, 
        "long_term_average": 156947, 
        "date": "2013-06-30", 
        "operating_revenue": 147074, 
        "short_term_average": 147247
    }, 
    {
        "accumulated_operating_revenue_yoy": -33.23047053974723, 
        "accumulated_operating_revenue": 957441, 
        "long_term_average": 151268, 
        "date": "2013-07-31", 
        "operating_revenue": 153173, 
        "short_term_average": 146548
    }, 
    {
        "accumulated_operating_revenue_yoy": -33.17253891074352, 
        "accumulated_operating_revenue": 1094019, 
        "long_term_average": 145722, 
        "date": "2013-08-31", 
        "operating_revenue": 136578, 
        "short_term_average": 145608
    }, 
    {
        "accumulated_operating_revenue_yoy": -32.68953224150777, 
        "accumulated_operating_revenue": 1234058, 
        "long_term_average": 141033, 
        "date": "2013-09-30", 
        "operating_revenue": 140039, 
        "short_term_average": 143263
    }, 
    {
        "accumulated_operating_revenue_yoy": -30.66336844450988, 
        "accumulated_operating_revenue": 1393927, 
        "long_term_average": 139606, 
        "date": "2013-10-31", 
        "operating_revenue": 159869, 
        "short_term_average": 145495
    }, 
    {
        "accumulated_operating_revenue_yoy": -27.995845792703943, 
        "accumulated_operating_revenue": 1550248, 
        "long_term_average": 140748, 
        "date": "2013-11-30", 
        "operating_revenue": 156321, 
        "short_term_average": 152076
    }, 
    {
        "accumulated_operating_revenue_yoy": -25.77599707469775, 
        "accumulated_operating_revenue": 1701013, 
        "long_term_average": 141751, 
        "date": "2013-12-31", 
        "operating_revenue": 150765, 
        "short_term_average": 155651
    }, 
    {
        "accumulated_operating_revenue_yoy": 7.2131914074318555, 
        "accumulated_operating_revenue": 155918, 
        "long_term_average": 142625, 
        "date": "2014-01-31", 
        "operating_revenue": 155918, 
        "short_term_average": 154334
    }, 
    {
        "accumulated_operating_revenue_yoy": 20.147083897947645, 
        "accumulated_operating_revenue": 267767, 
        "long_term_average": 145492, 
        "date": "2014-02-28", 
        "operating_revenue": 111849, 
        "short_term_average": 139510
    }, 
    {
        "accumulated_operating_revenue_yoy": 23.760988836693542, 
        "accumulated_operating_revenue": 448667, 
        "long_term_average": 148929, 
        "date": "2014-03-31", 
        "operating_revenue": 180900, 
        "short_term_average": 149555
    }, 
    {
        "accumulated_operating_revenue_yoy": 24.065029345477086, 
        "accumulated_operating_revenue": 642405, 
        "long_term_average": 152135, 
        "date": "2014-04-30", 
        "operating_revenue": 193738, 
        "short_term_average": 162162
    }, 
    {
        "accumulated_operating_revenue_yoy": 27.00770244402718, 
        "accumulated_operating_revenue": 834687, 
        "long_term_average": 156542, 
        "date": "2014-05-31", 
        "operating_revenue": 192282, 
        "short_term_average": 188973
    }, 
    {
        "accumulated_operating_revenue_yoy": 25.75546956984488, 
        "accumulated_operating_revenue": 1011411, 
        "long_term_average": 159013, 
        "date": "2014-06-30", 
        "operating_revenue": 176724, 
        "short_term_average": 187581
    }, 
    {
        "accumulated_operating_revenue_yoy": 24.177260008710718, 
        "accumulated_operating_revenue": 1188924, 
        "long_term_average": 161041, 
        "date": "2014-07-31", 
        "operating_revenue": 177513, 
        "short_term_average": 182173
    }, 
    {
        "accumulated_operating_revenue_yoy": 24.93832374026411, 
        "accumulated_operating_revenue": 1366849, 
        "long_term_average": 164486, 
        "date": "2014-08-31", 
        "operating_revenue": 177925, 
        "short_term_average": 177387
    }, 
    {
        "accumulated_operating_revenue_yoy": 26.507263029776556, 
        "accumulated_operating_revenue": 1561173, 
        "long_term_average": 169010, 
        "date": "2014-09-30", 
        "operating_revenue": 194324, 
        "short_term_average": 183254
    }, 
    {
        "accumulated_operating_revenue_yoy": 25.929837071812223, 
        "accumulated_operating_revenue": 1755370, 
        "long_term_average": 171871, 
        "date": "2014-10-31", 
        "operating_revenue": 194197, 
        "short_term_average": 188815
    }, 
    {
        "accumulated_operating_revenue_yoy": 24.942460819172158, 
        "accumulated_operating_revenue": 1936918, 
        "long_term_average": 173973, 
        "date": "2014-11-30", 
        "operating_revenue": 181548, 
        "short_term_average": 190023
    }, 
    {
        "accumulated_operating_revenue_yoy": 23.69787885218984, 
        "accumulated_operating_revenue": 2104117, 
        "long_term_average": 175343, 
        "date": "2014-12-31", 
        "operating_revenue": 167199, 
        "short_term_average": 180981
    }, 
    {
        "accumulated_operating_revenue_yoy": 21.78965866673508, 
        "accumulated_operating_revenue": 189892, 
        "long_term_average": 178174, 
        "date": "2015-01-31", 
        "operating_revenue": 189892, 
        "short_term_average": 179546
    }, 
    {
        "accumulated_operating_revenue_yoy": 11.104056885277124, 
        "accumulated_operating_revenue": 297500, 
        "long_term_average": 177820, 
        "date": "2015-02-28", 
        "operating_revenue": 107608, 
        "short_term_average": 154899
    }, 
    {
        "accumulated_operating_revenue_yoy": 1.3930153097954607, 
        "accumulated_operating_revenue": 454917, 
        "long_term_average": 175863, 
        "date": "2015-03-31", 
        "operating_revenue": 157417, 
        "short_term_average": 151639
    }, 
    {
        "accumulated_operating_revenue_yoy": -5.372000529261136, 
        "accumulated_operating_revenue": 607895, 
        "long_term_average": 172467, 
        "date": "2015-04-30", 
        "operating_revenue": 152978, 
        "short_term_average": 139334
    }, 
    {
        "accumulated_operating_revenue_yoy": -9.105449108468203, 
        "accumulated_operating_revenue": 758685, 
        "long_term_average": 169009, 
        "date": "2015-05-31", 
        "operating_revenue": 150790, 
        "short_term_average": 153728
    }, 
    {
        "accumulated_operating_revenue_yoy": -9.49871021770576, 
        "accumulated_operating_revenue": 915340, 
        "long_term_average": 167337, 
        "date": "2015-06-30", 
        "operating_revenue": 156655, 
        "short_term_average": 153474
    }, 
    {
        "accumulated_operating_revenue_yoy": -9.772533820496516, 
        "accumulated_operating_revenue": 1072736, 
        "long_term_average": 165660, 
        "date": "2015-07-31", 
        "operating_revenue": 157396, 
        "short_term_average": 154947
    }, 
    {
        "accumulated_operating_revenue_yoy": -9.21264894659176, 
        "accumulated_operating_revenue": 1240926, 
        "long_term_average": 164849, 
        "date": "2015-08-31", 
        "operating_revenue": 168190, 
        "short_term_average": 160747
    }
]