[
    {
        "date": "2012-01-31", 
        "operating_revenue": 228868, 
        "accumulated_operating_revenue": 228868, 
        "long_term_average": 228868, 
        "short_term_average": 228868
    }, 
    {
        "date": "2012-02-29", 
        "operating_revenue": 263918, 
        "accumulated_operating_revenue": 492786, 
        "long_term_average": 246393, 
        "short_term_average": 246393
    }, 
    {
        "date": "2012-03-31", 
        "operating_revenue": 334367, 
        "accumulated_operating_revenue": 827153, 
        "long_term_average": 275717, 
        "short_term_average": 275717
    }, 
    {
        "date": "2012-04-30", 
        "operating_revenue": 303269, 
        "accumulated_operating_revenue": 1130422, 
        "long_term_average": 282605, 
        "short_term_average": 300518
    }, 
    {
        "date": "2012-05-31", 
        "operating_revenue": 282942, 
        "accumulated_operating_revenue": 1413364, 
        "long_term_average": 282672, 
        "short_term_average": 306859
    }, 
    {
        "date": "2012-06-30", 
        "operating_revenue": 287225, 
        "accumulated_operating_revenue": 1700589, 
        "long_term_average": 283431, 
        "short_term_average": 291145
    }, 
    {
        "date": "2012-07-31", 
        "operating_revenue": 338440, 
        "accumulated_operating_revenue": 2039029, 
        "long_term_average": 291289, 
        "short_term_average": 302869
    }, 
    {
        "date": "2012-08-31", 
        "operating_revenue": 377431, 
        "accumulated_operating_revenue": 2416460, 
        "long_term_average": 302057, 
        "short_term_average": 334365
    }, 
    {
        "date": "2012-09-30", 
        "operating_revenue": 351120, 
        "accumulated_operating_revenue": 2767580, 
        "long_term_average": 307508, 
        "short_term_average": 355663
    }, 
    {
        "date": "2012-10-31", 
        "operating_revenue": 395554, 
        "accumulated_operating_revenue": 3163134, 
        "long_term_average": 316313, 
        "short_term_average": 374701
    }, 
    {
        "date": "2012-11-30", 
        "operating_revenue": 308163, 
        "accumulated_operating_revenue": 3471297, 
        "long_term_average": 315572, 
        "short_term_average": 351612
    }, 
    {
        "date": "2012-12-31", 
        "operating_revenue": 299441, 
        "accumulated_operating_revenue": 3770738, 
        "long_term_average": 314228, 
        "short_term_average": 334386
    }, 
    {
        "accumulated_operating_revenue_yoy": 44.36662180820385, 
        "accumulated_operating_revenue": 330409, 
        "long_term_average": 322689, 
        "date": "2013-01-31", 
        "operating_revenue": 330409, 
        "short_term_average": 312671
    }, 
    {
        "accumulated_operating_revenue_yoy": 11.940477205115405, 
        "accumulated_operating_revenue": 551627, 
        "long_term_average": 319131, 
        "date": "2013-02-28", 
        "operating_revenue": 221218, 
        "short_term_average": 283689
    }, 
    {
        "accumulated_operating_revenue_yoy": 5.8831921059344525, 
        "accumulated_operating_revenue": 875816, 
        "long_term_average": 318283, 
        "date": "2013-03-31", 
        "operating_revenue": 324189, 
        "short_term_average": 291938
    }, 
    {
        "accumulated_operating_revenue_yoy": 8.535131128021217, 
        "accumulated_operating_revenue": 1226905, 
        "long_term_average": 322268, 
        "date": "2013-04-30", 
        "operating_revenue": 351089, 
        "short_term_average": 298832
    }, 
    {
        "accumulated_operating_revenue_yoy": 15.744068760772173, 
        "accumulated_operating_revenue": 1635885, 
        "long_term_average": 332771, 
        "date": "2013-05-31", 
        "operating_revenue": 408980, 
        "short_term_average": 361419
    }, 
    {
        "accumulated_operating_revenue_yoy": 18.02987082710755, 
        "accumulated_operating_revenue": 2007203, 
        "long_term_average": 339779, 
        "date": "2013-06-30", 
        "operating_revenue": 371318, 
        "short_term_average": 377129
    }, 
    {
        "accumulated_operating_revenue_yoy": 18.492331398915855, 
        "accumulated_operating_revenue": 2416093, 
        "long_term_average": 345650, 
        "date": "2013-07-31", 
        "operating_revenue": 408890, 
        "short_term_average": 396396
    }, 
    {
        "accumulated_operating_revenue_yoy": 17.257599960272465, 
        "accumulated_operating_revenue": 2833483, 
        "long_term_average": 348980, 
        "date": "2013-08-31", 
        "operating_revenue": 417390, 
        "short_term_average": 399199
    }, 
    {
        "accumulated_operating_revenue_yoy": 17.217135548023904, 
        "accumulated_operating_revenue": 3244078, 
        "long_term_average": 353936, 
        "date": "2013-09-30", 
        "operating_revenue": 410595, 
        "short_term_average": 412291
    }, 
    {
        "accumulated_operating_revenue_yoy": 17.352031244961484, 
        "accumulated_operating_revenue": 3712002, 
        "long_term_average": 359967, 
        "date": "2013-10-31", 
        "operating_revenue": 467924, 
        "short_term_average": 431969
    }, 
    {
        "accumulated_operating_revenue_yoy": 20.259459216540677, 
        "accumulated_operating_revenue": 4174563, 
        "long_term_average": 372833, 
        "date": "2013-11-30", 
        "operating_revenue": 462561, 
        "short_term_average": 447026
    }, 
    {
        "accumulated_operating_revenue_yoy": 23.955310604979715, 
        "accumulated_operating_revenue": 4674030, 
        "long_term_average": 389502, 
        "date": "2013-12-31", 
        "operating_revenue": 499467, 
        "short_term_average": 476650
    }, 
    {
        "accumulated_operating_revenue_yoy": 0.0048424831042737934, 
        "accumulated_operating_revenue": 330425, 
        "long_term_average": 389503, 
        "date": "2014-01-31", 
        "operating_revenue": 330425, 
        "short_term_average": 430817
    }, 
    {
        "accumulated_operating_revenue_yoy": 19.95932033783698, 
        "accumulated_operating_revenue": 661728, 
        "long_term_average": 398677, 
        "date": "2014-02-28", 
        "operating_revenue": 331303, 
        "short_term_average": 387065
    }, 
    {
        "accumulated_operating_revenue_yoy": 36.1567954912904, 
        "accumulated_operating_revenue": 1192483, 
        "long_term_average": 415891, 
        "date": "2014-03-31", 
        "operating_revenue": 530755, 
        "short_term_average": 397494
    }, 
    {
        "accumulated_operating_revenue_yoy": 44.89573357350406, 
        "accumulated_operating_revenue": 1777733, 
        "long_term_average": 435404, 
        "date": "2014-04-30", 
        "operating_revenue": 585250, 
        "short_term_average": 482436
    }, 
    {
        "accumulated_operating_revenue_yoy": 46.2491556558071, 
        "accumulated_operating_revenue": 2392468, 
        "long_term_average": 452551, 
        "date": "2014-05-31", 
        "operating_revenue": 614735, 
        "short_term_average": 576913
    }, 
    {
        "accumulated_operating_revenue_yoy": 46.72566750846825, 
        "accumulated_operating_revenue": 2945082, 
        "long_term_average": 467659, 
        "date": "2014-06-30", 
        "operating_revenue": 552614, 
        "short_term_average": 584199
    }, 
    {
        "accumulated_operating_revenue_yoy": 40.9981321083253, 
        "accumulated_operating_revenue": 3406646, 
        "long_term_average": 472048, 
        "date": "2014-07-31", 
        "operating_revenue": 461564, 
        "short_term_average": 542971
    }, 
    {
        "accumulated_operating_revenue_yoy": 35.76460490498796, 
        "accumulated_operating_revenue": 3846867, 
        "long_term_average": 473951, 
        "date": "2014-08-31", 
        "operating_revenue": 440221, 
        "short_term_average": 484799
    }, 
    {
        "accumulated_operating_revenue_yoy": 34.067984801845085, 
        "accumulated_operating_revenue": 4349270, 
        "long_term_average": 481601, 
        "date": "2014-09-30", 
        "operating_revenue": 502403, 
        "short_term_average": 468062
    }, 
    {
        "accumulated_operating_revenue_yoy": 26.34114960067371, 
        "accumulated_operating_revenue": 4689786, 
        "long_term_average": 470984, 
        "date": "2014-10-31", 
        "operating_revenue": 340516, 
        "short_term_average": 427713
    }, 
    {
        "accumulated_operating_revenue_yoy": 18.726511014446302, 
        "accumulated_operating_revenue": 4956313, 
        "long_term_average": 454648, 
        "date": "2014-11-30", 
        "operating_revenue": 266527, 
        "short_term_average": 369815
    }, 
    {
        "accumulated_operating_revenue_yoy": 16.224200529307687, 
        "accumulated_operating_revenue": 5432354, 
        "long_term_average": 452696, 
        "date": "2014-12-31", 
        "operating_revenue": 476041, 
        "short_term_average": 361028
    }, 
    {
        "accumulated_operating_revenue_yoy": 0.3425890898085798, 
        "accumulated_operating_revenue": 331557, 
        "long_term_average": 452790, 
        "date": "2015-01-31", 
        "operating_revenue": 331557, 
        "short_term_average": 358041
    }, 
    {
        "accumulated_operating_revenue_yoy": -2.0500870448280866, 
        "accumulated_operating_revenue": 648162, 
        "long_term_average": 451565, 
        "date": "2015-02-28", 
        "operating_revenue": 316605, 
        "short_term_average": 374734
    }, 
    {
        "accumulated_operating_revenue_yoy": -11.81844940347158, 
        "accumulated_operating_revenue": 1051550, 
        "long_term_average": 440951, 
        "date": "2015-03-31", 
        "operating_revenue": 403388, 
        "short_term_average": 350516
    }, 
    {
        "accumulated_operating_revenue_yoy": -17.773253913832953, 
        "accumulated_operating_revenue": 1461772, 
        "long_term_average": 426366, 
        "date": "2015-04-30", 
        "operating_revenue": 410222, 
        "short_term_average": 376738
    }, 
    {
        "accumulated_operating_revenue_yoy": -24.829172218813376, 
        "accumulated_operating_revenue": 1798438, 
        "long_term_average": 403193, 
        "date": "2015-05-31", 
        "operating_revenue": 336666, 
        "short_term_average": 383425
    }, 
    {
        "accumulated_operating_revenue_yoy": -27.760211769994857, 
        "accumulated_operating_revenue": 2127521, 
        "long_term_average": 384566, 
        "date": "2015-06-30", 
        "operating_revenue": 329083, 
        "short_term_average": 358657
    }, 
    {
        "accumulated_operating_revenue_yoy": -26.41269448014264, 
        "accumulated_operating_revenue": 2506859, 
        "long_term_average": 377713, 
        "date": "2015-07-31", 
        "operating_revenue": 379338, 
        "short_term_average": 348362
    }, 
    {
        "accumulated_operating_revenue_yoy": -23.071164144744284, 
        "accumulated_operating_revenue": 2959350, 
        "long_term_average": 378736, 
        "date": "2015-08-31", 
        "operating_revenue": 452491, 
        "short_term_average": 386970
    }, 
    {
        "accumulated_operating_revenue_yoy": -23.975563715290154, 
        "accumulated_operating_revenue": 3306508, 
        "long_term_average": 365799, 
        "date": "2015-09-30", 
        "operating_revenue": 347158, 
        "short_term_average": 392995
    }, 
    {
        "accumulated_operating_revenue_yoy": -23.093825603129865, 
        "accumulated_operating_revenue": 3606735, 
        "long_term_average": 362441, 
        "date": "2015-10-31", 
        "operating_revenue": 300227, 
        "short_term_average": 366625
    }
]