[
    {
        "date": "2012-01-31", 
        "operating_revenue": 31195, 
        "accumulated_operating_revenue": 31195, 
        "long_term_average": 31195, 
        "short_term_average": 31195
    }, 
    {
        "date": "2012-02-29", 
        "operating_revenue": 26138, 
        "accumulated_operating_revenue": 57333, 
        "long_term_average": 28666, 
        "short_term_average": 28666
    }, 
    {
        "date": "2012-03-31", 
        "operating_revenue": 25173, 
        "accumulated_operating_revenue": 82506, 
        "long_term_average": 27502, 
        "short_term_average": 27502
    }, 
    {
        "date": "2012-04-30", 
        "operating_revenue": 23309, 
        "accumulated_operating_revenue": 105815, 
        "long_term_average": 26453, 
        "short_term_average": 24873
    }, 
    {
        "date": "2012-05-31", 
        "operating_revenue": 26992, 
        "accumulated_operating_revenue": 132807, 
        "long_term_average": 26561, 
        "short_term_average": 25158
    }, 
    {
        "date": "2012-06-30", 
        "operating_revenue": 22790, 
        "accumulated_operating_revenue": 155597, 
        "long_term_average": 25932, 
        "short_term_average": 24363
    }, 
    {
        "date": "2012-07-31", 
        "operating_revenue": 27334, 
        "accumulated_operating_revenue": 182931, 
        "long_term_average": 26133, 
        "short_term_average": 25705
    }, 
    {
        "date": "2012-08-31", 
        "operating_revenue": 26758, 
        "accumulated_operating_revenue": 209689, 
        "long_term_average": 26211, 
        "short_term_average": 25627
    }, 
    {
        "date": "2012-09-30", 
        "operating_revenue": 23713, 
        "accumulated_operating_revenue": 233402, 
        "long_term_average": 25933, 
        "short_term_average": 25935
    }, 
    {
        "date": "2012-10-31", 
        "operating_revenue": 24139, 
        "accumulated_operating_revenue": 257541, 
        "long_term_average": 25754, 
        "short_term_average": 24870
    }, 
    {
        "date": "2012-11-30", 
        "operating_revenue": 27091, 
        "accumulated_operating_revenue": 284632, 
        "long_term_average": 25875, 
        "short_term_average": 24981
    }, 
    {
        "date": "2012-12-31", 
        "operating_revenue": 26988, 
        "accumulated_operating_revenue": 311620, 
        "long_term_average": 25968, 
        "short_term_average": 26072
    }, 
    {
        "accumulated_operating_revenue_yoy": -50.84789229043116, 
        "accumulated_operating_revenue": 15333, 
        "long_term_average": 24646, 
        "date": "2013-01-31", 
        "operating_revenue": 15333, 
        "short_term_average": 23137
    }, 
    {
        "accumulated_operating_revenue_yoy": -24.054209617497776, 
        "accumulated_operating_revenue": 43542, 
        "long_term_average": 24819, 
        "date": "2013-02-28", 
        "operating_revenue": 28209, 
        "short_term_average": 23510
    }, 
    {
        "accumulated_operating_revenue_yoy": -16.0533779361501, 
        "accumulated_operating_revenue": 69261, 
        "long_term_average": 24864, 
        "date": "2013-03-31", 
        "operating_revenue": 25719, 
        "short_term_average": 23087
    }, 
    {
        "accumulated_operating_revenue_yoy": -10.090251854651987, 
        "accumulated_operating_revenue": 95138, 
        "long_term_average": 25078, 
        "date": "2013-04-30", 
        "operating_revenue": 25877, 
        "short_term_average": 26601
    }, 
    {
        "accumulated_operating_revenue_yoy": -8.88356788422297, 
        "accumulated_operating_revenue": 121009, 
        "long_term_average": 24985, 
        "date": "2013-05-31", 
        "operating_revenue": 25871, 
        "short_term_average": 25822
    }, 
    {
        "accumulated_operating_revenue_yoy": -3.1851513846667996, 
        "accumulated_operating_revenue": 150641, 
        "long_term_average": 25555, 
        "date": "2013-06-30", 
        "operating_revenue": 29632, 
        "short_term_average": 27126
    }, 
    {
        "accumulated_operating_revenue_yoy": -1.5120455253620217, 
        "accumulated_operating_revenue": 180165, 
        "long_term_average": 25737, 
        "date": "2013-07-31", 
        "operating_revenue": 29524, 
        "short_term_average": 28342
    }, 
    {
        "accumulated_operating_revenue_yoy": -0.43397603116997074, 
        "accumulated_operating_revenue": 208779, 
        "long_term_average": 25892, 
        "date": "2013-08-31", 
        "operating_revenue": 28614, 
        "short_term_average": 29256
    }, 
    {
        "accumulated_operating_revenue_yoy": 2.3487373715735083, 
        "accumulated_operating_revenue": 238884, 
        "long_term_average": 26425, 
        "date": "2013-09-30", 
        "operating_revenue": 30105, 
        "short_term_average": 29414
    }, 
    {
        "accumulated_operating_revenue_yoy": 3.0076764476335804, 
        "accumulated_operating_revenue": 265287, 
        "long_term_average": 26613, 
        "date": "2013-10-31", 
        "operating_revenue": 26403, 
        "short_term_average": 28374
    }, 
    {
        "accumulated_operating_revenue_yoy": 3.04498440091065, 
        "accumulated_operating_revenue": 293299, 
        "long_term_average": 26690, 
        "date": "2013-11-30", 
        "operating_revenue": 28012, 
        "short_term_average": 28173
    }, 
    {
        "accumulated_operating_revenue_yoy": 5.5542006289711825, 
        "accumulated_operating_revenue": 328928, 
        "long_term_average": 27410, 
        "date": "2013-12-31", 
        "operating_revenue": 35629, 
        "short_term_average": 30014
    }, 
    {
        "accumulated_operating_revenue_yoy": 108.76540794365096, 
        "accumulated_operating_revenue": 32010, 
        "long_term_average": 28800, 
        "date": "2014-01-31", 
        "operating_revenue": 32010, 
        "short_term_average": 31883
    }, 
    {
        "accumulated_operating_revenue_yoy": 19.51219512195122, 
        "accumulated_operating_revenue": 52038, 
        "long_term_average": 28118, 
        "date": "2014-02-28", 
        "operating_revenue": 20028, 
        "short_term_average": 29222
    }, 
    {
        "accumulated_operating_revenue_yoy": 3.329435035590014, 
        "accumulated_operating_revenue": 71567, 
        "long_term_average": 27602, 
        "date": "2014-03-31", 
        "operating_revenue": 19529, 
        "short_term_average": 23855
    }, 
    {
        "accumulated_operating_revenue_yoy": -3.5695515987302655, 
        "accumulated_operating_revenue": 91742, 
        "long_term_average": 27127, 
        "date": "2014-04-30", 
        "operating_revenue": 20175, 
        "short_term_average": 19910
    }, 
    {
        "accumulated_operating_revenue_yoy": -9.48359212951103, 
        "accumulated_operating_revenue": 109533, 
        "long_term_average": 26454, 
        "date": "2014-05-31", 
        "operating_revenue": 17791, 
        "short_term_average": 19165
    }, 
    {
        "accumulated_operating_revenue_yoy": -11.304359370954787, 
        "accumulated_operating_revenue": 133612, 
        "long_term_average": 25991, 
        "date": "2014-06-30", 
        "operating_revenue": 24079, 
        "short_term_average": 20681
    }, 
    {
        "accumulated_operating_revenue_yoy": -16.589792690034137, 
        "accumulated_operating_revenue": 150276, 
        "long_term_average": 24919, 
        "date": "2014-07-31", 
        "operating_revenue": 16664, 
        "short_term_average": 19511
    }, 
    {
        "accumulated_operating_revenue_yoy": -20.764061519597277, 
        "accumulated_operating_revenue": 165428, 
        "long_term_average": 23798, 
        "date": "2014-08-31", 
        "operating_revenue": 15152, 
        "short_term_average": 18631
    }, 
    {
        "accumulated_operating_revenue_yoy": -24.618224745064552, 
        "accumulated_operating_revenue": 180075, 
        "long_term_average": 22509, 
        "date": "2014-09-30", 
        "operating_revenue": 14647, 
        "short_term_average": 15487
    }, 
    {
        "accumulated_operating_revenue_yoy": -26.743489126870145, 
        "accumulated_operating_revenue": 194340, 
        "long_term_average": 21498, 
        "date": "2014-10-31", 
        "operating_revenue": 14265, 
        "short_term_average": 14688
    }, 
    {
        "accumulated_operating_revenue_yoy": -28.839170948417824, 
        "accumulated_operating_revenue": 208714, 
        "long_term_average": 20361, 
        "date": "2014-11-30", 
        "operating_revenue": 14374, 
        "short_term_average": 14428
    }, 
    {
        "accumulated_operating_revenue_yoy": -30.805525829360832, 
        "accumulated_operating_revenue": 227600, 
        "long_term_average": 18966, 
        "date": "2014-12-31", 
        "operating_revenue": 18886, 
        "short_term_average": 15841
    }, 
    {
        "accumulated_operating_revenue_yoy": -37.37894407997501, 
        "accumulated_operating_revenue": 20045, 
        "long_term_average": 17969, 
        "date": "2015-01-31", 
        "operating_revenue": 20045, 
        "short_term_average": 17768
    }, 
    {
        "accumulated_operating_revenue_yoy": -37.09596833083516, 
        "accumulated_operating_revenue": 32734, 
        "long_term_average": 17358, 
        "date": "2015-02-28", 
        "operating_revenue": 12689, 
        "short_term_average": 17206
    }, 
    {
        "accumulated_operating_revenue_yoy": -24.43025416742353, 
        "accumulated_operating_revenue": 54083, 
        "long_term_average": 17509, 
        "date": "2015-03-31", 
        "operating_revenue": 21349, 
        "short_term_average": 18027
    }, 
    {
        "accumulated_operating_revenue_yoy": -29.076104728477688, 
        "accumulated_operating_revenue": 65067, 
        "long_term_average": 16743, 
        "date": "2015-04-30", 
        "operating_revenue": 10984, 
        "short_term_average": 15007
    }, 
    {
        "accumulated_operating_revenue_yoy": -28.145855586900755, 
        "accumulated_operating_revenue": 78704, 
        "long_term_average": 16397, 
        "date": "2015-05-31", 
        "operating_revenue": 13637, 
        "short_term_average": 15323
    }, 
    {
        "accumulated_operating_revenue_yoy": -32.0465227674161, 
        "accumulated_operating_revenue": 90794, 
        "long_term_average": 15398, 
        "date": "2015-06-30", 
        "operating_revenue": 12090, 
        "short_term_average": 12237
    }, 
    {
        "accumulated_operating_revenue_yoy": -31.557267960286406, 
        "accumulated_operating_revenue": 102853, 
        "long_term_average": 15014, 
        "date": "2015-07-31", 
        "operating_revenue": 12059, 
        "short_term_average": 12595
    }, 
    {
        "accumulated_operating_revenue_yoy": -30.82005464613004, 
        "accumulated_operating_revenue": 114443, 
        "long_term_average": 14717, 
        "date": "2015-08-31", 
        "operating_revenue": 11590, 
        "short_term_average": 11913
    }, 
    {
        "accumulated_operating_revenue_yoy": -24.9185061779814, 
        "accumulated_operating_revenue": 135203, 
        "long_term_average": 15227, 
        "date": "2015-09-30", 
        "operating_revenue": 20760, 
        "short_term_average": 14803
    }
]