[
    {
        "date": "2011-09-30", 
        "operating_revenue": 598463, 
        "accumulated_operating_revenue": 598463, 
        "long_term_average": 598463, 
        "short_term_average": 598463
    }, 
    {
        "date": "2011-10-31", 
        "operating_revenue": 524902, 
        "accumulated_operating_revenue": 1123365, 
        "long_term_average": 561682, 
        "short_term_average": 561682
    }, 
    {
        "date": "2011-11-30", 
        "operating_revenue": 995049, 
        "accumulated_operating_revenue": 2118414, 
        "long_term_average": 706138, 
        "short_term_average": 706138
    }, 
    {
        "date": "2011-12-31", 
        "operating_revenue": 616463, 
        "accumulated_operating_revenue": 2734877, 
        "long_term_average": 683719, 
        "short_term_average": 712138
    }, 
    {
        "date": "2012-01-31", 
        "operating_revenue": 617281, 
        "accumulated_operating_revenue": 617281, 
        "long_term_average": 670431, 
        "short_term_average": 742931
    }, 
    {
        "date": "2012-02-29", 
        "operating_revenue": 500484, 
        "accumulated_operating_revenue": 1117765, 
        "long_term_average": 642107, 
        "short_term_average": 578076
    }, 
    {
        "date": "2012-03-31", 
        "operating_revenue": 566942, 
        "accumulated_operating_revenue": 1684707, 
        "long_term_average": 631369, 
        "short_term_average": 561569
    }, 
    {
        "date": "2012-04-30", 
        "operating_revenue": 557146, 
        "accumulated_operating_revenue": 2241853, 
        "long_term_average": 622091, 
        "short_term_average": 541524
    }, 
    {
        "date": "2012-05-31", 
        "operating_revenue": 520485, 
        "accumulated_operating_revenue": 2762338, 
        "long_term_average": 610801, 
        "short_term_average": 548191
    }, 
    {
        "date": "2012-06-30", 
        "operating_revenue": 475517, 
        "accumulated_operating_revenue": 3237855, 
        "long_term_average": 597273, 
        "short_term_average": 517716
    }, 
    {
        "date": "2012-07-31", 
        "operating_revenue": 513962, 
        "accumulated_operating_revenue": 3751817, 
        "long_term_average": 589699, 
        "short_term_average": 503321
    }, 
    {
        "date": "2012-08-31", 
        "operating_revenue": 475267, 
        "accumulated_operating_revenue": 4227084, 
        "long_term_average": 580163, 
        "short_term_average": 488248
    }, 
    {
        "accumulated_operating_revenue_yoy": 679.016580807836, 
        "accumulated_operating_revenue": 4662126, 
        "long_term_average": 566545, 
        "date": "2012-09-30", 
        "operating_revenue": 435042, 
        "short_term_average": 474757
    }, 
    {
        "accumulated_operating_revenue_yoy": 354.6278369007402, 
        "accumulated_operating_revenue": 5107130, 
        "long_term_average": 559886, 
        "date": "2012-10-31", 
        "operating_revenue": 445004, 
        "short_term_average": 451771
    }, 
    {
        "accumulated_operating_revenue_yoy": 162.46512721309432, 
        "accumulated_operating_revenue": 5560098, 
        "long_term_average": 514713, 
        "date": "2012-11-30", 
        "operating_revenue": 452968, 
        "short_term_average": 444338
    }, 
    {
        "accumulated_operating_revenue_yoy": 118.1831577800391, 
        "accumulated_operating_revenue": 5967041, 
        "long_term_average": 497253, 
        "date": "2012-12-31", 
        "operating_revenue": 406943, 
        "short_term_average": 434971
    }, 
    {
        "accumulated_operating_revenue_yoy": -24.0699130541844, 
        "accumulated_operating_revenue": 468702, 
        "long_term_average": 484871, 
        "date": "2013-01-31", 
        "operating_revenue": 468702, 
        "short_term_average": 442871
    }, 
    {
        "accumulated_operating_revenue_yoy": -17.415735865767846, 
        "accumulated_operating_revenue": 923098, 
        "long_term_average": 481031, 
        "date": "2013-02-28", 
        "operating_revenue": 454396, 
        "short_term_average": 443347
    }, 
    {
        "accumulated_operating_revenue_yoy": -16.659751517622944, 
        "accumulated_operating_revenue": 1404039, 
        "long_term_average": 473864, 
        "date": "2013-03-31", 
        "operating_revenue": 480941, 
        "short_term_average": 468013
    }, 
    {
        "accumulated_operating_revenue_yoy": -15.646654798508198, 
        "accumulated_operating_revenue": 1891078, 
        "long_term_average": 468022, 
        "date": "2013-04-30", 
        "operating_revenue": 487039, 
        "short_term_average": 474125
    }, 
    {
        "accumulated_operating_revenue_yoy": -16.727243371375984, 
        "accumulated_operating_revenue": 2300275, 
        "long_term_average": 458748, 
        "date": "2013-05-31", 
        "operating_revenue": 409197, 
        "short_term_average": 459059
    }, 
    {
        "accumulated_operating_revenue_yoy": -17.545381124231938, 
        "accumulated_operating_revenue": 2669761, 
        "long_term_average": 449912, 
        "date": "2013-06-30", 
        "operating_revenue": 369486, 
        "short_term_average": 421907
    }, 
    {
        "accumulated_operating_revenue_yoy": -16.740048888311986, 
        "accumulated_operating_revenue": 3123761, 
        "long_term_average": 444915, 
        "date": "2013-07-31", 
        "operating_revenue": 454000, 
        "short_term_average": 410894
    }, 
    {
        "accumulated_operating_revenue_yoy": -16.352076277641984, 
        "accumulated_operating_revenue": 3535868, 
        "long_term_average": 439652, 
        "date": "2013-08-31", 
        "operating_revenue": 412107, 
        "short_term_average": 411864
    }, 
    {
        "accumulated_operating_revenue_yoy": -15.636364182349427, 
        "accumulated_operating_revenue": 3933139, 
        "long_term_average": 436504, 
        "date": "2013-09-30", 
        "operating_revenue": 397271, 
        "short_term_average": 421126
    }, 
    {
        "accumulated_operating_revenue_yoy": -14.981016735426747, 
        "accumulated_operating_revenue": 4342030, 
        "long_term_average": 433495, 
        "date": "2013-10-31", 
        "operating_revenue": 408891, 
        "short_term_average": 406089
    }, 
    {
        "accumulated_operating_revenue_yoy": -14.798462185378746, 
        "accumulated_operating_revenue": 4737289, 
        "long_term_average": 428686, 
        "date": "2013-11-30", 
        "operating_revenue": 395259, 
        "short_term_average": 400473
    }, 
    {
        "accumulated_operating_revenue_yoy": -14.335363205984338, 
        "accumulated_operating_revenue": 5111644, 
        "long_term_average": 425970, 
        "date": "2013-12-31", 
        "operating_revenue": 374355, 
        "short_term_average": 392835
    }, 
    {
        "accumulated_operating_revenue_yoy": 0.6076355552141872, 
        "accumulated_operating_revenue": 471550, 
        "long_term_average": 426207, 
        "date": "2014-01-31", 
        "operating_revenue": 471550, 
        "short_term_average": 413721
    }, 
    {
        "accumulated_operating_revenue_yoy": -9.40301029793153, 
        "accumulated_operating_revenue": 836299, 
        "long_term_average": 418737, 
        "date": "2014-02-28", 
        "operating_revenue": 364749, 
        "short_term_average": 403551
    }, 
    {
        "accumulated_operating_revenue_yoy": -14.461635324944677, 
        "accumulated_operating_revenue": 1200992, 
        "long_term_average": 409049, 
        "date": "2014-03-31", 
        "operating_revenue": 364693, 
        "short_term_average": 400330
    }, 
    {
        "accumulated_operating_revenue_yoy": -8.624974749851672, 
        "accumulated_operating_revenue": 1727973, 
        "long_term_average": 412378, 
        "date": "2014-04-30", 
        "operating_revenue": 526981, 
        "short_term_average": 418807
    }, 
    {
        "accumulated_operating_revenue_yoy": -6.11648607231744, 
        "accumulated_operating_revenue": 2159579, 
        "long_term_average": 414245, 
        "date": "2014-05-31", 
        "operating_revenue": 431606, 
        "short_term_average": 441093
    }, 
    {
        "accumulated_operating_revenue_yoy": -5.990011840011148, 
        "accumulated_operating_revenue": 2509842, 
        "long_term_average": 412643, 
        "date": "2014-06-30", 
        "operating_revenue": 350263, 
        "short_term_average": 436283
    }, 
    {
        "accumulated_operating_revenue_yoy": -9.602175070371901, 
        "accumulated_operating_revenue": 2823812, 
        "long_term_average": 400974, 
        "date": "2014-07-31", 
        "operating_revenue": 313970, 
        "short_term_average": 365279
    }, 
    {
        "accumulated_operating_revenue_yoy": -10.767568246325936, 
        "accumulated_operating_revenue": 3155141, 
        "long_term_average": 394243, 
        "date": "2014-08-31", 
        "operating_revenue": 331329, 
        "short_term_average": 331854
    }, 
    {
        "accumulated_operating_revenue_yoy": -10.870757428100049, 
        "accumulated_operating_revenue": 3505577, 
        "long_term_average": 390340, 
        "date": "2014-09-30", 
        "operating_revenue": 350436, 
        "short_term_average": 331911
    }, 
    {
        "accumulated_operating_revenue_yoy": -11.676082385428014, 
        "accumulated_operating_revenue": 3835051, 
        "long_term_average": 383722, 
        "date": "2014-10-31", 
        "operating_revenue": 329474, 
        "short_term_average": 337079
    }, 
    {
        "accumulated_operating_revenue_yoy": -13.138548228744332, 
        "accumulated_operating_revenue": 4114878, 
        "long_term_average": 374102, 
        "date": "2014-11-30", 
        "operating_revenue": 279827, 
        "short_term_average": 319912
    }, 
    {
        "accumulated_operating_revenue_yoy": -12.934468832336524, 
        "accumulated_operating_revenue": 4450480, 
        "long_term_average": 370873, 
        "date": "2014-12-31", 
        "operating_revenue": 335602, 
        "short_term_average": 314967
    }, 
    {
        "accumulated_operating_revenue_yoy": -31.219807019404094, 
        "accumulated_operating_revenue": 324333, 
        "long_term_average": 358605, 
        "date": "2015-01-31", 
        "operating_revenue": 324333, 
        "short_term_average": 313254
    }, 
    {
        "accumulated_operating_revenue_yoy": -21.35695486901216, 
        "accumulated_operating_revenue": 657691, 
        "long_term_average": 355989, 
        "date": "2015-02-28", 
        "operating_revenue": 333358, 
        "short_term_average": 331097
    }, 
    {
        "accumulated_operating_revenue_yoy": -17.4127721083904, 
        "accumulated_operating_revenue": 991866, 
        "long_term_average": 353446, 
        "date": "2015-03-31", 
        "operating_revenue": 334175, 
        "short_term_average": 330622
    }, 
    {
        "accumulated_operating_revenue_yoy": -26.000464127622365, 
        "accumulated_operating_revenue": 1278692, 
        "long_term_average": 333433, 
        "date": "2015-04-30", 
        "operating_revenue": 286826, 
        "short_term_average": 318119
    }, 
    {
        "accumulated_operating_revenue_yoy": -27.691415780575753, 
        "accumulated_operating_revenue": 1561561, 
        "long_term_average": 321038, 
        "date": "2015-05-31", 
        "operating_revenue": 282869, 
        "short_term_average": 301290
    }, 
    {
        "accumulated_operating_revenue_yoy": -26.874002427244427, 
        "accumulated_operating_revenue": 1835347, 
        "long_term_average": 314665, 
        "date": "2015-06-30", 
        "operating_revenue": 273786, 
        "short_term_average": 281160
    }, 
    {
        "accumulated_operating_revenue_yoy": -22.746131824639885, 
        "accumulated_operating_revenue": 2181504, 
        "long_term_average": 317347, 
        "date": "2015-07-31", 
        "operating_revenue": 346157, 
        "short_term_average": 300937
    }, 
    {
        "accumulated_operating_revenue_yoy": -21.652217761424925, 
        "accumulated_operating_revenue": 2471983, 
        "long_term_average": 313943, 
        "date": "2015-08-31", 
        "operating_revenue": 290479, 
        "short_term_average": 303474
    }
]