[
    {
        "date": "2012-01-31", 
        "operating_revenue": 44249, 
        "accumulated_operating_revenue": 44249, 
        "long_term_average": 44249, 
        "short_term_average": 44249
    }, 
    {
        "date": "2012-02-29", 
        "operating_revenue": 60610, 
        "accumulated_operating_revenue": 104859, 
        "long_term_average": 52429, 
        "short_term_average": 52429
    }, 
    {
        "date": "2012-03-31", 
        "operating_revenue": 57525, 
        "accumulated_operating_revenue": 162384, 
        "long_term_average": 54128, 
        "short_term_average": 54128
    }, 
    {
        "date": "2012-04-30", 
        "operating_revenue": 9461, 
        "accumulated_operating_revenue": 171845, 
        "long_term_average": 42961, 
        "short_term_average": 42532
    }, 
    {
        "date": "2012-05-31", 
        "operating_revenue": 1161, 
        "accumulated_operating_revenue": 173006, 
        "long_term_average": 34601, 
        "short_term_average": 22715
    }, 
    {
        "date": "2012-06-30", 
        "operating_revenue": 323, 
        "accumulated_operating_revenue": 173329, 
        "long_term_average": 28888, 
        "short_term_average": 3648
    }, 
    {
        "date": "2012-07-31", 
        "operating_revenue": 189, 
        "accumulated_operating_revenue": 173518, 
        "long_term_average": 24788, 
        "short_term_average": 557
    }, 
    {
        "date": "2012-11-30", 
        "operating_revenue": 4, 
        "accumulated_operating_revenue": 173522, 
        "long_term_average": 21690, 
        "short_term_average": 172
    }, 
    {
        "date": "2012-12-31", 
        "operating_revenue": 3, 
        "accumulated_operating_revenue": 173525, 
        "long_term_average": 19280, 
        "short_term_average": 65
    }, 
    {
        "accumulated_operating_revenue_yoy": -99.95706117652377, 
        "accumulated_operating_revenue": 19, 
        "long_term_average": 17354, 
        "date": "2013-01-31", 
        "operating_revenue": 19, 
        "short_term_average": 8
    }, 
    {
        "accumulated_operating_revenue_yoy": -99.96376085982128, 
        "accumulated_operating_revenue": 38, 
        "long_term_average": 15778, 
        "date": "2013-02-28", 
        "operating_revenue": 19, 
        "short_term_average": 13
    }, 
    {
        "accumulated_operating_revenue_yoy": -99.9648980195093, 
        "accumulated_operating_revenue": 57, 
        "long_term_average": 14465, 
        "date": "2013-03-31", 
        "operating_revenue": 19, 
        "short_term_average": 19
    }, 
    {
        "accumulated_operating_revenue_yoy": -99.95577409875179, 
        "accumulated_operating_revenue": 76, 
        "long_term_average": 10779, 
        "date": "2013-04-30", 
        "operating_revenue": 19, 
        "short_term_average": 19
    }, 
    {
        "accumulated_operating_revenue_yoy": -99.94508860964359, 
        "accumulated_operating_revenue": 95, 
        "long_term_average": 5730, 
        "date": "2013-05-31", 
        "operating_revenue": 19, 
        "short_term_average": 19
    }, 
    {
        "accumulated_operating_revenue_yoy": -73.28952454580595, 
        "accumulated_operating_revenue": 46297, 
        "long_term_average": 4786, 
        "date": "2013-06-30", 
        "operating_revenue": 46202, 
        "short_term_average": 15413
    }, 
    {
        "date": "2013-08-31", 
        "operating_revenue": 2, 
        "accumulated_operating_revenue": 46299, 
        "long_term_average": 3998, 
        "short_term_average": 15407
    }, 
    {
        "date": "2013-09-30", 
        "operating_revenue": 4, 
        "accumulated_operating_revenue": 46303, 
        "long_term_average": 3901, 
        "short_term_average": 15402
    }, 
    {
        "date": "2013-10-31", 
        "operating_revenue": 4, 
        "accumulated_operating_revenue": 46307, 
        "long_term_average": 3875, 
        "short_term_average": 3
    }, 
    {
        "accumulated_operating_revenue_yoy": -73.31116515485067, 
        "accumulated_operating_revenue": 46311, 
        "long_term_average": 3859, 
        "date": "2013-11-30", 
        "operating_revenue": 4, 
        "short_term_average": 4
    }, 
    {
        "accumulated_operating_revenue_yoy": -45.302405993372716, 
        "accumulated_operating_revenue": 94914, 
        "long_term_average": 7909, 
        "date": "2013-12-31", 
        "operating_revenue": 48603, 
        "short_term_average": 16203
    }, 
    {
        "accumulated_operating_revenue_yoy": -78.94736842105263, 
        "accumulated_operating_revenue": 4, 
        "long_term_average": 7909, 
        "date": "2014-01-31", 
        "operating_revenue": 4, 
        "short_term_average": 16203
    }, 
    {
        "accumulated_operating_revenue_yoy": -78.94736842105263, 
        "accumulated_operating_revenue": 8, 
        "long_term_average": 7908, 
        "date": "2014-02-28", 
        "operating_revenue": 4, 
        "short_term_average": 16203
    }, 
    {
        "accumulated_operating_revenue_yoy": -78.94736842105263, 
        "accumulated_operating_revenue": 12, 
        "long_term_average": 7907, 
        "date": "2014-03-31", 
        "operating_revenue": 4, 
        "short_term_average": 4
    }, 
    {
        "accumulated_operating_revenue_yoy": -78.94736842105263, 
        "accumulated_operating_revenue": 16, 
        "long_term_average": 7906, 
        "date": "2014-04-30", 
        "operating_revenue": 4, 
        "short_term_average": 4
    }, 
    {
        "accumulated_operating_revenue_yoy": -78.94736842105263, 
        "accumulated_operating_revenue": 20, 
        "long_term_average": 7904, 
        "date": "2014-05-31", 
        "operating_revenue": 4, 
        "short_term_average": 4
    }, 
    {
        "accumulated_operating_revenue_yoy": -99.94816078795601, 
        "accumulated_operating_revenue": 24, 
        "long_term_average": 7903, 
        "date": "2014-06-30", 
        "operating_revenue": 4, 
        "short_term_average": 4
    }, 
    {
        "date": "2014-07-31", 
        "operating_revenue": 18, 
        "accumulated_operating_revenue": 42, 
        "long_term_average": 4054, 
        "short_term_average": 8
    }, 
    {
        "accumulated_operating_revenue_yoy": -99.87472731592474, 
        "accumulated_operating_revenue": 58, 
        "long_term_average": 4056, 
        "date": "2014-08-31", 
        "operating_revenue": 16, 
        "short_term_average": 12
    }, 
    {
        "accumulated_operating_revenue_yoy": -99.84450251603569, 
        "accumulated_operating_revenue": 72, 
        "long_term_average": 4056, 
        "date": "2014-09-30", 
        "operating_revenue": 14, 
        "short_term_average": 16
    }, 
    {
        "accumulated_operating_revenue_yoy": -99.81428293778478, 
        "accumulated_operating_revenue": 86, 
        "long_term_average": 4057, 
        "date": "2014-10-31", 
        "operating_revenue": 14, 
        "short_term_average": 14
    }, 
    {
        "accumulated_operating_revenue_yoy": -99.78406857981905, 
        "accumulated_operating_revenue": 100, 
        "long_term_average": 4058, 
        "date": "2014-11-30", 
        "operating_revenue": 14, 
        "short_term_average": 14
    }, 
    {
        "accumulated_operating_revenue_yoy": -99.87989126999179, 
        "accumulated_operating_revenue": 114, 
        "long_term_average": 9, 
        "date": "2014-12-31", 
        "operating_revenue": 14, 
        "short_term_average": 14
    }, 
    {
        "accumulated_operating_revenue_yoy": 250.0, 
        "accumulated_operating_revenue": 14, 
        "long_term_average": 10, 
        "date": "2015-01-31", 
        "operating_revenue": 14, 
        "short_term_average": 14
    }, 
    {
        "accumulated_operating_revenue_yoy": 250.0, 
        "accumulated_operating_revenue": 28, 
        "long_term_average": 11, 
        "date": "2015-02-28", 
        "operating_revenue": 14, 
        "short_term_average": 14
    }, 
    {
        "accumulated_operating_revenue_yoy": 250.0, 
        "accumulated_operating_revenue": 42, 
        "long_term_average": 12, 
        "date": "2015-03-31", 
        "operating_revenue": 14, 
        "short_term_average": 14
    }, 
    {
        "accumulated_operating_revenue_yoy": 250.0, 
        "accumulated_operating_revenue": 56, 
        "long_term_average": 12, 
        "date": "2015-04-30", 
        "operating_revenue": 14, 
        "short_term_average": 14
    }, 
    {
        "accumulated_operating_revenue_yoy": 400805.0, 
        "accumulated_operating_revenue": 80181, 
        "long_term_average": 6689, 
        "date": "2015-05-31", 
        "operating_revenue": 80125, 
        "short_term_average": 26717
    }, 
    {
        "accumulated_operating_revenue_yoy": 334045.8333333334, 
        "accumulated_operating_revenue": 80195, 
        "long_term_average": 6690, 
        "date": "2015-06-30", 
        "operating_revenue": 14, 
        "short_term_average": 26717
    }, 
    {
        "accumulated_operating_revenue_yoy": 190873.80952380953, 
        "accumulated_operating_revenue": 80209, 
        "long_term_average": 6690, 
        "date": "2015-07-31", 
        "operating_revenue": 14, 
        "short_term_average": 26717
    }, 
    {
        "accumulated_operating_revenue_yoy": 138215.5172413793, 
        "accumulated_operating_revenue": 80223, 
        "long_term_average": 6689, 
        "date": "2015-08-31", 
        "operating_revenue": 14, 
        "short_term_average": 14
    }
]