[
    {
        "date": "2012-01-31", 
        "operating_revenue": 15180, 
        "accumulated_operating_revenue": 15180, 
        "long_term_average": 15180, 
        "short_term_average": 15180
    }, 
    {
        "date": "2012-02-29", 
        "operating_revenue": 17121, 
        "accumulated_operating_revenue": 32301, 
        "long_term_average": 16150, 
        "short_term_average": 16150
    }, 
    {
        "date": "2012-03-31", 
        "operating_revenue": 18252, 
        "accumulated_operating_revenue": 50553, 
        "long_term_average": 16851, 
        "short_term_average": 16851
    }, 
    {
        "date": "2012-04-30", 
        "operating_revenue": 18234, 
        "accumulated_operating_revenue": 68787, 
        "long_term_average": 17196, 
        "short_term_average": 17869
    }, 
    {
        "date": "2012-05-31", 
        "operating_revenue": 29442, 
        "accumulated_operating_revenue": 98229, 
        "long_term_average": 19645, 
        "short_term_average": 21976
    }, 
    {
        "date": "2012-06-30", 
        "operating_revenue": 17166, 
        "accumulated_operating_revenue": 115395, 
        "long_term_average": 19232, 
        "short_term_average": 21614
    }, 
    {
        "date": "2012-07-31", 
        "operating_revenue": 20925, 
        "accumulated_operating_revenue": 136320, 
        "long_term_average": 19474, 
        "short_term_average": 22511
    }, 
    {
        "date": "2012-08-31", 
        "operating_revenue": 20390, 
        "accumulated_operating_revenue": 156710, 
        "long_term_average": 19588, 
        "short_term_average": 19493
    }, 
    {
        "date": "2012-09-30", 
        "operating_revenue": 20170, 
        "accumulated_operating_revenue": 176880, 
        "long_term_average": 19653, 
        "short_term_average": 20495
    }, 
    {
        "date": "2012-10-31", 
        "operating_revenue": 19053, 
        "accumulated_operating_revenue": 195933, 
        "long_term_average": 19593, 
        "short_term_average": 19871
    }, 
    {
        "date": "2012-11-30", 
        "operating_revenue": 8719, 
        "accumulated_operating_revenue": 204652, 
        "long_term_average": 18604, 
        "short_term_average": 15980
    }, 
    {
        "date": "2012-12-31", 
        "operating_revenue": 33034, 
        "accumulated_operating_revenue": 237686, 
        "long_term_average": 19807, 
        "short_term_average": 20268
    }, 
    {
        "accumulated_operating_revenue_yoy": 85.34914361001317, 
        "accumulated_operating_revenue": 28136, 
        "long_term_average": 20886, 
        "date": "2013-01-31", 
        "operating_revenue": 28136, 
        "short_term_average": 23296
    }, 
    {
        "accumulated_operating_revenue_yoy": 40.15355561747314, 
        "accumulated_operating_revenue": 45271, 
        "long_term_average": 20888, 
        "date": "2013-02-28", 
        "operating_revenue": 17135, 
        "short_term_average": 26101
    }, 
    {
        "accumulated_operating_revenue_yoy": 52.72881925899551, 
        "accumulated_operating_revenue": 77209, 
        "long_term_average": 22028, 
        "date": "2013-03-31", 
        "operating_revenue": 31938, 
        "short_term_average": 25736
    }, 
    {
        "accumulated_operating_revenue_yoy": 44.69739921787547, 
        "accumulated_operating_revenue": 99533, 
        "long_term_average": 22369, 
        "date": "2013-04-30", 
        "operating_revenue": 22324, 
        "short_term_average": 23799
    }, 
    {
        "accumulated_operating_revenue_yoy": 26.12873998513677, 
        "accumulated_operating_revenue": 123895, 
        "long_term_average": 21946, 
        "date": "2013-05-31", 
        "operating_revenue": 24362, 
        "short_term_average": 26208
    }, 
    {
        "accumulated_operating_revenue_yoy": 25.024481130031628, 
        "accumulated_operating_revenue": 144272, 
        "long_term_average": 22213, 
        "date": "2013-06-30", 
        "operating_revenue": 20377, 
        "short_term_average": 22354
    }, 
    {
        "accumulated_operating_revenue_yoy": 23.912852112676056, 
        "accumulated_operating_revenue": 168918, 
        "long_term_average": 22523, 
        "date": "2013-07-31", 
        "operating_revenue": 24646, 
        "short_term_average": 23128
    }, 
    {
        "accumulated_operating_revenue_yoy": 21.74845255567609, 
        "accumulated_operating_revenue": 190792, 
        "long_term_average": 22647, 
        "date": "2013-08-31", 
        "operating_revenue": 21874, 
        "short_term_average": 22299
    }, 
    {
        "accumulated_operating_revenue_yoy": 18.917345092718225, 
        "accumulated_operating_revenue": 210341, 
        "long_term_average": 22595, 
        "date": "2013-09-30", 
        "operating_revenue": 19549, 
        "short_term_average": 22023
    }, 
    {
        "accumulated_operating_revenue_yoy": 17.57998907789908, 
        "accumulated_operating_revenue": 230378, 
        "long_term_average": 22677, 
        "date": "2013-10-31", 
        "operating_revenue": 20037, 
        "short_term_average": 20486
    }, 
    {
        "accumulated_operating_revenue_yoy": 26.143404413345582, 
        "accumulated_operating_revenue": 258155, 
        "long_term_average": 24265, 
        "date": "2013-11-30", 
        "operating_revenue": 27777, 
        "short_term_average": 22454
    }, 
    {
        "accumulated_operating_revenue_yoy": 14.692072734616257, 
        "accumulated_operating_revenue": 272607, 
        "long_term_average": 22717, 
        "date": "2013-12-31", 
        "operating_revenue": 14452, 
        "short_term_average": 20755
    }, 
    {
        "accumulated_operating_revenue_yoy": -61.085442138185954, 
        "accumulated_operating_revenue": 10949, 
        "long_term_average": 21285, 
        "date": "2014-01-31", 
        "operating_revenue": 10949, 
        "short_term_average": 17726
    }, 
    {
        "accumulated_operating_revenue_yoy": -39.99248967330079, 
        "accumulated_operating_revenue": 27166, 
        "long_term_average": 21208, 
        "date": "2014-02-28", 
        "operating_revenue": 16217, 
        "short_term_average": 13872
    }, 
    {
        "accumulated_operating_revenue_yoy": -40.29193487805826, 
        "accumulated_operating_revenue": 46100, 
        "long_term_average": 20124, 
        "date": "2014-03-31", 
        "operating_revenue": 18934, 
        "short_term_average": 15366
    }, 
    {
        "accumulated_operating_revenue_yoy": -22.549305255543388, 
        "accumulated_operating_revenue": 77089, 
        "long_term_average": 20846, 
        "date": "2014-04-30", 
        "operating_revenue": 30989, 
        "short_term_average": 22046
    }, 
    {
        "accumulated_operating_revenue_yoy": -15.135396908672666, 
        "accumulated_operating_revenue": 105143, 
        "long_term_average": 21154, 
        "date": "2014-05-31", 
        "operating_revenue": 28054, 
        "short_term_average": 25992
    }, 
    {
        "accumulated_operating_revenue_yoy": -16.543057557946103, 
        "accumulated_operating_revenue": 120405, 
        "long_term_average": 20728, 
        "date": "2014-06-30", 
        "operating_revenue": 15262, 
        "short_term_average": 24768
    }, 
    {
        "accumulated_operating_revenue_yoy": -15.139298357783066, 
        "accumulated_operating_revenue": 143345, 
        "long_term_average": 20586, 
        "date": "2014-07-31", 
        "operating_revenue": 22940, 
        "short_term_average": 22085
    }, 
    {
        "accumulated_operating_revenue_yoy": -10.196444295358296, 
        "accumulated_operating_revenue": 171338, 
        "long_term_average": 21096, 
        "date": "2014-08-31", 
        "operating_revenue": 27993, 
        "short_term_average": 22065
    }, 
    {
        "accumulated_operating_revenue_yoy": -7.040472375808806, 
        "accumulated_operating_revenue": 195532, 
        "long_term_average": 21483, 
        "date": "2014-09-30", 
        "operating_revenue": 24194, 
        "short_term_average": 25042
    }, 
    {
        "accumulated_operating_revenue_yoy": 1.4254833360824384, 
        "accumulated_operating_revenue": 233662, 
        "long_term_average": 22990, 
        "date": "2014-10-31", 
        "operating_revenue": 38130, 
        "short_term_average": 30105
    }, 
    {
        "accumulated_operating_revenue_yoy": 3.734190699386028, 
        "accumulated_operating_revenue": 267795, 
        "long_term_average": 23520, 
        "date": "2014-11-30", 
        "operating_revenue": 34133, 
        "short_term_average": 32152
    }, 
    {
        "accumulated_operating_revenue_yoy": 11.295014434699036, 
        "accumulated_operating_revenue": 303398, 
        "long_term_average": 25283, 
        "date": "2014-12-31", 
        "operating_revenue": 35603, 
        "short_term_average": 35955
    }, 
    {
        "accumulated_operating_revenue_yoy": 125.78317654580327, 
        "accumulated_operating_revenue": 24721, 
        "long_term_average": 26430, 
        "date": "2015-01-31", 
        "operating_revenue": 24721, 
        "short_term_average": 31485
    }, 
    {
        "accumulated_operating_revenue_yoy": 72.66804093351983, 
        "accumulated_operating_revenue": 46907, 
        "long_term_average": 26928, 
        "date": "2015-02-28", 
        "operating_revenue": 22186, 
        "short_term_average": 27503
    }, 
    {
        "accumulated_operating_revenue_yoy": 59.29067245119306, 
        "accumulated_operating_revenue": 73433, 
        "long_term_average": 27560, 
        "date": "2015-03-31", 
        "operating_revenue": 26526, 
        "short_term_average": 24477
    }, 
    {
        "accumulated_operating_revenue_yoy": 28.4087223858138, 
        "accumulated_operating_revenue": 98989, 
        "long_term_average": 27108, 
        "date": "2015-04-30", 
        "operating_revenue": 25556, 
        "short_term_average": 24756
    }, 
    {
        "accumulated_operating_revenue_yoy": 15.99155435930114, 
        "accumulated_operating_revenue": 121957, 
        "long_term_average": 26684, 
        "date": "2015-05-31", 
        "operating_revenue": 22968, 
        "short_term_average": 25016
    }, 
    {
        "accumulated_operating_revenue_yoy": 16.21693451268635, 
        "accumulated_operating_revenue": 139931, 
        "long_term_average": 26910, 
        "date": "2015-06-30", 
        "operating_revenue": 17974, 
        "short_term_average": 22166
    }, 
    {
        "accumulated_operating_revenue_yoy": 9.358540583905961, 
        "accumulated_operating_revenue": 156760, 
        "long_term_average": 26401, 
        "date": "2015-07-31", 
        "operating_revenue": 16829, 
        "short_term_average": 19257
    }, 
    {
        "accumulated_operating_revenue_yoy": 2.0491659760239993, 
        "accumulated_operating_revenue": 174849, 
        "long_term_average": 25575, 
        "date": "2015-08-31", 
        "operating_revenue": 18089, 
        "short_term_average": 17630
    }
]