[
    {
        "date": "2011-09-30", 
        "operating_revenue": 191608, 
        "accumulated_operating_revenue": 191608, 
        "long_term_average": 191608, 
        "short_term_average": 191608
    }, 
    {
        "date": "2011-10-31", 
        "operating_revenue": 161954, 
        "accumulated_operating_revenue": 353562, 
        "long_term_average": 176781, 
        "short_term_average": 176781
    }, 
    {
        "date": "2011-11-30", 
        "operating_revenue": 165593, 
        "accumulated_operating_revenue": 519155, 
        "long_term_average": 173051, 
        "short_term_average": 173051
    }, 
    {
        "date": "2011-12-31", 
        "operating_revenue": 154052, 
        "accumulated_operating_revenue": 673207, 
        "long_term_average": 168301, 
        "short_term_average": 160533
    }, 
    {
        "date": "2012-01-31", 
        "operating_revenue": 135650, 
        "accumulated_operating_revenue": 135650, 
        "long_term_average": 161771, 
        "short_term_average": 151765
    }, 
    {
        "date": "2012-02-29", 
        "operating_revenue": 145804, 
        "accumulated_operating_revenue": 281454, 
        "long_term_average": 159110, 
        "short_term_average": 145168
    }, 
    {
        "date": "2012-03-31", 
        "operating_revenue": 199423, 
        "accumulated_operating_revenue": 480877, 
        "long_term_average": 164869, 
        "short_term_average": 160292
    }, 
    {
        "date": "2012-04-30", 
        "operating_revenue": 211110, 
        "accumulated_operating_revenue": 691987, 
        "long_term_average": 170649, 
        "short_term_average": 185445
    }, 
    {
        "date": "2012-05-31", 
        "operating_revenue": 203422, 
        "accumulated_operating_revenue": 895409, 
        "long_term_average": 174290, 
        "short_term_average": 204651
    }, 
    {
        "date": "2012-06-30", 
        "operating_revenue": 205465, 
        "accumulated_operating_revenue": 1100874, 
        "long_term_average": 177408, 
        "short_term_average": 206665
    }, 
    {
        "date": "2012-07-31", 
        "operating_revenue": 196714, 
        "accumulated_operating_revenue": 1297588, 
        "long_term_average": 179163, 
        "short_term_average": 201867
    }, 
    {
        "date": "2012-08-31", 
        "operating_revenue": 195345, 
        "accumulated_operating_revenue": 1492933, 
        "long_term_average": 180511, 
        "short_term_average": 199174
    }, 
    {
        "accumulated_operating_revenue_yoy": 769.09053901716, 
        "accumulated_operating_revenue": 1665247, 
        "long_term_average": 178903, 
        "date": "2012-09-30", 
        "operating_revenue": 172314, 
        "short_term_average": 188124
    }, 
    {
        "accumulated_operating_revenue_yoy": 421.3246898705178, 
        "accumulated_operating_revenue": 1843206, 
        "long_term_average": 180237, 
        "date": "2012-10-31", 
        "operating_revenue": 177959, 
        "short_term_average": 181872
    }, 
    {
        "accumulated_operating_revenue_yoy": 288.53155608633256, 
        "accumulated_operating_revenue": 2017081, 
        "long_term_average": 180927, 
        "date": "2012-11-30", 
        "operating_revenue": 173875, 
        "short_term_average": 174716
    }, 
    {
        "accumulated_operating_revenue_yoy": 224.40883710359518, 
        "accumulated_operating_revenue": 2183943, 
        "long_term_average": 181995, 
        "date": "2012-12-31", 
        "operating_revenue": 166862, 
        "short_term_average": 172898
    }, 
    {
        "accumulated_operating_revenue_yoy": 47.88794692222631, 
        "accumulated_operating_revenue": 200610, 
        "long_term_average": 187408, 
        "date": "2013-01-31", 
        "operating_revenue": 200610, 
        "short_term_average": 180449
    }, 
    {
        "accumulated_operating_revenue_yoy": 20.023165419571225, 
        "accumulated_operating_revenue": 337810, 
        "long_term_average": 186691, 
        "date": "2013-02-28", 
        "operating_revenue": 137200, 
        "short_term_average": 168224
    }, 
    {
        "accumulated_operating_revenue_yoy": 6.5124761633432255, 
        "accumulated_operating_revenue": 512194, 
        "long_term_average": 184605, 
        "date": "2013-03-31", 
        "operating_revenue": 174384, 
        "short_term_average": 170731
    }, 
    {
        "accumulated_operating_revenue_yoy": 2.286459138683241, 
        "accumulated_operating_revenue": 707809, 
        "long_term_average": 183313, 
        "date": "2013-04-30", 
        "operating_revenue": 195615, 
        "short_term_average": 169066
    }, 
    {
        "accumulated_operating_revenue_yoy": 2.6042847458535707, 
        "accumulated_operating_revenue": 918728, 
        "long_term_average": 183938, 
        "date": "2013-05-31", 
        "operating_revenue": 210919, 
        "short_term_average": 193639
    }, 
    {
        "accumulated_operating_revenue_yoy": 0.9517892147511886, 
        "accumulated_operating_revenue": 1111352, 
        "long_term_average": 182868, 
        "date": "2013-06-30", 
        "operating_revenue": 192624, 
        "short_term_average": 199719
    }, 
    {
        "accumulated_operating_revenue_yoy": -1.127014121585588, 
        "accumulated_operating_revenue": 1282964, 
        "long_term_average": 180776, 
        "date": "2013-07-31", 
        "operating_revenue": 171612, 
        "short_term_average": 191718
    }, 
    {
        "accumulated_operating_revenue_yoy": -3.161427873856362, 
        "accumulated_operating_revenue": 1445735, 
        "long_term_average": 178062, 
        "date": "2013-08-31", 
        "operating_revenue": 162771, 
        "short_term_average": 175669
    }, 
    {
        "accumulated_operating_revenue_yoy": -3.015648729587863, 
        "accumulated_operating_revenue": 1615029, 
        "long_term_average": 177810, 
        "date": "2013-09-30", 
        "operating_revenue": 169294, 
        "short_term_average": 167892
    }, 
    {
        "accumulated_operating_revenue_yoy": -2.820411825916365, 
        "accumulated_operating_revenue": 1791220, 
        "long_term_average": 177663, 
        "date": "2013-10-31", 
        "operating_revenue": 176191, 
        "short_term_average": 169418
    }, 
    {
        "accumulated_operating_revenue_yoy": -2.8746986362967077, 
        "accumulated_operating_revenue": 1959096, 
        "long_term_average": 177163, 
        "date": "2013-11-30", 
        "operating_revenue": 167876, 
        "short_term_average": 171120
    }, 
    {
        "accumulated_operating_revenue_yoy": -2.3813350440006906, 
        "accumulated_operating_revenue": 2131936, 
        "long_term_average": 177661, 
        "date": "2013-12-31", 
        "operating_revenue": 172840, 
        "short_term_average": 172302
    }, 
    {
        "accumulated_operating_revenue_yoy": -9.56682119535417, 
        "accumulated_operating_revenue": 181418, 
        "long_term_average": 176062, 
        "date": "2014-01-31", 
        "operating_revenue": 181418, 
        "short_term_average": 174044
    }, 
    {
        "accumulated_operating_revenue_yoy": 0.9176756164707972, 
        "accumulated_operating_revenue": 340910, 
        "long_term_average": 177919, 
        "date": "2014-02-28", 
        "operating_revenue": 159492, 
        "short_term_average": 171250
    }, 
    {
        "accumulated_operating_revenue_yoy": 3.9358133832102684, 
        "accumulated_operating_revenue": 532353, 
        "long_term_average": 179341, 
        "date": "2014-03-31", 
        "operating_revenue": 191443, 
        "short_term_average": 177451
    }, 
    {
        "accumulated_operating_revenue_yoy": 5.855393192231237, 
        "accumulated_operating_revenue": 749254, 
        "long_term_average": 181115, 
        "date": "2014-04-30", 
        "operating_revenue": 216901, 
        "short_term_average": 189278
    }, 
    {
        "accumulated_operating_revenue_yoy": 6.227523271305544, 
        "accumulated_operating_revenue": 975942, 
        "long_term_average": 182429, 
        "date": "2014-05-31", 
        "operating_revenue": 226688, 
        "short_term_average": 211677
    }, 
    {
        "accumulated_operating_revenue_yoy": 7.169105737876029, 
        "accumulated_operating_revenue": 1191026, 
        "long_term_average": 184300, 
        "date": "2014-06-30", 
        "operating_revenue": 215084, 
        "short_term_average": 219557
    }, 
    {
        "accumulated_operating_revenue_yoy": 10.940057554225996, 
        "accumulated_operating_revenue": 1423321, 
        "long_term_average": 189357, 
        "date": "2014-07-31", 
        "operating_revenue": 232295, 
        "short_term_average": 224689
    }, 
    {
        "accumulated_operating_revenue_yoy": 13.662462346142274, 
        "accumulated_operating_revenue": 1643258, 
        "long_term_average": 194121, 
        "date": "2014-08-31", 
        "operating_revenue": 219937, 
        "short_term_average": 222438
    }, 
    {
        "accumulated_operating_revenue_yoy": 16.091290001603685, 
        "accumulated_operating_revenue": 1874908, 
        "long_term_average": 199317, 
        "date": "2014-09-30", 
        "operating_revenue": 231650, 
        "short_term_average": 227960
    }, 
    {
        "accumulated_operating_revenue_yoy": 16.83952836614151, 
        "accumulated_operating_revenue": 2092853, 
        "long_term_average": 202797, 
        "date": "2014-10-31", 
        "operating_revenue": 217945, 
        "short_term_average": 223177
    }, 
    {
        "accumulated_operating_revenue_yoy": 17.870538248253276, 
        "accumulated_operating_revenue": 2309197, 
        "long_term_average": 206836, 
        "date": "2014-11-30", 
        "operating_revenue": 216344, 
        "short_term_average": 221979
    }, 
    {
        "accumulated_operating_revenue_yoy": 18.021413400777508, 
        "accumulated_operating_revenue": 2516141, 
        "long_term_average": 209678, 
        "date": "2014-12-31", 
        "operating_revenue": 206944, 
        "short_term_average": 213744
    }, 
    {
        "accumulated_operating_revenue_yoy": 20.629705982868295, 
        "accumulated_operating_revenue": 218844, 
        "long_term_average": 212797, 
        "date": "2015-01-31", 
        "operating_revenue": 218844, 
        "short_term_average": 214044
    }, 
    {
        "accumulated_operating_revenue_yoy": 14.273855269719279, 
        "accumulated_operating_revenue": 389571, 
        "long_term_average": 213733, 
        "date": "2015-02-28", 
        "operating_revenue": 170727, 
        "short_term_average": 198838
    }, 
    {
        "accumulated_operating_revenue_yoy": 9.973833152062635, 
        "accumulated_operating_revenue": 585449, 
        "long_term_average": 214103, 
        "date": "2015-03-31", 
        "operating_revenue": 195878, 
        "short_term_average": 195149
    }, 
    {
        "accumulated_operating_revenue_yoy": 5.676446171792209, 
        "accumulated_operating_revenue": 791785, 
        "long_term_average": 213222, 
        "date": "2015-04-30", 
        "operating_revenue": 206336, 
        "short_term_average": 190980
    }, 
    {
        "accumulated_operating_revenue_yoy": 1.2252777316684802, 
        "accumulated_operating_revenue": 987900, 
        "long_term_average": 210674, 
        "date": "2015-05-31", 
        "operating_revenue": 196115, 
        "short_term_average": 199443
    }, 
    {
        "accumulated_operating_revenue_yoy": -1.9861027383113385, 
        "accumulated_operating_revenue": 1167371, 
        "long_term_average": 207707, 
        "date": "2015-06-30", 
        "operating_revenue": 179471, 
        "short_term_average": 193974
    }, 
    {
        "accumulated_operating_revenue_yoy": -3.937481425483078, 
        "accumulated_operating_revenue": 1367278, 
        "long_term_average": 205008, 
        "date": "2015-07-31", 
        "operating_revenue": 199907, 
        "short_term_average": 191831
    }, 
    {
        "accumulated_operating_revenue_yoy": -4.336141981356549, 
        "accumulated_operating_revenue": 1572004, 
        "long_term_average": 203740, 
        "date": "2015-08-31", 
        "operating_revenue": 204726, 
        "short_term_average": 194701
    }, 
    {
        "accumulated_operating_revenue_yoy": -4.926428390086341, 
        "accumulated_operating_revenue": 1782542, 
        "long_term_average": 201981, 
        "date": "2015-09-30", 
        "operating_revenue": 210538, 
        "short_term_average": 205057
    }, 
    {
        "accumulated_operating_revenue_yoy": -5.0692045738520575, 
        "accumulated_operating_revenue": 1986762, 
        "long_term_average": 200837, 
        "date": "2015-10-31", 
        "operating_revenue": 204220, 
        "short_term_average": 206494
    }
]