[
    {
        "date": "2012-01-31", 
        "operating_revenue": 36792, 
        "accumulated_operating_revenue": 36792, 
        "long_term_average": 36792, 
        "short_term_average": 36792
    }, 
    {
        "date": "2012-02-29", 
        "operating_revenue": 44622, 
        "accumulated_operating_revenue": 81414, 
        "long_term_average": 40707, 
        "short_term_average": 40707
    }, 
    {
        "date": "2012-03-31", 
        "operating_revenue": 50194, 
        "accumulated_operating_revenue": 131608, 
        "long_term_average": 43869, 
        "short_term_average": 43869
    }, 
    {
        "date": "2012-04-30", 
        "operating_revenue": 50573, 
        "accumulated_operating_revenue": 182181, 
        "long_term_average": 45545, 
        "short_term_average": 48463
    }, 
    {
        "date": "2012-05-31", 
        "operating_revenue": 53431, 
        "accumulated_operating_revenue": 235612, 
        "long_term_average": 47122, 
        "short_term_average": 51399
    }, 
    {
        "date": "2012-06-30", 
        "operating_revenue": 45623, 
        "accumulated_operating_revenue": 281235, 
        "long_term_average": 46872, 
        "short_term_average": 49875
    }, 
    {
        "date": "2012-07-31", 
        "operating_revenue": 50891, 
        "accumulated_operating_revenue": 332126, 
        "long_term_average": 47446, 
        "short_term_average": 49981
    }, 
    {
        "date": "2012-08-31", 
        "operating_revenue": 50774, 
        "accumulated_operating_revenue": 382900, 
        "long_term_average": 47862, 
        "short_term_average": 49096
    }, 
    {
        "date": "2012-09-30", 
        "operating_revenue": 47179, 
        "accumulated_operating_revenue": 430079, 
        "long_term_average": 47786, 
        "short_term_average": 49614
    }, 
    {
        "date": "2012-10-31", 
        "operating_revenue": 46067, 
        "accumulated_operating_revenue": 476146, 
        "long_term_average": 47614, 
        "short_term_average": 48006
    }, 
    {
        "date": "2012-11-30", 
        "operating_revenue": 41318, 
        "accumulated_operating_revenue": 517464, 
        "long_term_average": 47042, 
        "short_term_average": 44854
    }, 
    {
        "date": "2012-12-31", 
        "operating_revenue": 35824, 
        "accumulated_operating_revenue": 553288, 
        "long_term_average": 46107, 
        "short_term_average": 41069
    }, 
    {
        "accumulated_operating_revenue_yoy": 45.520765383779086, 
        "accumulated_operating_revenue": 53540, 
        "long_term_average": 47503, 
        "date": "2013-01-31", 
        "operating_revenue": 53540, 
        "short_term_average": 43560
    }, 
    {
        "accumulated_operating_revenue_yoy": 3.851917360650502, 
        "accumulated_operating_revenue": 84550, 
        "long_term_average": 46368, 
        "date": "2013-02-28", 
        "operating_revenue": 31010, 
        "short_term_average": 40124
    }, 
    {
        "accumulated_operating_revenue_yoy": 3.098595830040727, 
        "accumulated_operating_revenue": 135686, 
        "long_term_average": 46447, 
        "date": "2013-03-31", 
        "operating_revenue": 51136, 
        "short_term_average": 45228
    }, 
    {
        "accumulated_operating_revenue_yoy": 3.763290354098397, 
        "accumulated_operating_revenue": 189037, 
        "long_term_average": 46678, 
        "date": "2013-04-30", 
        "operating_revenue": 53351, 
        "short_term_average": 45165
    }, 
    {
        "accumulated_operating_revenue_yoy": 4.014651206220396, 
        "accumulated_operating_revenue": 245071, 
        "long_term_average": 46895, 
        "date": "2013-05-31", 
        "operating_revenue": 56034, 
        "short_term_average": 53507
    }, 
    {
        "accumulated_operating_revenue_yoy": 5.054136220598432, 
        "accumulated_operating_revenue": 295449, 
        "long_term_average": 47291, 
        "date": "2013-06-30", 
        "operating_revenue": 50378, 
        "short_term_average": 53254
    }, 
    {
        "accumulated_operating_revenue_yoy": 5.347669258052667, 
        "accumulated_operating_revenue": 349887, 
        "long_term_average": 47587, 
        "date": "2013-07-31", 
        "operating_revenue": 54438, 
        "short_term_average": 53616
    }, 
    {
        "accumulated_operating_revenue_yoy": 5.531209193000784, 
        "accumulated_operating_revenue": 404079, 
        "long_term_average": 47872, 
        "date": "2013-08-31", 
        "operating_revenue": 54192, 
        "short_term_average": 53002
    }, 
    {
        "accumulated_operating_revenue_yoy": 7.314935163074692, 
        "accumulated_operating_revenue": 461539, 
        "long_term_average": 48729, 
        "date": "2013-09-30", 
        "operating_revenue": 57460, 
        "short_term_average": 55363
    }, 
    {
        "accumulated_operating_revenue_yoy": 8.856527199640446, 
        "accumulated_operating_revenue": 518316, 
        "long_term_average": 49621, 
        "date": "2013-10-31", 
        "operating_revenue": 56777, 
        "short_term_average": 56143
    }, 
    {
        "accumulated_operating_revenue_yoy": 10.574841921370377, 
        "accumulated_operating_revenue": 572185, 
        "long_term_average": 50667, 
        "date": "2013-11-30", 
        "operating_revenue": 53869, 
        "short_term_average": 56035
    }, 
    {
        "accumulated_operating_revenue_yoy": 13.676060207342289, 
        "accumulated_operating_revenue": 628956, 
        "long_term_average": 52413, 
        "date": "2013-12-31", 
        "operating_revenue": 56771, 
        "short_term_average": 55805
    }, 
    {
        "accumulated_operating_revenue_yoy": -4.684348150915204, 
        "accumulated_operating_revenue": 51032, 
        "long_term_average": 52204, 
        "date": "2014-01-31", 
        "operating_revenue": 51032, 
        "short_term_average": 53890
    }, 
    {
        "accumulated_operating_revenue_yoy": 11.632170313424009, 
        "accumulated_operating_revenue": 94385, 
        "long_term_average": 53232, 
        "date": "2014-02-28", 
        "operating_revenue": 43353, 
        "short_term_average": 50385
    }, 
    {
        "accumulated_operating_revenue_yoy": 4.891440531816105, 
        "accumulated_operating_revenue": 142323, 
        "long_term_average": 52966, 
        "date": "2014-03-31", 
        "operating_revenue": 47938, 
        "short_term_average": 47441
    }, 
    {
        "accumulated_operating_revenue_yoy": 5.106407740283648, 
        "accumulated_operating_revenue": 198690, 
        "long_term_average": 53217, 
        "date": "2014-04-30", 
        "operating_revenue": 56367, 
        "short_term_average": 49219
    }, 
    {
        "accumulated_operating_revenue_yoy": 3.999249197171432, 
        "accumulated_operating_revenue": 254872, 
        "long_term_average": 53229, 
        "date": "2014-05-31", 
        "operating_revenue": 56182, 
        "short_term_average": 53495
    }, 
    {
        "accumulated_operating_revenue_yoy": 1.8185879796513105, 
        "accumulated_operating_revenue": 300822, 
        "long_term_average": 52860, 
        "date": "2014-06-30", 
        "operating_revenue": 45950, 
        "short_term_average": 52833
    }, 
    {
        "accumulated_operating_revenue_yoy": 0.8571338746509588, 
        "accumulated_operating_revenue": 352886, 
        "long_term_average": 52662, 
        "date": "2014-07-31", 
        "operating_revenue": 52064, 
        "short_term_average": 51398
    }, 
    {
        "accumulated_operating_revenue_yoy": -1.454418566666419, 
        "accumulated_operating_revenue": 398202, 
        "long_term_average": 51923, 
        "date": "2014-08-31", 
        "operating_revenue": 45316, 
        "short_term_average": 47776
    }, 
    {
        "accumulated_operating_revenue_yoy": -3.6057624599437967, 
        "accumulated_operating_revenue": 444897, 
        "long_term_average": 51026, 
        "date": "2014-09-30", 
        "operating_revenue": 46695, 
        "short_term_average": 48025
    }, 
    {
        "accumulated_operating_revenue_yoy": -5.022611688622384, 
        "accumulated_operating_revenue": 492283, 
        "long_term_average": 50243, 
        "date": "2014-10-31", 
        "operating_revenue": 47386, 
        "short_term_average": 46465
    }, 
    {
        "accumulated_operating_revenue_yoy": -6.256368132684359, 
        "accumulated_operating_revenue": 536387, 
        "long_term_average": 49429, 
        "date": "2014-11-30", 
        "operating_revenue": 44104, 
        "short_term_average": 46061
    }, 
    {
        "accumulated_operating_revenue_yoy": -7.822009806727339, 
        "accumulated_operating_revenue": 579759, 
        "long_term_average": 48313, 
        "date": "2014-12-31", 
        "operating_revenue": 43372, 
        "short_term_average": 44954
    }, 
    {
        "accumulated_operating_revenue_yoy": -2.896221978366515, 
        "accumulated_operating_revenue": 49554, 
        "long_term_average": 48190, 
        "date": "2015-01-31", 
        "operating_revenue": 49554, 
        "short_term_average": 45676
    }, 
    {
        "accumulated_operating_revenue_yoy": -14.501244901202522, 
        "accumulated_operating_revenue": 80698, 
        "long_term_average": 47172, 
        "date": "2015-02-28", 
        "operating_revenue": 31144, 
        "short_term_average": 41356
    }, 
    {
        "accumulated_operating_revenue_yoy": -7.312943094229324, 
        "accumulated_operating_revenue": 131915, 
        "long_term_average": 47445, 
        "date": "2015-03-31", 
        "operating_revenue": 51217, 
        "short_term_average": 43971
    }, 
    {
        "accumulated_operating_revenue_yoy": -7.702451054406362, 
        "accumulated_operating_revenue": 183386, 
        "long_term_average": 47037, 
        "date": "2015-04-30", 
        "operating_revenue": 51471, 
        "short_term_average": 44610
    }, 
    {
        "accumulated_operating_revenue_yoy": -9.399620201512917, 
        "accumulated_operating_revenue": 230915, 
        "long_term_average": 46316, 
        "date": "2015-05-31", 
        "operating_revenue": 47529, 
        "short_term_average": 50072
    }, 
    {
        "accumulated_operating_revenue_yoy": -9.386946433439043, 
        "accumulated_operating_revenue": 272584, 
        "long_term_average": 45960, 
        "date": "2015-06-30", 
        "operating_revenue": 41669, 
        "short_term_average": 46889
    }, 
    {
        "accumulated_operating_revenue_yoy": -8.843365846193956, 
        "accumulated_operating_revenue": 321679, 
        "long_term_average": 45712, 
        "date": "2015-07-31", 
        "operating_revenue": 49095, 
        "short_term_average": 46097
    }, 
    {
        "accumulated_operating_revenue_yoy": -7.980371771111145, 
        "accumulated_operating_revenue": 366424, 
        "long_term_average": 45665, 
        "date": "2015-08-31", 
        "operating_revenue": 44745, 
        "short_term_average": 45169
    }, 
    {
        "accumulated_operating_revenue_yoy": -7.448690371029699, 
        "accumulated_operating_revenue": 411758, 
        "long_term_average": 45551, 
        "date": "2015-09-30", 
        "operating_revenue": 45334, 
        "short_term_average": 46391
    }, 
    {
        "accumulated_operating_revenue_yoy": -7.833502274098435, 
        "accumulated_operating_revenue": 453720, 
        "long_term_average": 45099, 
        "date": "2015-10-31", 
        "operating_revenue": 41962, 
        "short_term_average": 44013
    }
]