[
    {
        "date": "2012-01-31", 
        "operating_revenue": 131538, 
        "accumulated_operating_revenue": 131538, 
        "long_term_average": 131538, 
        "short_term_average": 131538
    }, 
    {
        "date": "2012-02-29", 
        "operating_revenue": 118179, 
        "accumulated_operating_revenue": 249717, 
        "long_term_average": 124858, 
        "short_term_average": 124858
    }, 
    {
        "date": "2012-03-31", 
        "operating_revenue": 166018, 
        "accumulated_operating_revenue": 415735, 
        "long_term_average": 138578, 
        "short_term_average": 138578
    }, 
    {
        "date": "2012-04-30", 
        "operating_revenue": 146622, 
        "accumulated_operating_revenue": 562357, 
        "long_term_average": 140589, 
        "short_term_average": 143606
    }, 
    {
        "date": "2012-05-31", 
        "operating_revenue": 133606, 
        "accumulated_operating_revenue": 695963, 
        "long_term_average": 139192, 
        "short_term_average": 148748
    }, 
    {
        "date": "2012-06-30", 
        "operating_revenue": 157196, 
        "accumulated_operating_revenue": 853159, 
        "long_term_average": 142193, 
        "short_term_average": 145808
    }, 
    {
        "date": "2012-07-31", 
        "operating_revenue": 161919, 
        "accumulated_operating_revenue": 1015078, 
        "long_term_average": 145011, 
        "short_term_average": 150907
    }, 
    {
        "date": "2012-08-31", 
        "operating_revenue": 155302, 
        "accumulated_operating_revenue": 1170380, 
        "long_term_average": 146297, 
        "short_term_average": 158139
    }, 
    {
        "date": "2012-09-30", 
        "operating_revenue": 157243, 
        "accumulated_operating_revenue": 1327623, 
        "long_term_average": 147513, 
        "short_term_average": 158154
    }, 
    {
        "date": "2012-10-31", 
        "operating_revenue": 131436, 
        "accumulated_operating_revenue": 1459059, 
        "long_term_average": 145905, 
        "short_term_average": 147993
    }, 
    {
        "date": "2012-11-30", 
        "operating_revenue": 154528, 
        "accumulated_operating_revenue": 1613587, 
        "long_term_average": 146689, 
        "short_term_average": 147735
    }, 
    {
        "date": "2012-12-31", 
        "operating_revenue": 165343, 
        "accumulated_operating_revenue": 1778930, 
        "long_term_average": 148244, 
        "short_term_average": 150435
    }, 
    {
        "accumulated_operating_revenue_yoy": 6.956164758472837, 
        "accumulated_operating_revenue": 140688, 
        "long_term_average": 149006, 
        "date": "2013-01-31", 
        "operating_revenue": 140688, 
        "short_term_average": 153519
    }, 
    {
        "accumulated_operating_revenue_yoy": 3.711801759591858, 
        "accumulated_operating_revenue": 258986, 
        "long_term_average": 149016, 
        "date": "2013-02-28", 
        "operating_revenue": 118298, 
        "short_term_average": 141443
    }, 
    {
        "accumulated_operating_revenue_yoy": -3.6051811851299504, 
        "accumulated_operating_revenue": 400747, 
        "long_term_average": 146995, 
        "date": "2013-03-31", 
        "operating_revenue": 141761, 
        "short_term_average": 133582
    }, 
    {
        "accumulated_operating_revenue_yoy": 0.02934079241478278, 
        "accumulated_operating_revenue": 562522, 
        "long_term_average": 148257, 
        "date": "2013-04-30", 
        "operating_revenue": 161775, 
        "short_term_average": 140611
    }, 
    {
        "accumulated_operating_revenue_yoy": 5.621132157887704, 
        "accumulated_operating_revenue": 735084, 
        "long_term_average": 151504, 
        "date": "2013-05-31", 
        "operating_revenue": 172562, 
        "short_term_average": 158699
    }, 
    {
        "accumulated_operating_revenue_yoy": 3.939828332116288, 
        "accumulated_operating_revenue": 886772, 
        "long_term_average": 151045, 
        "date": "2013-06-30", 
        "operating_revenue": 151688, 
        "short_term_average": 162008
    }, 
    {
        "accumulated_operating_revenue_yoy": 1.4988995919525396, 
        "accumulated_operating_revenue": 1030293, 
        "long_term_average": 149512, 
        "date": "2013-07-31", 
        "operating_revenue": 143521, 
        "short_term_average": 155923
    }, 
    {
        "accumulated_operating_revenue_yoy": -0.1631094174541602, 
        "accumulated_operating_revenue": 1168471, 
        "long_term_average": 148085, 
        "date": "2013-08-31", 
        "operating_revenue": 138178, 
        "short_term_average": 144462
    }, 
    {
        "accumulated_operating_revenue_yoy": -1.3506846446619258, 
        "accumulated_operating_revenue": 1309691, 
        "long_term_average": 146749, 
        "date": "2013-09-30", 
        "operating_revenue": 141220, 
        "short_term_average": 140973
    }, 
    {
        "accumulated_operating_revenue_yoy": -1.4747861464135446, 
        "accumulated_operating_revenue": 1437541, 
        "long_term_average": 146451, 
        "date": "2013-10-31", 
        "operating_revenue": 127850, 
        "short_term_average": 135749
    }, 
    {
        "accumulated_operating_revenue_yoy": -2.433770227449775, 
        "accumulated_operating_revenue": 1574316, 
        "long_term_average": 144971, 
        "date": "2013-11-30", 
        "operating_revenue": 136775, 
        "short_term_average": 135281
    }, 
    {
        "accumulated_operating_revenue_yoy": -4.163289168207855, 
        "accumulated_operating_revenue": 1704868, 
        "long_term_average": 142072, 
        "date": "2013-12-31", 
        "operating_revenue": 130552, 
        "short_term_average": 131725
    }, 
    {
        "accumulated_operating_revenue_yoy": -5.121261230524281, 
        "accumulated_operating_revenue": 133483, 
        "long_term_average": 141471, 
        "date": "2014-01-31", 
        "operating_revenue": 133483, 
        "short_term_average": 133603
    }, 
    {
        "accumulated_operating_revenue_yoy": 7.2007753314851, 
        "accumulated_operating_revenue": 277635, 
        "long_term_average": 143626, 
        "date": "2014-02-28", 
        "operating_revenue": 144152, 
        "short_term_average": 136062
    }, 
    {
        "accumulated_operating_revenue_yoy": 6.956508719965465, 
        "accumulated_operating_revenue": 428625, 
        "long_term_average": 144395, 
        "date": "2014-03-31", 
        "operating_revenue": 150990, 
        "short_term_average": 142875
    }, 
    {
        "accumulated_operating_revenue_yoy": 7.69960997081003, 
        "accumulated_operating_revenue": 605834, 
        "long_term_average": 145681, 
        "date": "2014-04-30", 
        "operating_revenue": 177209, 
        "short_term_average": 157450
    }, 
    {
        "accumulated_operating_revenue_yoy": 5.683160019807261, 
        "accumulated_operating_revenue": 776860, 
        "long_term_average": 145553, 
        "date": "2014-05-31", 
        "operating_revenue": 171026, 
        "short_term_average": 166408
    }, 
    {
        "accumulated_operating_revenue_yoy": 5.007375063714235, 
        "accumulated_operating_revenue": 931176, 
        "long_term_average": 145772, 
        "date": "2014-06-30", 
        "operating_revenue": 154316, 
        "short_term_average": 167517
    }, 
    {
        "accumulated_operating_revenue_yoy": 7.300641662129123, 
        "accumulated_operating_revenue": 1105511, 
        "long_term_average": 148340, 
        "date": "2014-07-31", 
        "operating_revenue": 174335, 
        "short_term_average": 166559
    }, 
    {
        "accumulated_operating_revenue_yoy": 8.624261962855732, 
        "accumulated_operating_revenue": 1269243, 
        "long_term_average": 150470, 
        "date": "2014-08-31", 
        "operating_revenue": 163732, 
        "short_term_average": 164127
    }, 
    {
        "accumulated_operating_revenue_yoy": 8.807573694863903, 
        "accumulated_operating_revenue": 1425043, 
        "long_term_average": 151685, 
        "date": "2014-09-30", 
        "operating_revenue": 155800, 
        "short_term_average": 164622
    }, 
    {
        "accumulated_operating_revenue_yoy": 9.909839093284992, 
        "accumulated_operating_revenue": 1579999, 
        "long_term_average": 153943, 
        "date": "2014-10-31", 
        "operating_revenue": 154956, 
        "short_term_average": 158162
    }, 
    {
        "accumulated_operating_revenue_yoy": 9.325764331938442, 
        "accumulated_operating_revenue": 1721133, 
        "long_term_average": 154307, 
        "date": "2014-11-30", 
        "operating_revenue": 141134, 
        "short_term_average": 150630
    }, 
    {
        "accumulated_operating_revenue_yoy": 10.043944751147889, 
        "accumulated_operating_revenue": 1876104, 
        "long_term_average": 156342, 
        "date": "2014-12-31", 
        "operating_revenue": 154971, 
        "short_term_average": 150353
    }, 
    {
        "accumulated_operating_revenue_yoy": 37.53736430856364, 
        "accumulated_operating_revenue": 183589, 
        "long_term_average": 160517, 
        "date": "2015-01-31", 
        "operating_revenue": 183589, 
        "short_term_average": 159898
    }, 
    {
        "accumulated_operating_revenue_yoy": 16.219857006501343, 
        "accumulated_operating_revenue": 322667, 
        "long_term_average": 160094, 
        "date": "2015-02-28", 
        "operating_revenue": 139078, 
        "short_term_average": 159212
    }, 
    {
        "accumulated_operating_revenue_yoy": 16.44421114027413, 
        "accumulated_operating_revenue": 499109, 
        "long_term_average": 162215, 
        "date": "2015-03-31", 
        "operating_revenue": 176442, 
        "short_term_average": 166369
    }, 
    {
        "accumulated_operating_revenue_yoy": 12.271183195396759, 
        "accumulated_operating_revenue": 680177, 
        "long_term_average": 162537, 
        "date": "2015-04-30", 
        "operating_revenue": 181068, 
        "short_term_average": 165529
    }, 
    {
        "accumulated_operating_revenue_yoy": 9.968462786087583, 
        "accumulated_operating_revenue": 854301, 
        "long_term_average": 162795, 
        "date": "2015-05-31", 
        "operating_revenue": 174124, 
        "short_term_average": 177211
    }, 
    {
        "accumulated_operating_revenue_yoy": 8.709309518286554, 
        "accumulated_operating_revenue": 1012275, 
        "long_term_average": 163100, 
        "date": "2015-06-30", 
        "operating_revenue": 157974, 
        "short_term_average": 171055
    }, 
    {
        "accumulated_operating_revenue_yoy": 7.703586848072972, 
        "accumulated_operating_revenue": 1190675, 
        "long_term_average": 163439, 
        "date": "2015-07-31", 
        "operating_revenue": 178400, 
        "short_term_average": 170166
    }, 
    {
        "accumulated_operating_revenue_yoy": 5.900209810099406, 
        "accumulated_operating_revenue": 1344131, 
        "long_term_average": 162582, 
        "date": "2015-08-31", 
        "operating_revenue": 153456, 
        "short_term_average": 163276
    }
]