[
    {
        "date": "2011-09-30", 
        "operating_revenue": 5420341, 
        "accumulated_operating_revenue": 5420341, 
        "long_term_average": 5420341, 
        "short_term_average": 5420341
    }, 
    {
        "date": "2011-10-31", 
        "operating_revenue": 5712719, 
        "accumulated_operating_revenue": 11133060, 
        "long_term_average": 5566530, 
        "short_term_average": 5566530
    }, 
    {
        "date": "2011-11-30", 
        "operating_revenue": 4945401, 
        "accumulated_operating_revenue": 16078461, 
        "long_term_average": 5359487, 
        "short_term_average": 5359487
    }, 
    {
        "date": "2011-12-31", 
        "operating_revenue": 4751961, 
        "accumulated_operating_revenue": 20830422, 
        "long_term_average": 5207605, 
        "short_term_average": 5136693
    }, 
    {
        "date": "2012-01-31", 
        "operating_revenue": 5695544, 
        "accumulated_operating_revenue": 5695544, 
        "long_term_average": 5305193, 
        "short_term_average": 5130968
    }, 
    {
        "date": "2012-02-29", 
        "operating_revenue": 5897331, 
        "accumulated_operating_revenue": 11592875, 
        "long_term_average": 5403882, 
        "short_term_average": 5448278
    }, 
    {
        "date": "2012-03-31", 
        "operating_revenue": 6084565, 
        "accumulated_operating_revenue": 17677440, 
        "long_term_average": 5501123, 
        "short_term_average": 5892480
    }, 
    {
        "date": "2012-04-30", 
        "operating_revenue": 6706105, 
        "accumulated_operating_revenue": 24383545, 
        "long_term_average": 5651745, 
        "short_term_average": 6229333
    }, 
    {
        "date": "2012-05-31", 
        "operating_revenue": 6927666, 
        "accumulated_operating_revenue": 31311211, 
        "long_term_average": 5793514, 
        "short_term_average": 6572778
    }, 
    {
        "date": "2012-06-30", 
        "operating_revenue": 7687145, 
        "accumulated_operating_revenue": 38998356, 
        "long_term_average": 5982877, 
        "short_term_average": 7106972
    }, 
    {
        "date": "2012-07-31", 
        "operating_revenue": 6516605, 
        "accumulated_operating_revenue": 45514961, 
        "long_term_average": 6031398, 
        "short_term_average": 7043805
    }, 
    {
        "date": "2012-08-31", 
        "operating_revenue": 5635839, 
        "accumulated_operating_revenue": 51150800, 
        "long_term_average": 5998435, 
        "short_term_average": 6613196
    }, 
    {
        "accumulated_operating_revenue_yoy": 947.4583425655323, 
        "accumulated_operating_revenue": 56775814, 
        "long_term_average": 6015491, 
        "date": "2012-09-30", 
        "operating_revenue": 5625014, 
        "short_term_average": 5925819
    }, 
    {
        "accumulated_operating_revenue_yoy": 465.1316888618224, 
        "accumulated_operating_revenue": 62916450, 
        "long_term_average": 6051151, 
        "date": "2012-10-31", 
        "operating_revenue": 6140636, 
        "short_term_average": 5800496
    }, 
    {
        "accumulated_operating_revenue_yoy": 334.89022363520985, 
        "accumulated_operating_revenue": 69923655, 
        "long_term_average": 6222968, 
        "date": "2012-11-30", 
        "operating_revenue": 7007205, 
        "short_term_average": 6257618
    }, 
    {
        "accumulated_operating_revenue_yoy": 267.0878919303699, 
        "accumulated_operating_revenue": 76465957, 
        "long_term_average": 6372163, 
        "date": "2012-12-31", 
        "operating_revenue": 6542302, 
        "short_term_average": 6563381
    }, 
    {
        "accumulated_operating_revenue_yoy": 3.402098201681876, 
        "accumulated_operating_revenue": 5889312, 
        "long_term_average": 6388310, 
        "date": "2013-01-31", 
        "operating_revenue": 5889312, 
        "short_term_average": 6479606
    }, 
    {
        "accumulated_operating_revenue_yoy": -2.7174104784188566, 
        "accumulated_operating_revenue": 11277849, 
        "long_term_average": 6345910, 
        "date": "2013-02-28", 
        "operating_revenue": 5388537, 
        "short_term_average": 5940050
    }, 
    {
        "accumulated_operating_revenue_yoy": -1.1032479816081968, 
        "accumulated_operating_revenue": 17482414, 
        "long_term_average": 6355910, 
        "date": "2013-03-31", 
        "operating_revenue": 6204565, 
        "short_term_average": 5827471
    }, 
    {
        "accumulated_operating_revenue_yoy": -8.967514772769915, 
        "accumulated_operating_revenue": 22196947, 
        "long_term_average": 6189946, 
        "date": "2013-04-30", 
        "operating_revenue": 4714533, 
        "short_term_average": 5435878
    }, 
    {
        "accumulated_operating_revenue_yoy": -15.891384718400065, 
        "accumulated_operating_revenue": 26335426, 
        "long_term_average": 5957514, 
        "date": "2013-05-31", 
        "operating_revenue": 4138479, 
        "short_term_average": 5019192
    }, 
    {
        "accumulated_operating_revenue_yoy": -22.69538233868115, 
        "accumulated_operating_revenue": 30147530, 
        "long_term_average": 5634594, 
        "date": "2013-06-30", 
        "operating_revenue": 3812104, 
        "short_term_average": 4221705
    }, 
    {
        "accumulated_operating_revenue_yoy": -24.195446415959797, 
        "accumulated_operating_revenue": 34502413, 
        "long_term_average": 5454450, 
        "date": "2013-07-31", 
        "operating_revenue": 4354883, 
        "short_term_average": 4101822
    }, 
    {
        "accumulated_operating_revenue_yoy": -21.906857761755436, 
        "accumulated_operating_revenue": 39945267, 
        "long_term_average": 5438368, 
        "date": "2013-08-31", 
        "operating_revenue": 5442854, 
        "short_term_average": 4536613
    }, 
    {
        "accumulated_operating_revenue_yoy": -21.013347338357843, 
        "accumulated_operating_revenue": 44845315, 
        "long_term_average": 5377954, 
        "date": "2013-09-30", 
        "operating_revenue": 4900048, 
        "short_term_average": 4899261
    }, 
    {
        "accumulated_operating_revenue_yoy": -19.89548679240485, 
        "accumulated_operating_revenue": 50398916, 
        "long_term_average": 5329035, 
        "date": "2013-10-31", 
        "operating_revenue": 5553601, 
        "short_term_average": 5298834
    }, 
    {
        "accumulated_operating_revenue_yoy": -18.850697950500443, 
        "accumulated_operating_revenue": 56742558, 
        "long_term_average": 5273738, 
        "date": "2013-11-30", 
        "operating_revenue": 6343642, 
        "short_term_average": 5599097
    }, 
    {
        "accumulated_operating_revenue_yoy": -17.009171807004257, 
        "accumulated_operating_revenue": 63459731, 
        "long_term_average": 5288310, 
        "date": "2013-12-31", 
        "operating_revenue": 6717173, 
        "short_term_average": 6204805
    }, 
    {
        "accumulated_operating_revenue_yoy": -5.918127618302443, 
        "accumulated_operating_revenue": 5540775, 
        "long_term_average": 5259266, 
        "date": "2014-01-31", 
        "operating_revenue": 5540775, 
        "short_term_average": 6200530
    }, 
    {
        "accumulated_operating_revenue_yoy": -20.72885529855915, 
        "accumulated_operating_revenue": 8940080, 
        "long_term_average": 5093496, 
        "date": "2014-02-28", 
        "operating_revenue": 3399305, 
        "short_term_average": 5219084
    }, 
    {
        "accumulated_operating_revenue_yoy": -27.85415675432466, 
        "accumulated_operating_revenue": 12612835, 
        "long_term_average": 4882512, 
        "date": "2014-03-31", 
        "operating_revenue": 3672755, 
        "short_term_average": 4204278
    }, 
    {
        "accumulated_operating_revenue_yoy": -26.94684093267421, 
        "accumulated_operating_revenue": 16215571, 
        "long_term_average": 4789862, 
        "date": "2014-04-30", 
        "operating_revenue": 3602736, 
        "short_term_average": 3558265
    }, 
    {
        "accumulated_operating_revenue_yoy": -27.18696101593344, 
        "accumulated_operating_revenue": 19175624, 
        "long_term_average": 4691660, 
        "date": "2014-05-31", 
        "operating_revenue": 2960053, 
        "short_term_average": 3411848
    }, 
    {
        "accumulated_operating_revenue_yoy": -22.481768821525343, 
        "accumulated_operating_revenue": 23369832, 
        "long_term_average": 4723502, 
        "date": "2014-06-30", 
        "operating_revenue": 4194208, 
        "short_term_average": 3585665
    }, 
    {
        "accumulated_operating_revenue_yoy": -19.471559858726405, 
        "accumulated_operating_revenue": 27784255, 
        "long_term_average": 4728464, 
        "date": "2014-07-31", 
        "operating_revenue": 4414423, 
        "short_term_average": 3856228
    }, 
    {
        "accumulated_operating_revenue_yoy": -20.75376038918453, 
        "accumulated_operating_revenue": 31655122, 
        "long_term_average": 4597465, 
        "date": "2014-08-31", 
        "operating_revenue": 3870867, 
        "short_term_average": 4159832
    }, 
    {
        "accumulated_operating_revenue_yoy": -18.85511340482278, 
        "accumulated_operating_revenue": 36389680, 
        "long_term_average": 4583674, 
        "date": "2014-09-30", 
        "operating_revenue": 4734558, 
        "short_term_average": 4339949
    }, 
    {
        "accumulated_operating_revenue_yoy": -17.55658197092969, 
        "accumulated_operating_revenue": 41550589, 
        "long_term_average": 4550950, 
        "date": "2014-10-31", 
        "operating_revenue": 5160909, 
        "short_term_average": 4588778
    }, 
    {
        "accumulated_operating_revenue_yoy": -17.88825241188457, 
        "accumulated_operating_revenue": 46592306, 
        "long_term_average": 4442456, 
        "date": "2014-11-30", 
        "operating_revenue": 5041717, 
        "short_term_average": 4979061
    }, 
    {
        "accumulated_operating_revenue_yoy": -19.012831932741726, 
        "accumulated_operating_revenue": 51394239, 
        "long_term_average": 4282853, 
        "date": "2014-12-31", 
        "operating_revenue": 4801933, 
        "short_term_average": 5001519
    }, 
    {
        "accumulated_operating_revenue_yoy": -33.48311382432963, 
        "accumulated_operating_revenue": 3685551, 
        "long_term_average": 4128251, 
        "date": "2015-01-31", 
        "operating_revenue": 3685551, 
        "short_term_average": 4509733
    }, 
    {
        "accumulated_operating_revenue_yoy": -29.218340328050758, 
        "accumulated_operating_revenue": 6327937, 
        "long_term_average": 4065174, 
        "date": "2015-02-28", 
        "operating_revenue": 2642386, 
        "short_term_average": 3709956
    }, 
    {
        "accumulated_operating_revenue_yoy": -25.175529530038247, 
        "accumulated_operating_revenue": 9437487, 
        "long_term_average": 4018240, 
        "date": "2015-03-31", 
        "operating_revenue": 3109550, 
        "short_term_average": 3145829
    }, 
    {
        "accumulated_operating_revenue_yoy": -21.721615600215376, 
        "accumulated_operating_revenue": 12693287, 
        "long_term_average": 3989329, 
        "date": "2015-04-30", 
        "operating_revenue": 3255800, 
        "short_term_average": 3002578
    }, 
    {
        "accumulated_operating_revenue_yoy": -18.237044072203336, 
        "accumulated_operating_revenue": 15678557, 
        "long_term_average": 3991431, 
        "date": "2015-05-31", 
        "operating_revenue": 2985270, 
        "short_term_average": 3116873
    }, 
    {
        "accumulated_operating_revenue_yoy": -19.80017229049828, 
        "accumulated_operating_revenue": 18742565, 
        "long_term_average": 3897247, 
        "date": "2015-06-30", 
        "operating_revenue": 3064008, 
        "short_term_average": 3101692
    }, 
    {
        "accumulated_operating_revenue_yoy": -20.053328764798625, 
        "accumulated_operating_revenue": 22212587, 
        "long_term_average": 3818547, 
        "date": "2015-07-31", 
        "operating_revenue": 3470022, 
        "short_term_average": 3173100
    }, 
    {
        "accumulated_operating_revenue_yoy": -13.567147206066682, 
        "accumulated_operating_revenue": 27360425, 
        "long_term_average": 3924961, 
        "date": "2015-08-31", 
        "operating_revenue": 5147838, 
        "short_term_average": 3893956
    }
]