[
    {
        "date": "2012-01-31", 
        "operating_revenue": 29, 
        "accumulated_operating_revenue": 29, 
        "long_term_average": 29, 
        "short_term_average": 29
    }, 
    {
        "date": "2012-02-29", 
        "operating_revenue": 28, 
        "accumulated_operating_revenue": 57, 
        "long_term_average": 28, 
        "short_term_average": 28
    }, 
    {
        "date": "2012-03-31", 
        "operating_revenue": 349, 
        "accumulated_operating_revenue": 406, 
        "long_term_average": 135, 
        "short_term_average": 135
    }, 
    {
        "date": "2012-04-30", 
        "operating_revenue": 108, 
        "accumulated_operating_revenue": 514, 
        "long_term_average": 128, 
        "short_term_average": 161
    }, 
    {
        "date": "2012-05-31", 
        "operating_revenue": 29, 
        "accumulated_operating_revenue": 543, 
        "long_term_average": 108, 
        "short_term_average": 162
    }, 
    {
        "date": "2012-06-30", 
        "operating_revenue": 108, 
        "accumulated_operating_revenue": 651, 
        "long_term_average": 108, 
        "short_term_average": 81
    }, 
    {
        "date": "2012-07-31", 
        "operating_revenue": 31944, 
        "accumulated_operating_revenue": 32595, 
        "long_term_average": 4656, 
        "short_term_average": 10693
    }, 
    {
        "date": "2012-08-31", 
        "operating_revenue": 34049, 
        "accumulated_operating_revenue": 66644, 
        "long_term_average": 8330, 
        "short_term_average": 22033
    }, 
    {
        "date": "2012-09-30", 
        "operating_revenue": 36223, 
        "accumulated_operating_revenue": 102867, 
        "long_term_average": 11429, 
        "short_term_average": 34072
    }, 
    {
        "date": "2012-10-31", 
        "operating_revenue": 108, 
        "accumulated_operating_revenue": 102975, 
        "long_term_average": 10297, 
        "short_term_average": 23460
    }, 
    {
        "date": "2012-11-30", 
        "operating_revenue": 2375, 
        "accumulated_operating_revenue": 105350, 
        "long_term_average": 9577, 
        "short_term_average": 12902
    }, 
    {
        "date": "2012-12-31", 
        "operating_revenue": 1337303, 
        "accumulated_operating_revenue": 1442653, 
        "long_term_average": 120221, 
        "short_term_average": 446595
    }, 
    {
        "accumulated_operating_revenue_yoy": 470082.7586206897, 
        "accumulated_operating_revenue": 136353, 
        "long_term_average": 131581, 
        "date": "2013-01-31", 
        "operating_revenue": 136353, 
        "short_term_average": 492010
    }, 
    {
        "accumulated_operating_revenue_yoy": 366264.91228070174, 
        "accumulated_operating_revenue": 208828, 
        "long_term_average": 137618, 
        "date": "2013-02-28", 
        "operating_revenue": 72475, 
        "short_term_average": 515377
    }, 
    {
        "accumulated_operating_revenue_yoy": 97968.47290640394, 
        "accumulated_operating_revenue": 398158, 
        "long_term_average": 153367, 
        "date": "2013-03-31", 
        "operating_revenue": 189330, 
        "short_term_average": 132719
    }, 
    {
        "accumulated_operating_revenue_yoy": 79261.08949416342, 
        "accumulated_operating_revenue": 407916, 
        "long_term_average": 154171, 
        "date": "2013-04-30", 
        "operating_revenue": 9758, 
        "short_term_average": 90521
    }, 
    {
        "accumulated_operating_revenue_yoy": 92725.96685082873, 
        "accumulated_operating_revenue": 504045, 
        "long_term_average": 162179, 
        "date": "2013-05-31", 
        "operating_revenue": 96129, 
        "short_term_average": 98405
    }, 
    {
        "accumulated_operating_revenue_yoy": 110161.5975422427, 
        "accumulated_operating_revenue": 717803, 
        "long_term_average": 179983, 
        "date": "2013-06-30", 
        "operating_revenue": 213758, 
        "short_term_average": 106548
    }, 
    {
        "accumulated_operating_revenue_yoy": 2107.479674796748, 
        "accumulated_operating_revenue": 719528, 
        "long_term_average": 177465, 
        "date": "2013-07-31", 
        "operating_revenue": 1725, 
        "short_term_average": 103870
    }, 
    {
        "accumulated_operating_revenue_yoy": 1131.3996758898024, 
        "accumulated_operating_revenue": 820654, 
        "long_term_average": 183055, 
        "date": "2013-08-31", 
        "operating_revenue": 101126, 
        "short_term_average": 105536
    }, 
    {
        "accumulated_operating_revenue_yoy": 735.6100595915113, 
        "accumulated_operating_revenue": 859567, 
        "long_term_average": 183279, 
        "date": "2013-09-30", 
        "operating_revenue": 38913, 
        "short_term_average": 47254
    }, 
    {
        "accumulated_operating_revenue_yoy": 779.5678562757951, 
        "accumulated_operating_revenue": 905735, 
        "long_term_average": 187117, 
        "date": "2013-10-31", 
        "operating_revenue": 46168, 
        "short_term_average": 62069
    }, 
    {
        "accumulated_operating_revenue_yoy": 788.2524916943521, 
        "accumulated_operating_revenue": 935774, 
        "long_term_average": 189423, 
        "date": "2013-11-30", 
        "operating_revenue": 30039, 
        "short_term_average": 38373
    }, 
    {
        "accumulated_operating_revenue_yoy": -33.421897018895045, 
        "accumulated_operating_revenue": 960491, 
        "long_term_average": 80040, 
        "date": "2013-12-31", 
        "operating_revenue": 24717, 
        "short_term_average": 33641
    }, 
    {
        "accumulated_operating_revenue_yoy": -59.508041627246925, 
        "accumulated_operating_revenue": 55212, 
        "long_term_average": 73279, 
        "date": "2014-01-31", 
        "operating_revenue": 55212, 
        "short_term_average": 36656
    }, 
    {
        "accumulated_operating_revenue_yoy": -73.4274139483211, 
        "accumulated_operating_revenue": 55491, 
        "long_term_average": 67262, 
        "date": "2014-02-28", 
        "operating_revenue": 279, 
        "short_term_average": 26736
    }, 
    {
        "accumulated_operating_revenue_yoy": -80.71770503167085, 
        "accumulated_operating_revenue": 76774, 
        "long_term_average": 53258, 
        "date": "2014-03-31", 
        "operating_revenue": 21283, 
        "short_term_average": 25591
    }, 
    {
        "accumulated_operating_revenue_yoy": -81.14734406103217, 
        "accumulated_operating_revenue": 76903, 
        "long_term_average": 52456, 
        "date": "2014-04-30", 
        "operating_revenue": 129, 
        "short_term_average": 7230
    }, 
    {
        "accumulated_operating_revenue_yoy": -84.64581535378785, 
        "accumulated_operating_revenue": 77392, 
        "long_term_average": 44486, 
        "date": "2014-05-31", 
        "operating_revenue": 489, 
        "short_term_average": 7300
    }, 
    {
        "accumulated_operating_revenue_yoy": 225.39248233846888, 
        "accumulated_operating_revenue": 2335677, 
        "long_term_average": 214863, 
        "date": "2014-06-30", 
        "operating_revenue": 2258285, 
        "short_term_average": 752967
    }, 
    {
        "accumulated_operating_revenue_yoy": 307.7131119289312, 
        "accumulated_operating_revenue": 2933610, 
        "long_term_average": 264547, 
        "date": "2014-07-31", 
        "operating_revenue": 597933, 
        "short_term_average": 952235
    }, 
    {
        "accumulated_operating_revenue_yoy": 354.0104599502348, 
        "accumulated_operating_revenue": 3725855, 
        "long_term_average": 322141, 
        "date": "2014-08-31", 
        "operating_revenue": 792245, 
        "short_term_average": 1216154
    }, 
    {
        "accumulated_operating_revenue_yoy": 366.0831558214776, 
        "accumulated_operating_revenue": 4006297, 
        "long_term_average": 342268, 
        "date": "2014-09-30", 
        "operating_revenue": 280442, 
        "short_term_average": 556873
    }, 
    {
        "accumulated_operating_revenue_yoy": 364.675208532297, 
        "accumulated_operating_revenue": 4208726, 
        "long_term_average": 355290, 
        "date": "2014-10-31", 
        "operating_revenue": 202429, 
        "short_term_average": 425038
    }, 
    {
        "accumulated_operating_revenue_yoy": 401.85675173706466, 
        "accumulated_operating_revenue": 4696245, 
        "long_term_average": 393413, 
        "date": "2014-11-30", 
        "operating_revenue": 487519, 
        "short_term_average": 323463
    }, 
    {
        "accumulated_operating_revenue_yoy": 401.0002175970415, 
        "accumulated_operating_revenue": 4812062, 
        "long_term_average": 401005, 
        "date": "2014-12-31", 
        "operating_revenue": 115817, 
        "short_term_average": 268588
    }, 
    {
        "accumulated_operating_revenue_yoy": 100.12135043106571, 
        "accumulated_operating_revenue": 110491, 
        "long_term_average": 405611, 
        "date": "2015-01-31", 
        "operating_revenue": 110491, 
        "short_term_average": 237942
    }, 
    {
        "accumulated_operating_revenue_yoy": 933.7442107729181, 
        "accumulated_operating_revenue": 573635, 
        "long_term_average": 444183, 
        "date": "2015-02-28", 
        "operating_revenue": 463144, 
        "short_term_average": 229817
    }, 
    {
        "accumulated_operating_revenue_yoy": 1629.4722171568499, 
        "accumulated_operating_revenue": 1327785, 
        "long_term_average": 505256, 
        "date": "2015-03-31", 
        "operating_revenue": 754150, 
        "short_term_average": 442595
    }, 
    {
        "accumulated_operating_revenue_yoy": 1942.4651834128706, 
        "accumulated_operating_revenue": 1570717, 
        "long_term_average": 525489, 
        "date": "2015-04-30", 
        "operating_revenue": 242932, 
        "short_term_average": 486742
    }, 
    {
        "accumulated_operating_revenue_yoy": 2226.3270105437255, 
        "accumulated_operating_revenue": 1800391, 
        "long_term_average": 544588, 
        "date": "2015-05-31", 
        "operating_revenue": 229674, 
        "short_term_average": 408918
    }, 
    {
        "accumulated_operating_revenue_yoy": -20.80291923926125, 
        "accumulated_operating_revenue": 1849788, 
        "long_term_average": 360514, 
        "date": "2015-06-30", 
        "operating_revenue": 49397, 
        "short_term_average": 174001
    }, 
    {
        "accumulated_operating_revenue_yoy": -35.2404034619462, 
        "accumulated_operating_revenue": 1899794, 
        "long_term_average": 314853, 
        "date": "2015-07-31", 
        "operating_revenue": 50006, 
        "short_term_average": 109692
    }, 
    {
        "accumulated_operating_revenue_yoy": -48.329739080023245, 
        "accumulated_operating_revenue": 1925159, 
        "long_term_average": 250947, 
        "date": "2015-08-31", 
        "operating_revenue": 25365, 
        "short_term_average": 41589
    }
]