[
    {
        "date": "2012-01-31", 
        "operating_revenue": 25798, 
        "accumulated_operating_revenue": 25798, 
        "long_term_average": 25798, 
        "short_term_average": 25798
    }, 
    {
        "date": "2012-02-29", 
        "operating_revenue": 22520, 
        "accumulated_operating_revenue": 48318, 
        "long_term_average": 24159, 
        "short_term_average": 24159
    }, 
    {
        "date": "2012-03-31", 
        "operating_revenue": 13138, 
        "accumulated_operating_revenue": 61456, 
        "long_term_average": 20485, 
        "short_term_average": 20485
    }, 
    {
        "date": "2012-04-30", 
        "operating_revenue": 32621, 
        "accumulated_operating_revenue": 94077, 
        "long_term_average": 23519, 
        "short_term_average": 22759
    }, 
    {
        "date": "2012-05-31", 
        "operating_revenue": 25131, 
        "accumulated_operating_revenue": 119208, 
        "long_term_average": 23841, 
        "short_term_average": 23630
    }, 
    {
        "date": "2012-06-30", 
        "operating_revenue": 8063, 
        "accumulated_operating_revenue": 127271, 
        "long_term_average": 21211, 
        "short_term_average": 21938
    }, 
    {
        "date": "2012-07-31", 
        "operating_revenue": 39349, 
        "accumulated_operating_revenue": 166620, 
        "long_term_average": 23802, 
        "short_term_average": 24181
    }, 
    {
        "date": "2012-08-31", 
        "operating_revenue": 31360, 
        "accumulated_operating_revenue": 197980, 
        "long_term_average": 24747, 
        "short_term_average": 26257
    }, 
    {
        "date": "2012-09-30", 
        "operating_revenue": 38016, 
        "accumulated_operating_revenue": 235996, 
        "long_term_average": 26221, 
        "short_term_average": 36241
    }, 
    {
        "date": "2012-10-31", 
        "operating_revenue": 20930, 
        "accumulated_operating_revenue": 256926, 
        "long_term_average": 25692, 
        "short_term_average": 30102
    }, 
    {
        "date": "2012-11-30", 
        "operating_revenue": 14630, 
        "accumulated_operating_revenue": 271556, 
        "long_term_average": 24686, 
        "short_term_average": 24525
    }, 
    {
        "date": "2012-12-31", 
        "operating_revenue": 10253, 
        "accumulated_operating_revenue": 281809, 
        "long_term_average": 23484, 
        "short_term_average": 15271
    }, 
    {
        "accumulated_operating_revenue_yoy": -56.33382432746724, 
        "accumulated_operating_revenue": 11265, 
        "long_term_average": 22273, 
        "date": "2013-01-31", 
        "operating_revenue": 11265, 
        "short_term_average": 12049
    }, 
    {
        "accumulated_operating_revenue_yoy": -55.37480855995695, 
        "accumulated_operating_revenue": 21562, 
        "long_term_average": 21254, 
        "date": "2013-02-28", 
        "operating_revenue": 10297, 
        "short_term_average": 10605
    }, 
    {
        "accumulated_operating_revenue_yoy": -49.550898203592816, 
        "accumulated_operating_revenue": 31004, 
        "long_term_average": 20946, 
        "date": "2013-03-31", 
        "operating_revenue": 9442, 
        "short_term_average": 10334
    }, 
    {
        "accumulated_operating_revenue_yoy": -45.37453362671003, 
        "accumulated_operating_revenue": 51390, 
        "long_term_average": 19926, 
        "date": "2013-04-30", 
        "operating_revenue": 20386, 
        "short_term_average": 13375
    }, 
    {
        "accumulated_operating_revenue_yoy": -42.277363935306354, 
        "accumulated_operating_revenue": 68810, 
        "long_term_average": 19284, 
        "date": "2013-05-31", 
        "operating_revenue": 17420, 
        "short_term_average": 15749
    }, 
    {
        "accumulated_operating_revenue_yoy": -37.007645103754975, 
        "accumulated_operating_revenue": 80171, 
        "long_term_average": 19559, 
        "date": "2013-06-30", 
        "operating_revenue": 11361, 
        "short_term_average": 16389
    }, 
    {
        "accumulated_operating_revenue_yoy": -41.20453727043572, 
        "accumulated_operating_revenue": 97965, 
        "long_term_average": 17762, 
        "date": "2013-07-31", 
        "operating_revenue": 17794, 
        "short_term_average": 15525
    }, 
    {
        "accumulated_operating_revenue_yoy": -42.96292554803515, 
        "accumulated_operating_revenue": 112922, 
        "long_term_average": 16395, 
        "date": "2013-08-31", 
        "operating_revenue": 14957, 
        "short_term_average": 14704
    }, 
    {
        "accumulated_operating_revenue_yoy": -47.880896286377734, 
        "accumulated_operating_revenue": 122999, 
        "long_term_average": 14067, 
        "date": "2013-09-30", 
        "operating_revenue": 10077, 
        "short_term_average": 14276
    }, 
    {
        "accumulated_operating_revenue_yoy": -50.403228945299425, 
        "accumulated_operating_revenue": 127427, 
        "long_term_average": 12692, 
        "date": "2013-10-31", 
        "operating_revenue": 4428, 
        "short_term_average": 9820
    }, 
    {
        "accumulated_operating_revenue_yoy": -46.5554066196291, 
        "accumulated_operating_revenue": 145132, 
        "long_term_average": 12948, 
        "date": "2013-11-30", 
        "operating_revenue": 17705, 
        "short_term_average": 10736
    }, 
    {
        "accumulated_operating_revenue_yoy": -45.4602230588803, 
        "accumulated_operating_revenue": 153698, 
        "long_term_average": 12808, 
        "date": "2013-12-31", 
        "operating_revenue": 8566, 
        "short_term_average": 10233
    }, 
    {
        "accumulated_operating_revenue_yoy": -64.78473146915225, 
        "accumulated_operating_revenue": 3967, 
        "long_term_average": 12200, 
        "date": "2014-01-31", 
        "operating_revenue": 3967, 
        "short_term_average": 10079
    }, 
    {
        "accumulated_operating_revenue_yoy": -31.61116779519525, 
        "accumulated_operating_revenue": 14746, 
        "long_term_average": 12240, 
        "date": "2014-02-28", 
        "operating_revenue": 10779, 
        "short_term_average": 7770
    }, 
    {
        "accumulated_operating_revenue_yoy": 156.59914849696816, 
        "accumulated_operating_revenue": 79556, 
        "long_term_average": 16854, 
        "date": "2014-03-31", 
        "operating_revenue": 64810, 
        "short_term_average": 26518
    }, 
    {
        "accumulated_operating_revenue_yoy": 89.46293053123175, 
        "accumulated_operating_revenue": 97365, 
        "long_term_average": 16639, 
        "date": "2014-04-30", 
        "operating_revenue": 17809, 
        "short_term_average": 31132
    }, 
    {
        "accumulated_operating_revenue_yoy": 86.029646853655, 
        "accumulated_operating_revenue": 128007, 
        "long_term_average": 17741, 
        "date": "2014-05-31", 
        "operating_revenue": 30642, 
        "short_term_average": 37753
    }, 
    {
        "accumulated_operating_revenue_yoy": 131.91553055344204, 
        "accumulated_operating_revenue": 185929, 
        "long_term_average": 21621, 
        "date": "2014-06-30", 
        "operating_revenue": 57922, 
        "short_term_average": 35457
    }, 
    {
        "accumulated_operating_revenue_yoy": 128.12024702699944, 
        "accumulated_operating_revenue": 223478, 
        "long_term_average": 23267, 
        "date": "2014-07-31", 
        "operating_revenue": 37549, 
        "short_term_average": 42037
    }, 
    {
        "accumulated_operating_revenue_yoy": 138.27155027364023, 
        "accumulated_operating_revenue": 269061, 
        "long_term_average": 25819, 
        "date": "2014-08-31", 
        "operating_revenue": 45583, 
        "short_term_average": 47018
    }, 
    {
        "accumulated_operating_revenue_yoy": 177.37136074277026, 
        "accumulated_operating_revenue": 341164, 
        "long_term_average": 30988, 
        "date": "2014-09-30", 
        "operating_revenue": 72103, 
        "short_term_average": 51745
    }, 
    {
        "accumulated_operating_revenue_yoy": 238.8614657804076, 
        "accumulated_operating_revenue": 431801, 
        "long_term_average": 38172, 
        "date": "2014-10-31", 
        "operating_revenue": 90637, 
        "short_term_average": 69441
    }, 
    {
        "accumulated_operating_revenue_yoy": 270.1547556706998, 
        "accumulated_operating_revenue": 537213, 
        "long_term_average": 45481, 
        "date": "2014-11-30", 
        "operating_revenue": 105412, 
        "short_term_average": 89384
    }, 
    {
        "accumulated_operating_revenue_yoy": 309.99687699254383, 
        "accumulated_operating_revenue": 630157, 
        "long_term_average": 52513, 
        "date": "2014-12-31", 
        "operating_revenue": 92944, 
        "short_term_average": 96331
    }, 
    {
        "accumulated_operating_revenue_yoy": 2313.6123014872696, 
        "accumulated_operating_revenue": 95748, 
        "long_term_average": 60161, 
        "date": "2015-01-31", 
        "operating_revenue": 95748, 
        "short_term_average": 98034
    }, 
    {
        "accumulated_operating_revenue_yoy": 998.935304489353, 
        "accumulated_operating_revenue": 162049, 
        "long_term_average": 64788, 
        "date": "2015-02-28", 
        "operating_revenue": 66301, 
        "short_term_average": 84997
    }, 
    {
        "accumulated_operating_revenue_yoy": 193.66861078988387, 
        "accumulated_operating_revenue": 233631, 
        "long_term_average": 65352, 
        "date": "2015-03-31", 
        "operating_revenue": 71582, 
        "short_term_average": 77877
    }, 
    {
        "accumulated_operating_revenue_yoy": 305.16201920608023, 
        "accumulated_operating_revenue": 394486, 
        "long_term_average": 77273, 
        "date": "2015-04-30", 
        "operating_revenue": 160855, 
        "short_term_average": 99579
    }, 
    {
        "accumulated_operating_revenue_yoy": 371.72420258267124, 
        "accumulated_operating_revenue": 603840, 
        "long_term_average": 92165, 
        "date": "2015-05-31", 
        "operating_revenue": 209354, 
        "short_term_average": 147263
    }, 
    {
        "accumulated_operating_revenue_yoy": 298.9818694232745, 
        "accumulated_operating_revenue": 741823, 
        "long_term_average": 98837, 
        "date": "2015-06-30", 
        "operating_revenue": 137983, 
        "short_term_average": 169397
    }, 
    {
        "accumulated_operating_revenue_yoy": 290.8384717958815, 
        "accumulated_operating_revenue": 873438, 
        "long_term_average": 106676, 
        "date": "2015-07-31", 
        "operating_revenue": 131615, 
        "short_term_average": 159650
    }, 
    {
        "accumulated_operating_revenue_yoy": 272.1962677608424, 
        "accumulated_operating_revenue": 1001435, 
        "long_term_average": 113544, 
        "date": "2015-08-31", 
        "operating_revenue": 127997, 
        "short_term_average": 132531
    }
]