[
    {
        "date": "2011-09-30", 
        "operating_revenue": 524303, 
        "accumulated_operating_revenue": 524303, 
        "long_term_average": 524303, 
        "short_term_average": 524303
    }, 
    {
        "date": "2011-10-31", 
        "operating_revenue": 516195, 
        "accumulated_operating_revenue": 1040498, 
        "long_term_average": 520249, 
        "short_term_average": 520249
    }, 
    {
        "date": "2011-11-30", 
        "operating_revenue": 535556, 
        "accumulated_operating_revenue": 1576054, 
        "long_term_average": 525351, 
        "short_term_average": 525351
    }, 
    {
        "date": "2011-12-31", 
        "operating_revenue": 653483, 
        "accumulated_operating_revenue": 2229537, 
        "long_term_average": 557384, 
        "short_term_average": 568411
    }, 
    {
        "date": "2012-01-31", 
        "operating_revenue": 812974, 
        "accumulated_operating_revenue": 812974, 
        "long_term_average": 608502, 
        "short_term_average": 667337
    }, 
    {
        "date": "2012-02-29", 
        "operating_revenue": 622279, 
        "accumulated_operating_revenue": 1435253, 
        "long_term_average": 610798, 
        "short_term_average": 696245
    }, 
    {
        "date": "2012-03-31", 
        "operating_revenue": 575208, 
        "accumulated_operating_revenue": 2010461, 
        "long_term_average": 605714, 
        "short_term_average": 670153
    }, 
    {
        "date": "2012-04-30", 
        "operating_revenue": 565139, 
        "accumulated_operating_revenue": 2575600, 
        "long_term_average": 600642, 
        "short_term_average": 587542
    }, 
    {
        "date": "2012-05-31", 
        "operating_revenue": 503053, 
        "accumulated_operating_revenue": 3078653, 
        "long_term_average": 589798, 
        "short_term_average": 547800
    }, 
    {
        "date": "2012-06-30", 
        "operating_revenue": 559518, 
        "accumulated_operating_revenue": 3638171, 
        "long_term_average": 586770, 
        "short_term_average": 542570
    }, 
    {
        "date": "2012-07-31", 
        "operating_revenue": 612482, 
        "accumulated_operating_revenue": 4250653, 
        "long_term_average": 589108, 
        "short_term_average": 558351
    }, 
    {
        "date": "2012-08-31", 
        "operating_revenue": 661754, 
        "accumulated_operating_revenue": 4912407, 
        "long_term_average": 595162, 
        "short_term_average": 611251
    }, 
    {
        "accumulated_operating_revenue_yoy": 938.1762072694606, 
        "accumulated_operating_revenue": 5443189, 
        "long_term_average": 595701, 
        "date": "2012-09-30", 
        "operating_revenue": 530782, 
        "short_term_average": 601672
    }, 
    {
        "accumulated_operating_revenue_yoy": 475.9733320006381, 
        "accumulated_operating_revenue": 5992991, 
        "long_term_average": 598502, 
        "date": "2012-10-31", 
        "operating_revenue": 549802, 
        "short_term_average": 580779
    }, 
    {
        "accumulated_operating_revenue_yoy": 315.46063777002564, 
        "accumulated_operating_revenue": 6547884, 
        "long_term_average": 600113, 
        "date": "2012-11-30", 
        "operating_revenue": 554893, 
        "short_term_average": 545159
    }, 
    {
        "accumulated_operating_revenue_yoy": 221.0602470378379, 
        "accumulated_operating_revenue": 7158157, 
        "long_term_average": 596513, 
        "date": "2012-12-31", 
        "operating_revenue": 610273, 
        "short_term_average": 571656
    }, 
    {
        "accumulated_operating_revenue_yoy": -30.007355708792655, 
        "accumulated_operating_revenue": 569022, 
        "long_term_average": 576183, 
        "date": "2013-01-31", 
        "operating_revenue": 569022, 
        "short_term_average": 578062
    }, 
    {
        "accumulated_operating_revenue_yoy": -2.9697203210862475, 
        "accumulated_operating_revenue": 1392630, 
        "long_term_average": 592961, 
        "date": "2013-02-28", 
        "operating_revenue": 823608, 
        "short_term_average": 667634
    }, 
    {
        "accumulated_operating_revenue_yoy": 2.8799364921776647, 
        "accumulated_operating_revenue": 2068361, 
        "long_term_average": 601338, 
        "date": "2013-03-31", 
        "operating_revenue": 675731, 
        "short_term_average": 689453
    }, 
    {
        "accumulated_operating_revenue_yoy": 6.896839571362012, 
        "accumulated_operating_revenue": 2753235, 
        "long_term_average": 611316, 
        "date": "2013-04-30", 
        "operating_revenue": 684874, 
        "short_term_average": 728071
    }, 
    {
        "accumulated_operating_revenue_yoy": 10.40451781996867, 
        "accumulated_operating_revenue": 3398972, 
        "long_term_average": 623206, 
        "date": "2013-05-31", 
        "operating_revenue": 645737, 
        "short_term_average": 668780
    }, 
    {
        "accumulated_operating_revenue_yoy": 10.502887302438506, 
        "accumulated_operating_revenue": 4020284, 
        "long_term_average": 628355, 
        "date": "2013-06-30", 
        "operating_revenue": 621312, 
        "short_term_average": 650641
    }, 
    {
        "accumulated_operating_revenue_yoy": 11.424174121011525, 
        "accumulated_operating_revenue": 4736255, 
        "long_term_average": 636979, 
        "date": "2013-07-31", 
        "operating_revenue": 715971, 
        "short_term_average": 661006
    }, 
    {
        "accumulated_operating_revenue_yoy": 12.147283398952895, 
        "accumulated_operating_revenue": 5509131, 
        "long_term_average": 646240, 
        "date": "2013-08-31", 
        "operating_revenue": 772876, 
        "short_term_average": 703386
    }, 
    {
        "accumulated_operating_revenue_yoy": 13.53982013117678, 
        "accumulated_operating_revenue": 6180187, 
        "long_term_average": 657929, 
        "date": "2013-09-30", 
        "operating_revenue": 671056, 
        "short_term_average": 719967
    }, 
    {
        "accumulated_operating_revenue_yoy": 15.047110866677423, 
        "accumulated_operating_revenue": 6894763, 
        "long_term_average": 671660, 
        "date": "2013-10-31", 
        "operating_revenue": 714576, 
        "short_term_average": 719502
    }, 
    {
        "accumulated_operating_revenue_yoy": 15.359847547696326, 
        "accumulated_operating_revenue": 7553629, 
        "long_term_average": 680325, 
        "date": "2013-11-30", 
        "operating_revenue": 658866, 
        "short_term_average": 681499
    }, 
    {
        "accumulated_operating_revenue_yoy": 16.078607943357486, 
        "accumulated_operating_revenue": 8309089, 
        "long_term_average": 692424, 
        "date": "2013-12-31", 
        "operating_revenue": 755460, 
        "short_term_average": 709634
    }, 
    {
        "accumulated_operating_revenue_yoy": 41.64092073768676, 
        "accumulated_operating_revenue": 805968, 
        "long_term_average": 712169, 
        "date": "2014-01-31", 
        "operating_revenue": 805968, 
        "short_term_average": 740098
    }, 
    {
        "accumulated_operating_revenue_yoy": 19.14069063570367, 
        "accumulated_operating_revenue": 1659189, 
        "long_term_average": 714637, 
        "date": "2014-02-28", 
        "operating_revenue": 853221, 
        "short_term_average": 804883
    }, 
    {
        "accumulated_operating_revenue_yoy": 19.954785455730406, 
        "accumulated_operating_revenue": 2481098, 
        "long_term_average": 726818, 
        "date": "2014-03-31", 
        "operating_revenue": 821909, 
        "short_term_average": 827032
    }, 
    {
        "accumulated_operating_revenue_yoy": 16.3622429614617, 
        "accumulated_operating_revenue": 3203726, 
        "long_term_average": 729965, 
        "date": "2014-04-30", 
        "operating_revenue": 722628, 
        "short_term_average": 799252
    }, 
    {
        "accumulated_operating_revenue_yoy": 15.832610565782831, 
        "accumulated_operating_revenue": 3937118, 
        "long_term_average": 737269, 
        "date": "2014-05-31", 
        "operating_revenue": 733392, 
        "short_term_average": 759309
    }, 
    {
        "accumulated_operating_revenue_yoy": 14.776866509928155, 
        "accumulated_operating_revenue": 4614356, 
        "long_term_average": 741930, 
        "date": "2014-06-30", 
        "operating_revenue": 677238, 
        "short_term_average": 711086
    }, 
    {
        "accumulated_operating_revenue_yoy": 13.950769120328191, 
        "accumulated_operating_revenue": 5396999, 
        "long_term_average": 747486, 
        "date": "2014-07-31", 
        "operating_revenue": 782643, 
        "short_term_average": 731091
    }, 
    {
        "accumulated_operating_revenue_yoy": 11.250286115904668, 
        "accumulated_operating_revenue": 6128924, 
        "long_term_average": 744073, 
        "date": "2014-08-31", 
        "operating_revenue": 731925, 
        "short_term_average": 730602
    }, 
    {
        "accumulated_operating_revenue_yoy": 10.215855927984057, 
        "accumulated_operating_revenue": 6811546, 
        "long_term_average": 745037, 
        "date": "2014-09-30", 
        "operating_revenue": 682622, 
        "short_term_average": 732396
    }, 
    {
        "accumulated_operating_revenue_yoy": 7.518010408769671, 
        "accumulated_operating_revenue": 7413112, 
        "long_term_average": 735619, 
        "date": "2014-10-31", 
        "operating_revenue": 601566, 
        "short_term_average": 672037
    }, 
    {
        "accumulated_operating_revenue_yoy": 9.310412253500932, 
        "accumulated_operating_revenue": 8256903, 
        "long_term_average": 751030, 
        "date": "2014-11-30", 
        "operating_revenue": 843791, 
        "short_term_average": 709326
    }, 
    {
        "accumulated_operating_revenue_yoy": 9.451168473463216, 
        "accumulated_operating_revenue": 9094395, 
        "long_term_average": 757866, 
        "date": "2014-12-31", 
        "operating_revenue": 837492, 
        "short_term_average": 760949
    }, 
    {
        "accumulated_operating_revenue_yoy": -14.434568121811287, 
        "accumulated_operating_revenue": 689630, 
        "long_term_average": 748171, 
        "date": "2015-01-31", 
        "operating_revenue": 689630, 
        "short_term_average": 790304
    }, 
    {
        "accumulated_operating_revenue_yoy": -0.0782912615741787, 
        "accumulated_operating_revenue": 1657890, 
        "long_term_average": 757758, 
        "date": "2015-02-28", 
        "operating_revenue": 968260, 
        "short_term_average": 831794
    }, 
    {
        "accumulated_operating_revenue_yoy": -1.0413534652802914, 
        "accumulated_operating_revenue": 2455261, 
        "long_term_average": 755713, 
        "date": "2015-03-31", 
        "operating_revenue": 797371, 
        "short_term_average": 818420
    }, 
    {
        "accumulated_operating_revenue_yoy": -0.7975713278850938, 
        "accumulated_operating_revenue": 3178174, 
        "long_term_average": 755736, 
        "date": "2015-04-30", 
        "operating_revenue": 722913, 
        "short_term_average": 829514
    }, 
    {
        "accumulated_operating_revenue_yoy": -0.058088175157564495, 
        "accumulated_operating_revenue": 3934831, 
        "long_term_average": 757675, 
        "date": "2015-05-31", 
        "operating_revenue": 756657, 
        "short_term_average": 758980
    }, 
    {
        "accumulated_operating_revenue_yoy": 0.6018608013772669, 
        "accumulated_operating_revenue": 4642128, 
        "long_term_average": 760180, 
        "date": "2015-06-30", 
        "operating_revenue": 707297, 
        "short_term_average": 728955
    }, 
    {
        "accumulated_operating_revenue_yoy": 0.5773578983431348, 
        "accumulated_operating_revenue": 5428159, 
        "long_term_average": 760462, 
        "date": "2015-07-31", 
        "operating_revenue": 786031, 
        "short_term_average": 749995
    }, 
    {
        "accumulated_operating_revenue_yoy": 2.823170918745281, 
        "accumulated_operating_revenue": 6301954, 
        "long_term_average": 772285, 
        "date": "2015-08-31", 
        "operating_revenue": 873795, 
        "short_term_average": 789041
    }
]