[
    {
        "date": "2011-09-30", 
        "operating_revenue": 451367, 
        "accumulated_operating_revenue": 451367, 
        "long_term_average": 451367, 
        "short_term_average": 451367
    }, 
    {
        "date": "2011-10-31", 
        "operating_revenue": 362903, 
        "accumulated_operating_revenue": 814270, 
        "long_term_average": 407135, 
        "short_term_average": 407135
    }, 
    {
        "date": "2011-11-30", 
        "operating_revenue": 299149, 
        "accumulated_operating_revenue": 1113419, 
        "long_term_average": 371139, 
        "short_term_average": 371139
    }, 
    {
        "date": "2011-12-31", 
        "operating_revenue": 305288, 
        "accumulated_operating_revenue": 1418707, 
        "long_term_average": 354676, 
        "short_term_average": 322446
    }, 
    {
        "date": "2012-01-31", 
        "operating_revenue": 275427, 
        "accumulated_operating_revenue": 275427, 
        "long_term_average": 338826, 
        "short_term_average": 293288
    }, 
    {
        "date": "2012-02-29", 
        "operating_revenue": 261310, 
        "accumulated_operating_revenue": 536737, 
        "long_term_average": 325907, 
        "short_term_average": 280675
    }, 
    {
        "date": "2012-03-31", 
        "operating_revenue": 299891, 
        "accumulated_operating_revenue": 836628, 
        "long_term_average": 322190, 
        "short_term_average": 278876
    }, 
    {
        "date": "2012-04-30", 
        "operating_revenue": 402029, 
        "accumulated_operating_revenue": 1238657, 
        "long_term_average": 332170, 
        "short_term_average": 321076
    }, 
    {
        "date": "2012-05-31", 
        "operating_revenue": 440972, 
        "accumulated_operating_revenue": 1679629, 
        "long_term_average": 344259, 
        "short_term_average": 380964
    }, 
    {
        "date": "2012-06-30", 
        "operating_revenue": 525926, 
        "accumulated_operating_revenue": 2205555, 
        "long_term_average": 362426, 
        "short_term_average": 456309
    }, 
    {
        "date": "2012-07-31", 
        "operating_revenue": 467499, 
        "accumulated_operating_revenue": 2673054, 
        "long_term_average": 371978, 
        "short_term_average": 478132
    }, 
    {
        "date": "2012-08-31", 
        "operating_revenue": 467780, 
        "accumulated_operating_revenue": 3140834, 
        "long_term_average": 379961, 
        "short_term_average": 487068
    }, 
    {
        "accumulated_operating_revenue_yoy": 681.3380242684999, 
        "accumulated_operating_revenue": 3526702, 
        "long_term_average": 374503, 
        "date": "2012-09-30", 
        "operating_revenue": 385868, 
        "short_term_average": 440382
    }, 
    {
        "accumulated_operating_revenue_yoy": 384.2815036781412, 
        "accumulated_operating_revenue": 3943359, 
        "long_term_average": 378983, 
        "date": "2012-10-31", 
        "operating_revenue": 416657, 
        "short_term_average": 423435
    }, 
    {
        "accumulated_operating_revenue_yoy": 284.72928879424546, 
        "accumulated_operating_revenue": 4283649, 
        "long_term_average": 382411, 
        "date": "2012-11-30", 
        "operating_revenue": 340290, 
        "short_term_average": 380938
    }, 
    {
        "accumulated_operating_revenue_yoy": 223.70214568617763, 
        "accumulated_operating_revenue": 4592385, 
        "long_term_average": 382698, 
        "date": "2012-12-31", 
        "operating_revenue": 308736, 
        "short_term_average": 355227
    }, 
    {
        "accumulated_operating_revenue_yoy": 20.8044236766911, 
        "accumulated_operating_revenue": 332728, 
        "long_term_average": 387473, 
        "date": "2013-01-31", 
        "operating_revenue": 332728, 
        "short_term_average": 327251
    }, 
    {
        "accumulated_operating_revenue_yoy": 28.471113413086858, 
        "accumulated_operating_revenue": 689552, 
        "long_term_average": 395433, 
        "date": "2013-02-28", 
        "operating_revenue": 356824, 
        "short_term_average": 332762
    }, 
    {
        "accumulated_operating_revenue_yoy": 31.624569103592037, 
        "accumulated_operating_revenue": 1101208, 
        "long_term_average": 404747, 
        "date": "2013-03-31", 
        "operating_revenue": 411656, 
        "short_term_average": 367069
    }, 
    {
        "accumulated_operating_revenue_yoy": 29.897542257461108, 
        "accumulated_operating_revenue": 1608985, 
        "long_term_average": 413559, 
        "date": "2013-04-30", 
        "operating_revenue": 507777, 
        "short_term_average": 425419
    }, 
    {
        "accumulated_operating_revenue_yoy": 30.268470001411025, 
        "accumulated_operating_revenue": 2188027, 
        "long_term_average": 425065, 
        "date": "2013-05-31", 
        "operating_revenue": 579042, 
        "short_term_average": 499491
    }, 
    {
        "accumulated_operating_revenue_yoy": 22.923799225138346, 
        "accumulated_operating_revenue": 2711152, 
        "long_term_average": 424831, 
        "date": "2013-06-30", 
        "operating_revenue": 523125, 
        "short_term_average": 536648
    }, 
    {
        "accumulated_operating_revenue_yoy": 23.023627655857307, 
        "accumulated_operating_revenue": 3288488, 
        "long_term_average": 433984, 
        "date": "2013-07-31", 
        "operating_revenue": 577336, 
        "short_term_average": 559834
    }, 
    {
        "accumulated_operating_revenue_yoy": 21.051828909136873, 
        "accumulated_operating_revenue": 3802037, 
        "long_term_average": 437799, 
        "date": "2013-08-31", 
        "operating_revenue": 513549, 
        "short_term_average": 538003
    }, 
    {
        "accumulated_operating_revenue_yoy": 20.859063226776744, 
        "accumulated_operating_revenue": 4262339, 
        "long_term_average": 444001, 
        "date": "2013-09-30", 
        "operating_revenue": 460302, 
        "short_term_average": 517062
    }, 
    {
        "accumulated_operating_revenue_yoy": 18.501485662350294, 
        "accumulated_operating_revenue": 4672939, 
        "long_term_average": 443497, 
        "date": "2013-10-31", 
        "operating_revenue": 410600, 
        "short_term_average": 461483
    }, 
    {
        "accumulated_operating_revenue_yoy": 18.28067612449106, 
        "accumulated_operating_revenue": 5066729, 
        "long_term_average": 447955, 
        "date": "2013-11-30", 
        "operating_revenue": 393790, 
        "short_term_average": 421564
    }, 
    {
        "accumulated_operating_revenue_yoy": 18.919668102739646, 
        "accumulated_operating_revenue": 5461249, 
        "long_term_average": 455104, 
        "date": "2013-12-31", 
        "operating_revenue": 394520, 
        "short_term_average": 399636
    }, 
    {
        "accumulated_operating_revenue_yoy": 30.888894231925175, 
        "accumulated_operating_revenue": 435504, 
        "long_term_average": 463668, 
        "date": "2014-01-31", 
        "operating_revenue": 435504, 
        "short_term_average": 407938
    }, 
    {
        "accumulated_operating_revenue_yoy": 27.384156669837807, 
        "accumulated_operating_revenue": 878380, 
        "long_term_average": 470839, 
        "date": "2014-02-28", 
        "operating_revenue": 442876, 
        "short_term_average": 424300
    }, 
    {
        "accumulated_operating_revenue_yoy": 24.00309478318356, 
        "accumulated_operating_revenue": 1365532, 
        "long_term_average": 477131, 
        "date": "2014-03-31", 
        "operating_revenue": 487152, 
        "short_term_average": 455177
    }, 
    {
        "accumulated_operating_revenue_yoy": 16.523025385569163, 
        "accumulated_operating_revenue": 1874838, 
        "long_term_average": 477258, 
        "date": "2014-04-30", 
        "operating_revenue": 509306, 
        "short_term_average": 479778
    }, 
    {
        "accumulated_operating_revenue_yoy": 11.297529692275278, 
        "accumulated_operating_revenue": 2435220, 
        "long_term_average": 475703, 
        "date": "2014-05-31", 
        "operating_revenue": 560382, 
        "short_term_average": 518946
    }, 
    {
        "accumulated_operating_revenue_yoy": 9.16912810495317, 
        "accumulated_operating_revenue": 2959741, 
        "long_term_average": 475819, 
        "date": "2014-06-30", 
        "operating_revenue": 524521, 
        "short_term_average": 531403
    }, 
    {
        "accumulated_operating_revenue_yoy": 5.659926385621599, 
        "accumulated_operating_revenue": 3474614, 
        "long_term_average": 470614, 
        "date": "2014-07-31", 
        "operating_revenue": 514873, 
        "short_term_average": 533258
    }, 
    {
        "accumulated_operating_revenue_yoy": 5.36904296302219, 
        "accumulated_operating_revenue": 4006170, 
        "long_term_average": 472115, 
        "date": "2014-08-31", 
        "operating_revenue": 531556, 
        "short_term_average": 523650
    }, 
    {
        "accumulated_operating_revenue_yoy": 6.34400501696369, 
        "accumulated_operating_revenue": 4532742, 
        "long_term_average": 477637, 
        "date": "2014-09-30", 
        "operating_revenue": 526572, 
        "short_term_average": 524333
    }, 
    {
        "accumulated_operating_revenue_yoy": 7.499327511016086, 
        "accumulated_operating_revenue": 5023378, 
        "long_term_average": 484307, 
        "date": "2014-10-31", 
        "operating_revenue": 490636, 
        "short_term_average": 516254
    }, 
    {
        "accumulated_operating_revenue_yoy": 6.818402957805716, 
        "accumulated_operating_revenue": 5412199, 
        "long_term_average": 483893, 
        "date": "2014-11-30", 
        "operating_revenue": 388821, 
        "short_term_average": 468676
    }, 
    {
        "accumulated_operating_revenue_yoy": 5.19269493114121, 
        "accumulated_operating_revenue": 5744835, 
        "long_term_average": 478736, 
        "date": "2014-12-31", 
        "operating_revenue": 332636, 
        "short_term_average": 404031
    }, 
    {
        "accumulated_operating_revenue_yoy": 6.7868492597082914, 
        "accumulated_operating_revenue": 465061, 
        "long_term_average": 481199, 
        "date": "2015-01-31", 
        "operating_revenue": 465061, 
        "short_term_average": 395506
    }, 
    {
        "accumulated_operating_revenue_yoy": 0.4659714474373278, 
        "accumulated_operating_revenue": 882473, 
        "long_term_average": 479077, 
        "date": "2015-02-28", 
        "operating_revenue": 417412, 
        "short_term_average": 405036
    }, 
    {
        "accumulated_operating_revenue_yoy": -3.859301722698553, 
        "accumulated_operating_revenue": 1312832, 
        "long_term_average": 474344, 
        "date": "2015-03-31", 
        "operating_revenue": 430359, 
        "short_term_average": 437610
    }, 
    {
        "accumulated_operating_revenue_yoy": -4.727875155080065, 
        "accumulated_operating_revenue": 1786198, 
        "long_term_average": 471349, 
        "date": "2015-04-30", 
        "operating_revenue": 473366, 
        "short_term_average": 440379
    }, 
    {
        "accumulated_operating_revenue_yoy": -7.640993421538917, 
        "accumulated_operating_revenue": 2249145, 
        "long_term_average": 463230, 
        "date": "2015-05-31", 
        "operating_revenue": 462947, 
        "short_term_average": 455557
    }, 
    {
        "accumulated_operating_revenue_yoy": -8.342486724345138, 
        "accumulated_operating_revenue": 2712825, 
        "long_term_average": 458159, 
        "date": "2015-06-30", 
        "operating_revenue": 463680, 
        "short_term_average": 466664
    }, 
    {
        "accumulated_operating_revenue_yoy": -9.864433862293769, 
        "accumulated_operating_revenue": 3131863, 
        "long_term_average": 450173, 
        "date": "2015-07-31", 
        "operating_revenue": 419038, 
        "short_term_average": 448555
    }, 
    {
        "accumulated_operating_revenue_yoy": -10.226550545783128, 
        "accumulated_operating_revenue": 3596477, 
        "long_term_average": 444595, 
        "date": "2015-08-31", 
        "operating_revenue": 464614, 
        "short_term_average": 449110
    }
]