[
    {
        "date": "2011-09-30", 
        "operating_revenue": 81539, 
        "accumulated_operating_revenue": 81539, 
        "long_term_average": 81539, 
        "short_term_average": 81539
    }, 
    {
        "date": "2011-10-31", 
        "operating_revenue": 90685, 
        "accumulated_operating_revenue": 172224, 
        "long_term_average": 86112, 
        "short_term_average": 86112
    }, 
    {
        "date": "2011-11-30", 
        "operating_revenue": 143468, 
        "accumulated_operating_revenue": 315692, 
        "long_term_average": 105230, 
        "short_term_average": 105230
    }, 
    {
        "date": "2011-12-31", 
        "operating_revenue": 462220, 
        "accumulated_operating_revenue": 777912, 
        "long_term_average": 194478, 
        "short_term_average": 232124
    }, 
    {
        "date": "2012-01-31", 
        "operating_revenue": 82064, 
        "accumulated_operating_revenue": 82064, 
        "long_term_average": 171995, 
        "short_term_average": 229250
    }, 
    {
        "date": "2012-02-29", 
        "operating_revenue": 84522, 
        "accumulated_operating_revenue": 166586, 
        "long_term_average": 157416, 
        "short_term_average": 209602
    }, 
    {
        "date": "2012-03-31", 
        "operating_revenue": 169937, 
        "accumulated_operating_revenue": 336523, 
        "long_term_average": 159205, 
        "short_term_average": 112174
    }, 
    {
        "date": "2012-04-30", 
        "operating_revenue": 95687, 
        "accumulated_operating_revenue": 432210, 
        "long_term_average": 151265, 
        "short_term_average": 116715
    }, 
    {
        "date": "2012-05-31", 
        "operating_revenue": 297078, 
        "accumulated_operating_revenue": 729288, 
        "long_term_average": 167466, 
        "short_term_average": 187567
    }, 
    {
        "date": "2012-06-30", 
        "operating_revenue": 131043, 
        "accumulated_operating_revenue": 860331, 
        "long_term_average": 163824, 
        "short_term_average": 174602
    }, 
    {
        "date": "2012-07-31", 
        "operating_revenue": 86994, 
        "accumulated_operating_revenue": 947325, 
        "long_term_average": 156839, 
        "short_term_average": 171705
    }, 
    {
        "date": "2012-08-31", 
        "operating_revenue": 173907, 
        "accumulated_operating_revenue": 1121232, 
        "long_term_average": 158262, 
        "short_term_average": 130648
    }, 
    {
        "accumulated_operating_revenue_yoy": 1451.9371098492745, 
        "accumulated_operating_revenue": 1265434, 
        "long_term_average": 163483, 
        "date": "2012-09-30", 
        "operating_revenue": 144202, 
        "short_term_average": 135034
    }, 
    {
        "accumulated_operating_revenue_yoy": 714.6640421776292, 
        "accumulated_operating_revenue": 1403047, 
        "long_term_average": 167394, 
        "date": "2012-10-31", 
        "operating_revenue": 137613, 
        "short_term_average": 151907
    }, 
    {
        "accumulated_operating_revenue_yoy": 376.6440074502996, 
        "accumulated_operating_revenue": 1504727, 
        "long_term_average": 163912, 
        "date": "2012-11-30", 
        "operating_revenue": 101680, 
        "short_term_average": 127831
    }, 
    {
        "accumulated_operating_revenue_yoy": 119.41736340357265, 
        "accumulated_operating_revenue": 1706874, 
        "long_term_average": 142239, 
        "date": "2012-12-31", 
        "operating_revenue": 202147, 
        "short_term_average": 147146
    }, 
    {
        "accumulated_operating_revenue_yoy": 166.42132969389743, 
        "accumulated_operating_revenue": 218636, 
        "long_term_average": 153620, 
        "date": "2013-01-31", 
        "operating_revenue": 218636, 
        "short_term_average": 174154
    }, 
    {
        "accumulated_operating_revenue_yoy": 81.27873890963227, 
        "accumulated_operating_revenue": 301985, 
        "long_term_average": 153522, 
        "date": "2013-02-28", 
        "operating_revenue": 83349, 
        "short_term_average": 168044
    }, 
    {
        "accumulated_operating_revenue_yoy": 14.931520282417546, 
        "accumulated_operating_revenue": 386771, 
        "long_term_average": 146426, 
        "date": "2013-03-31", 
        "operating_revenue": 84786, 
        "short_term_average": 128923
    }, 
    {
        "accumulated_operating_revenue_yoy": 11.531894218088429, 
        "accumulated_operating_revenue": 482052, 
        "long_term_average": 146393, 
        "date": "2013-04-30", 
        "operating_revenue": 95281, 
        "short_term_average": 87805
    }, 
    {
        "accumulated_operating_revenue_yoy": -21.533468259453056, 
        "accumulated_operating_revenue": 572247, 
        "long_term_average": 129152, 
        "date": "2013-05-31", 
        "operating_revenue": 90195, 
        "short_term_average": 90087
    }, 
    {
        "accumulated_operating_revenue_yoy": -6.8382982828701975, 
        "accumulated_operating_revenue": 801499, 
        "long_term_average": 137336, 
        "date": "2013-06-30", 
        "operating_revenue": 229252, 
        "short_term_average": 138242
    }, 
    {
        "accumulated_operating_revenue_yoy": -5.743435463014277, 
        "accumulated_operating_revenue": 892916, 
        "long_term_average": 137705, 
        "date": "2013-07-31", 
        "operating_revenue": 91417, 
        "short_term_average": 136954
    }, 
    {
        "accumulated_operating_revenue_yoy": -10.309819912382094, 
        "accumulated_operating_revenue": 1005635, 
        "long_term_average": 132606, 
        "date": "2013-08-31", 
        "operating_revenue": 112719, 
        "short_term_average": 144462
    }, 
    {
        "accumulated_operating_revenue_yoy": -12.165865623967745, 
        "accumulated_operating_revenue": 1111483, 
        "long_term_average": 129410, 
        "date": "2013-09-30", 
        "operating_revenue": 105848, 
        "short_term_average": 103328
    }, 
    {
        "accumulated_operating_revenue_yoy": -14.00088521624721, 
        "accumulated_operating_revenue": 1206608, 
        "long_term_average": 125869, 
        "date": "2013-10-31", 
        "operating_revenue": 95125, 
        "short_term_average": 104564
    }, 
    {
        "accumulated_operating_revenue_yoy": -12.612586867916905, 
        "accumulated_operating_revenue": 1314942, 
        "long_term_average": 126424, 
        "date": "2013-11-30", 
        "operating_revenue": 108334, 
        "short_term_average": 103102
    }, 
    {
        "accumulated_operating_revenue_yoy": -9.219251098792295, 
        "accumulated_operating_revenue": 1549513, 
        "long_term_average": 129126, 
        "date": "2013-12-31", 
        "operating_revenue": 234571, 
        "short_term_average": 146010
    }, 
    {
        "accumulated_operating_revenue_yoy": -56.00770229971277, 
        "accumulated_operating_revenue": 96183, 
        "long_term_average": 118921, 
        "date": "2014-01-31", 
        "operating_revenue": 96183, 
        "short_term_average": 146362
    }, 
    {
        "accumulated_operating_revenue_yoy": -38.510190903521696, 
        "accumulated_operating_revenue": 185690, 
        "long_term_average": 119434, 
        "date": "2014-02-28", 
        "operating_revenue": 89507, 
        "short_term_average": 140087
    }, 
    {
        "accumulated_operating_revenue_yoy": -25.907319835251354, 
        "accumulated_operating_revenue": 286569, 
        "long_term_average": 120775, 
        "date": "2014-03-31", 
        "operating_revenue": 100879, 
        "short_term_average": 95523
    }, 
    {
        "accumulated_operating_revenue_yoy": -20.453809962410695, 
        "accumulated_operating_revenue": 383454, 
        "long_term_average": 120909, 
        "date": "2014-04-30", 
        "operating_revenue": 96885, 
        "short_term_average": 95757
    }, 
    {
        "accumulated_operating_revenue_yoy": -16.409697211169302, 
        "accumulated_operating_revenue": 478343, 
        "long_term_average": 121300, 
        "date": "2014-05-31", 
        "operating_revenue": 94889, 
        "short_term_average": 97551
    }, 
    {
        "accumulated_operating_revenue_yoy": -24.276761418292477, 
        "accumulated_operating_revenue": 606921, 
        "long_term_average": 112911, 
        "date": "2014-06-30", 
        "operating_revenue": 128578, 
        "short_term_average": 106784
    }, 
    {
        "accumulated_operating_revenue_yoy": -21.674379224921495, 
        "accumulated_operating_revenue": 699382, 
        "long_term_average": 112998, 
        "date": "2014-07-31", 
        "operating_revenue": 92461, 
        "short_term_average": 105309
    }, 
    {
        "accumulated_operating_revenue_yoy": -20.40760315621473, 
        "accumulated_operating_revenue": 800409, 
        "long_term_average": 112023, 
        "date": "2014-08-31", 
        "operating_revenue": 101027, 
        "short_term_average": 107355
    }, 
    {
        "accumulated_operating_revenue_yoy": -19.186258359327134, 
        "accumulated_operating_revenue": 898231, 
        "long_term_average": 111355, 
        "date": "2014-09-30", 
        "operating_revenue": 97822, 
        "short_term_average": 97103
    }, 
    {
        "accumulated_operating_revenue_yoy": -17.205173511198335, 
        "accumulated_operating_revenue": 999009, 
        "long_term_average": 111826, 
        "date": "2014-10-31", 
        "operating_revenue": 100778, 
        "short_term_average": 99875
    }, 
    {
        "accumulated_operating_revenue_yoy": -16.638528543464272, 
        "accumulated_operating_revenue": 1096155, 
        "long_term_average": 110893, 
        "date": "2014-11-30", 
        "operating_revenue": 97146, 
        "short_term_average": 98582
    }, 
    {
        "accumulated_operating_revenue_yoy": -13.050810157772153, 
        "accumulated_operating_revenue": 1347289, 
        "long_term_average": 112274, 
        "date": "2014-12-31", 
        "operating_revenue": 251134, 
        "short_term_average": 149686
    }, 
    {
        "accumulated_operating_revenue_yoy": 22.920890386034955, 
        "accumulated_operating_revenue": 118229, 
        "long_term_average": 114111, 
        "date": "2015-01-31", 
        "operating_revenue": 118229, 
        "short_term_average": 155503
    }, 
    {
        "accumulated_operating_revenue_yoy": 12.892455167214173, 
        "accumulated_operating_revenue": 209630, 
        "long_term_average": 114269, 
        "date": "2015-02-28", 
        "operating_revenue": 91401, 
        "short_term_average": 153588
    }, 
    {
        "accumulated_operating_revenue_yoy": 3.9285477494076475, 
        "accumulated_operating_revenue": 297827, 
        "long_term_average": 113212, 
        "date": "2015-03-31", 
        "operating_revenue": 88197, 
        "short_term_average": 99275
    }, 
    {
        "accumulated_operating_revenue_yoy": 3.2434138123477654, 
        "accumulated_operating_revenue": 395891, 
        "long_term_average": 113310, 
        "date": "2015-04-30", 
        "operating_revenue": 98064, 
        "short_term_average": 92554
    }, 
    {
        "accumulated_operating_revenue_yoy": 3.0438409258628223, 
        "accumulated_operating_revenue": 492903, 
        "long_term_average": 113487, 
        "date": "2015-05-31", 
        "operating_revenue": 97012, 
        "short_term_average": 94424
    }, 
    {
        "accumulated_operating_revenue_yoy": -0.133790064934316, 
        "accumulated_operating_revenue": 606109, 
        "long_term_average": 112206, 
        "date": "2015-06-30", 
        "operating_revenue": 113206, 
        "short_term_average": 102760
    }, 
    {
        "accumulated_operating_revenue_yoy": 0.9076584756256236, 
        "accumulated_operating_revenue": 705730, 
        "long_term_average": 112803, 
        "date": "2015-07-31", 
        "operating_revenue": 99621, 
        "short_term_average": 103279
    }, 
    {
        "accumulated_operating_revenue_yoy": 0.6101880413638527, 
        "accumulated_operating_revenue": 805293, 
        "long_term_average": 112681, 
        "date": "2015-08-31", 
        "operating_revenue": 99563, 
        "short_term_average": 104130
    }, 
    {
        "accumulated_operating_revenue_yoy": 0.5052152508653119, 
        "accumulated_operating_revenue": 902769, 
        "long_term_average": 112652, 
        "date": "2015-09-30", 
        "operating_revenue": 97476, 
        "short_term_average": 98886
    }, 
    {
        "accumulated_operating_revenue_yoy": -0.15114978944133636, 
        "accumulated_operating_revenue": 997499, 
        "long_term_average": 112148, 
        "date": "2015-10-31", 
        "operating_revenue": 94730, 
        "short_term_average": 97256
    }
]