[
    {
        "date": "2012-01-31", 
        "operating_revenue": 53146, 
        "accumulated_operating_revenue": 53146, 
        "long_term_average": 53146, 
        "short_term_average": 53146
    }, 
    {
        "date": "2012-02-29", 
        "operating_revenue": 53284, 
        "accumulated_operating_revenue": 106430, 
        "long_term_average": 53215, 
        "short_term_average": 53215
    }, 
    {
        "date": "2012-03-31", 
        "operating_revenue": 53976, 
        "accumulated_operating_revenue": 160406, 
        "long_term_average": 53468, 
        "short_term_average": 53468
    }, 
    {
        "date": "2012-04-30", 
        "operating_revenue": 53030, 
        "accumulated_operating_revenue": 213436, 
        "long_term_average": 53359, 
        "short_term_average": 53430
    }, 
    {
        "date": "2012-05-31", 
        "operating_revenue": 53455, 
        "accumulated_operating_revenue": 266891, 
        "long_term_average": 53378, 
        "short_term_average": 53487
    }, 
    {
        "date": "2012-06-30", 
        "operating_revenue": 53552, 
        "accumulated_operating_revenue": 320443, 
        "long_term_average": 53407, 
        "short_term_average": 53345
    }, 
    {
        "date": "2012-07-31", 
        "operating_revenue": 53125, 
        "accumulated_operating_revenue": 373568, 
        "long_term_average": 53366, 
        "short_term_average": 53377
    }, 
    {
        "date": "2012-08-31", 
        "operating_revenue": 53594, 
        "accumulated_operating_revenue": 427162, 
        "long_term_average": 53395, 
        "short_term_average": 53423
    }, 
    {
        "date": "2012-09-30", 
        "operating_revenue": 53716, 
        "accumulated_operating_revenue": 480878, 
        "long_term_average": 53430, 
        "short_term_average": 53478
    }, 
    {
        "date": "2012-10-31", 
        "operating_revenue": 53063, 
        "accumulated_operating_revenue": 533941, 
        "long_term_average": 53394, 
        "short_term_average": 53457
    }, 
    {
        "date": "2012-11-30", 
        "operating_revenue": 53364, 
        "accumulated_operating_revenue": 587305, 
        "long_term_average": 53391, 
        "short_term_average": 53381
    }, 
    {
        "date": "2012-12-31", 
        "operating_revenue": 53639, 
        "accumulated_operating_revenue": 640944, 
        "long_term_average": 53412, 
        "short_term_average": 53355
    }, 
    {
        "accumulated_operating_revenue_yoy": 30.625070560343204, 
        "accumulated_operating_revenue": 69422, 
        "long_term_average": 54768, 
        "date": "2013-01-31", 
        "operating_revenue": 69422, 
        "short_term_average": 58808
    }, 
    {
        "accumulated_operating_revenue_yoy": 29.08672366813868, 
        "accumulated_operating_revenue": 137387, 
        "long_term_average": 55991, 
        "date": "2013-02-28", 
        "operating_revenue": 67965, 
        "short_term_average": 63675
    }, 
    {
        "accumulated_operating_revenue_yoy": 28.76762714611673, 
        "accumulated_operating_revenue": 206551, 
        "long_term_average": 57257, 
        "date": "2013-03-31", 
        "operating_revenue": 69164, 
        "short_term_average": 68850
    }, 
    {
        "accumulated_operating_revenue_yoy": 28.90280927303735, 
        "accumulated_operating_revenue": 275125, 
        "long_term_average": 58552, 
        "date": "2013-04-30", 
        "operating_revenue": 68574, 
        "short_term_average": 68567
    }, 
    {
        "accumulated_operating_revenue_yoy": 29.160968335387853, 
        "accumulated_operating_revenue": 344719, 
        "long_term_average": 59897, 
        "date": "2013-05-31", 
        "operating_revenue": 69594, 
        "short_term_average": 69110
    }, 
    {
        "accumulated_operating_revenue_yoy": 29.172426921480575, 
        "accumulated_operating_revenue": 413924, 
        "long_term_average": 61202, 
        "date": "2013-06-30", 
        "operating_revenue": 69205, 
        "short_term_average": 69124
    }, 
    {
        "accumulated_operating_revenue_yoy": 29.37858703100908, 
        "accumulated_operating_revenue": 483317, 
        "long_term_average": 62557, 
        "date": "2013-07-31", 
        "operating_revenue": 69393, 
        "short_term_average": 69397
    }, 
    {
        "accumulated_operating_revenue_yoy": 29.002111611051546, 
        "accumulated_operating_revenue": 551048, 
        "long_term_average": 63735, 
        "date": "2013-08-31", 
        "operating_revenue": 67731, 
        "short_term_average": 68776
    }, 
    {
        "accumulated_operating_revenue_yoy": 28.72100615956646, 
        "accumulated_operating_revenue": 618991, 
        "long_term_average": 64921, 
        "date": "2013-09-30", 
        "operating_revenue": 67943, 
        "short_term_average": 68355
    }, 
    {
        "accumulated_operating_revenue_yoy": 28.442468362609354, 
        "accumulated_operating_revenue": 685807, 
        "long_term_average": 66067, 
        "date": "2013-10-31", 
        "operating_revenue": 66816, 
        "short_term_average": 67496
    }, 
    {
        "accumulated_operating_revenue_yoy": 28.462042720562568, 
        "accumulated_operating_revenue": 754464, 
        "long_term_average": 67341, 
        "date": "2013-11-30", 
        "operating_revenue": 68657, 
        "short_term_average": 67805
    }, 
    {
        "accumulated_operating_revenue_yoy": 28.473002321575674, 
        "accumulated_operating_revenue": 823440, 
        "long_term_average": 68620, 
        "date": "2013-12-31", 
        "operating_revenue": 68976, 
        "short_term_average": 68149
    }, 
    {
        "accumulated_operating_revenue_yoy": 1.5845121143153469, 
        "accumulated_operating_revenue": 70522, 
        "long_term_average": 68711, 
        "date": "2014-01-31", 
        "operating_revenue": 70522, 
        "short_term_average": 69385
    }, 
    {
        "accumulated_operating_revenue_yoy": 2.5118824925211265, 
        "accumulated_operating_revenue": 140838, 
        "long_term_average": 68907, 
        "date": "2014-02-28", 
        "operating_revenue": 70316, 
        "short_term_average": 69938
    }, 
    {
        "accumulated_operating_revenue_yoy": 3.2156707060241785, 
        "accumulated_operating_revenue": 213193, 
        "long_term_average": 69173, 
        "date": "2014-03-31", 
        "operating_revenue": 72355, 
        "short_term_average": 71064
    }, 
    {
        "accumulated_operating_revenue_yoy": 3.851340299863698, 
        "accumulated_operating_revenue": 285721, 
        "long_term_average": 69503, 
        "date": "2014-04-30", 
        "operating_revenue": 72528, 
        "short_term_average": 71733
    }, 
    {
        "accumulated_operating_revenue_yoy": 3.9980389824755815, 
        "accumulated_operating_revenue": 358501, 
        "long_term_average": 69768, 
        "date": "2014-05-31", 
        "operating_revenue": 72780, 
        "short_term_average": 72554
    }, 
    {
        "accumulated_operating_revenue_yoy": 4.522569360558943, 
        "accumulated_operating_revenue": 432644, 
        "long_term_average": 70180, 
        "date": "2014-06-30", 
        "operating_revenue": 74143, 
        "short_term_average": 73150
    }, 
    {
        "accumulated_operating_revenue_yoy": 4.537187808415595, 
        "accumulated_operating_revenue": 505246, 
        "long_term_average": 70447, 
        "date": "2014-07-31", 
        "operating_revenue": 72602, 
        "short_term_average": 73175
    }, 
    {
        "accumulated_operating_revenue_yoy": 4.952563116098779, 
        "accumulated_operating_revenue": 578339, 
        "long_term_average": 70894, 
        "date": "2014-08-31", 
        "operating_revenue": 73093, 
        "short_term_average": 73279
    }, 
    {
        "accumulated_operating_revenue_yoy": 5.303308125643183, 
        "accumulated_operating_revenue": 651818, 
        "long_term_average": 71355, 
        "date": "2014-09-30", 
        "operating_revenue": 73479, 
        "short_term_average": 73058
    }, 
    {
        "accumulated_operating_revenue_yoy": 5.5444170152827255, 
        "accumulated_operating_revenue": 723831, 
        "long_term_average": 71788, 
        "date": "2014-10-31", 
        "operating_revenue": 72013, 
        "short_term_average": 72861
    }, 
    {
        "accumulated_operating_revenue_yoy": 5.797890953047462, 
        "accumulated_operating_revenue": 798207, 
        "long_term_average": 72265, 
        "date": "2014-11-30", 
        "operating_revenue": 74376, 
        "short_term_average": 73289
    }, 
    {
        "accumulated_operating_revenue_yoy": 13.58787525502769, 
        "accumulated_operating_revenue": 935328, 
        "long_term_average": 77944, 
        "date": "2014-12-31", 
        "operating_revenue": 137121, 
        "short_term_average": 94503
    }, 
    {
        "accumulated_operating_revenue_yoy": 91.08930546496128, 
        "accumulated_operating_revenue": 134760, 
        "long_term_average": 83297, 
        "date": "2015-01-31", 
        "operating_revenue": 134760, 
        "short_term_average": 115419
    }, 
    {
        "accumulated_operating_revenue_yoy": 92.55314616793763, 
        "accumulated_operating_revenue": 271188, 
        "long_term_average": 88806, 
        "date": "2015-02-28", 
        "operating_revenue": 136428, 
        "short_term_average": 136103
    }, 
    {
        "accumulated_operating_revenue_yoy": 92.07197234430774, 
        "accumulated_operating_revenue": 409484, 
        "long_term_average": 94301, 
        "date": "2015-03-31", 
        "operating_revenue": 138296, 
        "short_term_average": 136494
    }, 
    {
        "accumulated_operating_revenue_yoy": 90.95656252078076, 
        "accumulated_operating_revenue": 545603, 
        "long_term_average": 99600, 
        "date": "2015-04-30", 
        "operating_revenue": 136119, 
        "short_term_average": 136947
    }, 
    {
        "accumulated_operating_revenue_yoy": 90.60895227628374, 
        "accumulated_operating_revenue": 683335, 
        "long_term_average": 105013, 
        "date": "2015-05-31", 
        "operating_revenue": 137732, 
        "short_term_average": 137382
    }, 
    {
        "accumulated_operating_revenue_yoy": 90.02829115855067, 
        "accumulated_operating_revenue": 822146, 
        "long_term_average": 110402, 
        "date": "2015-06-30", 
        "operating_revenue": 138811, 
        "short_term_average": 137554
    }, 
    {
        "accumulated_operating_revenue_yoy": 89.80100782589075, 
        "accumulated_operating_revenue": 958962, 
        "long_term_average": 115753, 
        "date": "2015-07-31", 
        "operating_revenue": 136816, 
        "short_term_average": 137786
    }, 
    {
        "accumulated_operating_revenue_yoy": 89.57358919249782, 
        "accumulated_operating_revenue": 1096378, 
        "long_term_average": 121113, 
        "date": "2015-08-31", 
        "operating_revenue": 137416, 
        "short_term_average": 137681
    }
]