[
    {
        "date": "2011-09-30", 
        "operating_revenue": 173324, 
        "accumulated_operating_revenue": 173324, 
        "long_term_average": 173324, 
        "short_term_average": 173324
    }, 
    {
        "date": "2011-10-31", 
        "operating_revenue": 161645, 
        "accumulated_operating_revenue": 334969, 
        "long_term_average": 167484, 
        "short_term_average": 167484
    }, 
    {
        "date": "2011-11-30", 
        "operating_revenue": 159736, 
        "accumulated_operating_revenue": 494705, 
        "long_term_average": 164901, 
        "short_term_average": 164901
    }, 
    {
        "date": "2011-12-31", 
        "operating_revenue": 163801, 
        "accumulated_operating_revenue": 658506, 
        "long_term_average": 164626, 
        "short_term_average": 161727
    }, 
    {
        "date": "2012-01-31", 
        "operating_revenue": 140572, 
        "accumulated_operating_revenue": 140572, 
        "long_term_average": 159815, 
        "short_term_average": 154703
    }, 
    {
        "date": "2012-02-29", 
        "operating_revenue": 150297, 
        "accumulated_operating_revenue": 290869, 
        "long_term_average": 158229, 
        "short_term_average": 151556
    }, 
    {
        "date": "2012-03-31", 
        "operating_revenue": 180798, 
        "accumulated_operating_revenue": 471667, 
        "long_term_average": 161453, 
        "short_term_average": 157222
    }, 
    {
        "date": "2012-04-30", 
        "operating_revenue": 162145, 
        "accumulated_operating_revenue": 633812, 
        "long_term_average": 161539, 
        "short_term_average": 164413
    }, 
    {
        "date": "2012-05-31", 
        "operating_revenue": 171256, 
        "accumulated_operating_revenue": 805068, 
        "long_term_average": 162619, 
        "short_term_average": 171399
    }, 
    {
        "date": "2012-06-30", 
        "operating_revenue": 170027, 
        "accumulated_operating_revenue": 975095, 
        "long_term_average": 163360, 
        "short_term_average": 167809
    }, 
    {
        "date": "2012-07-31", 
        "operating_revenue": 158750, 
        "accumulated_operating_revenue": 1133845, 
        "long_term_average": 162941, 
        "short_term_average": 166677
    }, 
    {
        "date": "2012-08-31", 
        "operating_revenue": 176050, 
        "accumulated_operating_revenue": 1309895, 
        "long_term_average": 164033, 
        "short_term_average": 168275
    }, 
    {
        "accumulated_operating_revenue_yoy": 765.5148738778241, 
        "accumulated_operating_revenue": 1500145, 
        "long_term_average": 165443, 
        "date": "2012-09-30", 
        "operating_revenue": 190250, 
        "short_term_average": 175016
    }, 
    {
        "accumulated_operating_revenue_yoy": 407.44725631327077, 
        "accumulated_operating_revenue": 1699791, 
        "long_term_average": 168610, 
        "date": "2012-10-31", 
        "operating_revenue": 199646, 
        "short_term_average": 188648
    }, 
    {
        "accumulated_operating_revenue_yoy": 285.8400460880727, 
        "accumulated_operating_revenue": 1908770, 
        "long_term_average": 172714, 
        "date": "2012-11-30", 
        "operating_revenue": 208979, 
        "short_term_average": 199625
    }, 
    {
        "accumulated_operating_revenue_yoy": 221.023650505842, 
        "accumulated_operating_revenue": 2113960, 
        "long_term_average": 176163, 
        "date": "2012-12-31", 
        "operating_revenue": 205190, 
        "short_term_average": 204605
    }, 
    {
        "accumulated_operating_revenue_yoy": 37.40076259852602, 
        "accumulated_operating_revenue": 193147, 
        "long_term_average": 180544, 
        "date": "2013-01-31", 
        "operating_revenue": 193147, 
        "short_term_average": 202438
    }, 
    {
        "accumulated_operating_revenue_yoy": 1.043768844393868, 
        "accumulated_operating_revenue": 293905, 
        "long_term_average": 176416, 
        "date": "2013-02-28", 
        "operating_revenue": 100758, 
        "short_term_average": 166365
    }, 
    {
        "accumulated_operating_revenue_yoy": -5.408052715157092, 
        "accumulated_operating_revenue": 446159, 
        "long_term_average": 174037, 
        "date": "2013-03-31", 
        "operating_revenue": 152254, 
        "short_term_average": 148719
    }, 
    {
        "accumulated_operating_revenue_yoy": -7.136501044473756, 
        "accumulated_operating_revenue": 588580, 
        "long_term_average": 172394, 
        "date": "2013-04-30", 
        "operating_revenue": 142421, 
        "short_term_average": 131811
    }, 
    {
        "accumulated_operating_revenue_yoy": -9.176988776103386, 
        "accumulated_operating_revenue": 731187, 
        "long_term_average": 170006, 
        "date": "2013-05-31", 
        "operating_revenue": 142607, 
        "short_term_average": 145760
    }, 
    {
        "accumulated_operating_revenue_yoy": -11.478163666104328, 
        "accumulated_operating_revenue": 863172, 
        "long_term_average": 166836, 
        "date": "2013-06-30", 
        "operating_revenue": 131985, 
        "short_term_average": 139004
    }, 
    {
        "accumulated_operating_revenue_yoy": -8.981915517553105, 
        "accumulated_operating_revenue": 1032004, 
        "long_term_average": 167676, 
        "date": "2013-07-31", 
        "operating_revenue": 168832, 
        "short_term_average": 147808
    }, 
    {
        "accumulated_operating_revenue_yoy": -8.860252157615687, 
        "accumulated_operating_revenue": 1193835, 
        "long_term_average": 166491, 
        "date": "2013-08-31", 
        "operating_revenue": 161831, 
        "short_term_average": 154216
    }, 
    {
        "accumulated_operating_revenue_yoy": -9.251039066223598, 
        "accumulated_operating_revenue": 1361366, 
        "long_term_average": 164598, 
        "date": "2013-09-30", 
        "operating_revenue": 167531, 
        "short_term_average": 166064
    }, 
    {
        "accumulated_operating_revenue_yoy": -10.51276303969135, 
        "accumulated_operating_revenue": 1521096, 
        "long_term_average": 161272, 
        "date": "2013-10-31", 
        "operating_revenue": 159730, 
        "short_term_average": 163030
    }, 
    {
        "accumulated_operating_revenue_yoy": -10.687039297558114, 
        "accumulated_operating_revenue": 1704779, 
        "long_term_average": 159164, 
        "date": "2013-11-30", 
        "operating_revenue": 183683, 
        "short_term_average": 170314
    }, 
    {
        "accumulated_operating_revenue_yoy": -11.062177146209011, 
        "accumulated_operating_revenue": 1880110, 
        "long_term_average": 156675, 
        "date": "2013-12-31", 
        "operating_revenue": 175331, 
        "short_term_average": 172914
    }, 
    {
        "accumulated_operating_revenue_yoy": -22.29597146215059, 
        "accumulated_operating_revenue": 150083, 
        "long_term_average": 153087, 
        "date": "2014-01-31", 
        "operating_revenue": 150083, 
        "short_term_average": 169699
    }, 
    {
        "accumulated_operating_revenue_yoy": -18.329732396522687, 
        "accumulated_operating_revenue": 240033, 
        "long_term_average": 152186, 
        "date": "2014-02-28", 
        "operating_revenue": 89950, 
        "short_term_average": 138454
    }, 
    {
        "accumulated_operating_revenue_yoy": -18.080101488482807, 
        "accumulated_operating_revenue": 365493, 
        "long_term_average": 149953, 
        "date": "2014-03-31", 
        "operating_revenue": 125460, 
        "short_term_average": 121831
    }, 
    {
        "accumulated_operating_revenue_yoy": -10.222569574229501, 
        "accumulated_operating_revenue": 528412, 
        "long_term_average": 151661, 
        "date": "2014-04-30", 
        "operating_revenue": 162919, 
        "short_term_average": 126109
    }, 
    {
        "accumulated_operating_revenue_yoy": -8.084252044962506, 
        "accumulated_operating_revenue": 672076, 
        "long_term_average": 151749, 
        "date": "2014-05-31", 
        "operating_revenue": 143664, 
        "short_term_average": 144014
    }, 
    {
        "accumulated_operating_revenue_yoy": -6.031242904079372, 
        "accumulated_operating_revenue": 811112, 
        "long_term_average": 152337, 
        "date": "2014-06-30", 
        "operating_revenue": 139036, 
        "short_term_average": 148539
    }, 
    {
        "accumulated_operating_revenue_yoy": -7.361502474796609, 
        "accumulated_operating_revenue": 956033, 
        "long_term_average": 150344, 
        "date": "2014-07-31", 
        "operating_revenue": 144921, 
        "short_term_average": 142540
    }, 
    {
        "accumulated_operating_revenue_yoy": -8.269903294843928, 
        "accumulated_operating_revenue": 1095106, 
        "long_term_average": 148448, 
        "date": "2014-08-31", 
        "operating_revenue": 139073, 
        "short_term_average": 141010
    }, 
    {
        "accumulated_operating_revenue_yoy": -9.202374673673354, 
        "accumulated_operating_revenue": 1236088, 
        "long_term_average": 146236, 
        "date": "2014-09-30", 
        "operating_revenue": 140982, 
        "short_term_average": 141658
    }, 
    {
        "accumulated_operating_revenue_yoy": -9.56527398665173, 
        "accumulated_operating_revenue": 1375599, 
        "long_term_average": 144551, 
        "date": "2014-10-31", 
        "operating_revenue": 139511, 
        "short_term_average": 139855
    }, 
    {
        "accumulated_operating_revenue_yoy": -11.41766762729949, 
        "accumulated_operating_revenue": 1510133, 
        "long_term_average": 140455, 
        "date": "2014-11-30", 
        "operating_revenue": 134534, 
        "short_term_average": 138342
    }, 
    {
        "accumulated_operating_revenue_yoy": -12.141736387764546, 
        "accumulated_operating_revenue": 1651832, 
        "long_term_average": 137652, 
        "date": "2014-12-31", 
        "operating_revenue": 141699, 
        "short_term_average": 138581
    }, 
    {
        "accumulated_operating_revenue_yoy": -1.2179927107000794, 
        "accumulated_operating_revenue": 148255, 
        "long_term_average": 137500, 
        "date": "2015-01-31", 
        "operating_revenue": 148255, 
        "short_term_average": 141496
    }, 
    {
        "accumulated_operating_revenue_yoy": 0.16039461240746064, 
        "accumulated_operating_revenue": 240418, 
        "long_term_average": 137684, 
        "date": "2015-02-28", 
        "operating_revenue": 92163, 
        "short_term_average": 127372
    }, 
    {
        "accumulated_operating_revenue_yoy": -2.254762745114134, 
        "accumulated_operating_revenue": 357252, 
        "long_term_average": 136965, 
        "date": "2015-03-31", 
        "operating_revenue": 116834, 
        "short_term_average": 119084
    }, 
    {
        "accumulated_operating_revenue_yoy": -9.904392784418219, 
        "accumulated_operating_revenue": 476076, 
        "long_term_average": 133291, 
        "date": "2015-04-30", 
        "operating_revenue": 118824, 
        "short_term_average": 109273
    }, 
    {
        "accumulated_operating_revenue_yoy": -13.502490789732114, 
        "accumulated_operating_revenue": 581329, 
        "long_term_average": 130090, 
        "date": "2015-05-31", 
        "operating_revenue": 105253, 
        "short_term_average": 113637
    }, 
    {
        "accumulated_operating_revenue_yoy": -14.934065825681287, 
        "accumulated_operating_revenue": 689980, 
        "long_term_average": 127558, 
        "date": "2015-06-30", 
        "operating_revenue": 108651, 
        "short_term_average": 110909
    }, 
    {
        "accumulated_operating_revenue_yoy": -15.083893547607666, 
        "accumulated_operating_revenue": 811826, 
        "long_term_average": 125635, 
        "date": "2015-07-31", 
        "operating_revenue": 121846, 
        "short_term_average": 111916
    }, 
    {
        "accumulated_operating_revenue_yoy": -14.632738748577765, 
        "accumulated_operating_revenue": 934862, 
        "long_term_average": 124299, 
        "date": "2015-08-31", 
        "operating_revenue": 123036, 
        "short_term_average": 117844
    }, 
    {
        "accumulated_operating_revenue_yoy": -13.648057419860073, 
        "accumulated_operating_revenue": 1067386, 
        "long_term_average": 123594, 
        "date": "2015-09-30", 
        "operating_revenue": 132524, 
        "short_term_average": 125802
    }, 
    {
        "accumulated_operating_revenue_yoy": -12.73285310617411, 
        "accumulated_operating_revenue": 1200446, 
        "long_term_average": 123056, 
        "date": "2015-10-31", 
        "operating_revenue": 133060, 
        "short_term_average": 129540
    }
]