[
    {
        "date": "2012-01-31", 
        "operating_revenue": 95, 
        "accumulated_operating_revenue": 95, 
        "long_term_average": 95, 
        "short_term_average": 95
    }, 
    {
        "date": "2012-02-29", 
        "operating_revenue": 163, 
        "accumulated_operating_revenue": 258, 
        "long_term_average": 129, 
        "short_term_average": 129
    }, 
    {
        "date": "2012-03-31", 
        "operating_revenue": 135, 
        "accumulated_operating_revenue": 393, 
        "long_term_average": 131, 
        "short_term_average": 131
    }, 
    {
        "date": "2012-04-30", 
        "operating_revenue": 130, 
        "accumulated_operating_revenue": 523, 
        "long_term_average": 130, 
        "short_term_average": 142
    }, 
    {
        "date": "2012-05-31", 
        "operating_revenue": 133, 
        "accumulated_operating_revenue": 656, 
        "long_term_average": 131, 
        "short_term_average": 132
    }, 
    {
        "date": "2012-06-30", 
        "operating_revenue": 109, 
        "accumulated_operating_revenue": 765, 
        "long_term_average": 127, 
        "short_term_average": 124
    }, 
    {
        "date": "2012-07-31", 
        "operating_revenue": 65, 
        "accumulated_operating_revenue": 830, 
        "long_term_average": 118, 
        "short_term_average": 102
    }, 
    {
        "date": "2012-08-31", 
        "operating_revenue": 30, 
        "accumulated_operating_revenue": 860, 
        "long_term_average": 107, 
        "short_term_average": 68
    }, 
    {
        "date": "2012-09-30", 
        "operating_revenue": 3, 
        "accumulated_operating_revenue": 863, 
        "long_term_average": 95, 
        "short_term_average": 32
    }, 
    {
        "date": "2012-11-30", 
        "operating_revenue": 401846, 
        "accumulated_operating_revenue": 402709, 
        "long_term_average": 40270, 
        "short_term_average": 133959
    }, 
    {
        "date": "2012-12-31", 
        "operating_revenue": 98471, 
        "accumulated_operating_revenue": 501180, 
        "long_term_average": 45561, 
        "short_term_average": 166773
    }, 
    {
        "accumulated_operating_revenue_yoy": 274.17674288678717, 
        "accumulated_operating_revenue": 1875299, 
        "long_term_average": 198039, 
        "date": "2013-12-31", 
        "operating_revenue": 1875299, 
        "short_term_average": 791872
    }, 
    {
        "date": "2014-01-31", 
        "operating_revenue": 101637, 
        "accumulated_operating_revenue": 101637, 
        "long_term_average": 206501, 
        "short_term_average": 691802
    }, 
    {
        "date": "2014-02-28", 
        "operating_revenue": 109644, 
        "accumulated_operating_revenue": 211281, 
        "long_term_average": 215625, 
        "short_term_average": 695526
    }, 
    {
        "date": "2014-03-31", 
        "operating_revenue": 133803, 
        "accumulated_operating_revenue": 345084, 
        "long_term_average": 226764, 
        "short_term_average": 115028
    }, 
    {
        "date": "2014-04-30", 
        "operating_revenue": 139843, 
        "accumulated_operating_revenue": 484927, 
        "long_term_average": 238406, 
        "short_term_average": 127763
    }, 
    {
        "date": "2014-05-31", 
        "operating_revenue": 24847, 
        "accumulated_operating_revenue": 509774, 
        "long_term_average": 240466, 
        "short_term_average": 99497
    }, 
    {
        "accumulated_operating_revenue_yoy": -39.675593065425836, 
        "accumulated_operating_revenue": 1131263, 
        "long_term_average": 292248, 
        "date": "2014-12-31", 
        "operating_revenue": 621489, 
        "short_term_average": 262059
    }, 
    {
        "accumulated_operating_revenue_yoy": 30.821452817379498, 
        "accumulated_operating_revenue": 132963, 
        "long_term_average": 303322, 
        "date": "2015-01-31", 
        "operating_revenue": 132963, 
        "short_term_average": 259766
    }, 
    {
        "accumulated_operating_revenue_yoy": 22.52071885309138, 
        "accumulated_operating_revenue": 258863, 
        "long_term_average": 313812, 
        "date": "2015-02-28", 
        "operating_revenue": 125900, 
        "short_term_average": 293450
    }, 
    {
        "accumulated_operating_revenue_yoy": 6.3842426771452745, 
        "accumulated_operating_revenue": 367115, 
        "long_term_average": 322832, 
        "date": "2015-03-31", 
        "operating_revenue": 108252, 
        "short_term_average": 122371
    }, 
    {
        "accumulated_operating_revenue_yoy": -11.901585187048774, 
        "accumulated_operating_revenue": 427213, 
        "long_term_average": 294353, 
        "date": "2015-04-30", 
        "operating_revenue": 60098, 
        "short_term_average": 98083
    }, 
    {
        "accumulated_operating_revenue_yoy": -13.768258090840254, 
        "accumulated_operating_revenue": 439587, 
        "long_term_average": 287179, 
        "date": "2015-05-31", 
        "operating_revenue": 12374, 
        "short_term_average": 60241
    }, 
    {
        "date": "2015-06-30", 
        "operating_revenue": 36445, 
        "accumulated_operating_revenue": 476032, 
        "long_term_average": 133941, 
        "short_term_average": 36305
    }, 
    {
        "date": "2015-09-30", 
        "operating_revenue": 10339, 
        "accumulated_operating_revenue": 486371, 
        "long_term_average": 126333, 
        "short_term_average": 19719
    }
]