[
    {
        "date": "2012-01-31", 
        "operating_revenue": 25218, 
        "accumulated_operating_revenue": 25218, 
        "long_term_average": 25218, 
        "short_term_average": 25218
    }, 
    {
        "date": "2012-02-29", 
        "operating_revenue": 59846, 
        "accumulated_operating_revenue": 85064, 
        "long_term_average": 42532, 
        "short_term_average": 42532
    }, 
    {
        "date": "2012-03-31", 
        "operating_revenue": 101241, 
        "accumulated_operating_revenue": 186305, 
        "long_term_average": 62101, 
        "short_term_average": 62101
    }, 
    {
        "date": "2012-04-30", 
        "operating_revenue": 46462, 
        "accumulated_operating_revenue": 232767, 
        "long_term_average": 58191, 
        "short_term_average": 69183
    }, 
    {
        "date": "2012-05-31", 
        "operating_revenue": 62033, 
        "accumulated_operating_revenue": 294800, 
        "long_term_average": 58960, 
        "short_term_average": 69912
    }, 
    {
        "date": "2012-06-30", 
        "operating_revenue": 84800, 
        "accumulated_operating_revenue": 379600, 
        "long_term_average": 63266, 
        "short_term_average": 64431
    }, 
    {
        "date": "2012-07-31", 
        "operating_revenue": 82488, 
        "accumulated_operating_revenue": 462088, 
        "long_term_average": 66012, 
        "short_term_average": 76440
    }, 
    {
        "date": "2012-08-31", 
        "operating_revenue": 71531, 
        "accumulated_operating_revenue": 533619, 
        "long_term_average": 66702, 
        "short_term_average": 79606
    }, 
    {
        "date": "2012-09-30", 
        "operating_revenue": 54484, 
        "accumulated_operating_revenue": 588103, 
        "long_term_average": 65344, 
        "short_term_average": 69501
    }, 
    {
        "date": "2012-10-31", 
        "operating_revenue": 72541, 
        "accumulated_operating_revenue": 660644, 
        "long_term_average": 66064, 
        "short_term_average": 66185
    }, 
    {
        "date": "2012-11-30", 
        "operating_revenue": 77761, 
        "accumulated_operating_revenue": 738405, 
        "long_term_average": 67127, 
        "short_term_average": 68262
    }, 
    {
        "date": "2012-12-31", 
        "operating_revenue": 60455, 
        "accumulated_operating_revenue": 798860, 
        "long_term_average": 66571, 
        "short_term_average": 70252
    }, 
    {
        "accumulated_operating_revenue_yoy": 198.65572210325956, 
        "accumulated_operating_revenue": 75315, 
        "long_term_average": 70746, 
        "date": "2013-01-31", 
        "operating_revenue": 75315, 
        "short_term_average": 71177
    }, 
    {
        "accumulated_operating_revenue_yoy": 49.087745697357285, 
        "accumulated_operating_revenue": 126820, 
        "long_term_average": 70051, 
        "date": "2013-02-28", 
        "operating_revenue": 51505, 
        "short_term_average": 62425
    }, 
    {
        "accumulated_operating_revenue_yoy": 10.93422076702182, 
        "accumulated_operating_revenue": 206676, 
        "long_term_average": 68269, 
        "date": "2013-03-31", 
        "operating_revenue": 79856, 
        "short_term_average": 68892
    }, 
    {
        "accumulated_operating_revenue_yoy": 28.1448830805054, 
        "accumulated_operating_revenue": 298279, 
        "long_term_average": 72031, 
        "date": "2013-04-30", 
        "operating_revenue": 91603, 
        "short_term_average": 74321
    }, 
    {
        "accumulated_operating_revenue_yoy": 32.04240162822252, 
        "accumulated_operating_revenue": 389261, 
        "long_term_average": 74443, 
        "date": "2013-05-31", 
        "operating_revenue": 90982, 
        "short_term_average": 87480
    }, 
    {
        "accumulated_operating_revenue_yoy": 33.040305584826136, 
        "accumulated_operating_revenue": 505021, 
        "long_term_average": 77023, 
        "date": "2013-06-30", 
        "operating_revenue": 115760, 
        "short_term_average": 99448
    }, 
    {
        "accumulated_operating_revenue_yoy": 36.10546043177923, 
        "accumulated_operating_revenue": 628927, 
        "long_term_average": 80474, 
        "date": "2013-07-31", 
        "operating_revenue": 123906, 
        "short_term_average": 110216
    }, 
    {
        "accumulated_operating_revenue_yoy": 42.24193666267506, 
        "accumulated_operating_revenue": 759030, 
        "long_term_average": 85355, 
        "date": "2013-08-31", 
        "operating_revenue": 130103, 
        "short_term_average": 123256
    }, 
    {
        "accumulated_operating_revenue_yoy": 51.39201806486279, 
        "accumulated_operating_revenue": 890341, 
        "long_term_average": 91758, 
        "date": "2013-09-30", 
        "operating_revenue": 131311, 
        "short_term_average": 128440
    }, 
    {
        "accumulated_operating_revenue_yoy": 50.7482093230242, 
        "accumulated_operating_revenue": 995909, 
        "long_term_average": 94510, 
        "date": "2013-10-31", 
        "operating_revenue": 105568, 
        "short_term_average": 122327
    }, 
    {
        "accumulated_operating_revenue_yoy": 44.98046465015811, 
        "accumulated_operating_revenue": 1070543, 
        "long_term_average": 94249, 
        "date": "2013-11-30", 
        "operating_revenue": 74634, 
        "short_term_average": 103837
    }, 
    {
        "accumulated_operating_revenue_yoy": 40.067471146383596, 
        "accumulated_operating_revenue": 1118943, 
        "long_term_average": 93245, 
        "date": "2013-12-31", 
        "operating_revenue": 48400, 
        "short_term_average": 76200
    }, 
    {
        "accumulated_operating_revenue_yoy": -20.0, 
        "accumulated_operating_revenue": 60252, 
        "long_term_average": 91990, 
        "date": "2014-01-31", 
        "operating_revenue": 60252, 
        "short_term_average": 61095
    }, 
    {
        "accumulated_operating_revenue_yoy": -4.4614414130263365, 
        "accumulated_operating_revenue": 121162, 
        "long_term_average": 92773, 
        "date": "2014-02-28", 
        "operating_revenue": 60910, 
        "short_term_average": 56520
    }, 
    {
        "accumulated_operating_revenue_yoy": -0.7649654531730825, 
        "accumulated_operating_revenue": 205095, 
        "long_term_average": 93113, 
        "date": "2014-03-31", 
        "operating_revenue": 83933, 
        "short_term_average": 68365
    }, 
    {
        "accumulated_operating_revenue_yoy": 2.97808427680125, 
        "accumulated_operating_revenue": 307162, 
        "long_term_average": 93985, 
        "date": "2014-04-30", 
        "operating_revenue": 102067, 
        "short_term_average": 82303
    }, 
    {
        "accumulated_operating_revenue_yoy": 14.799067977526647, 
        "accumulated_operating_revenue": 446868, 
        "long_term_average": 98045, 
        "date": "2014-05-31", 
        "operating_revenue": 139706, 
        "short_term_average": 108568
    }, 
    {
        "accumulated_operating_revenue_yoy": 27.5107371772659, 
        "accumulated_operating_revenue": 643956, 
        "long_term_average": 104823, 
        "date": "2014-06-30", 
        "operating_revenue": 197088, 
        "short_term_average": 146287
    }, 
    {
        "accumulated_operating_revenue_yoy": 27.80481677523783, 
        "accumulated_operating_revenue": 803799, 
        "long_term_average": 107817, 
        "date": "2014-07-31", 
        "operating_revenue": 159843, 
        "short_term_average": 165545
    }, 
    {
        "accumulated_operating_revenue_yoy": 26.584983465739164, 
        "accumulated_operating_revenue": 960818, 
        "long_term_average": 110060, 
        "date": "2014-08-31", 
        "operating_revenue": 157019, 
        "short_term_average": 171316
    }, 
    {
        "accumulated_operating_revenue_yoy": 25.27469812128162, 
        "accumulated_operating_revenue": 1115372, 
        "long_term_average": 111997, 
        "date": "2014-09-30", 
        "operating_revenue": 154554, 
        "short_term_average": 157138
    }, 
    {
        "accumulated_operating_revenue_yoy": 27.06070534556872, 
        "accumulated_operating_revenue": 1265409, 
        "long_term_average": 115703, 
        "date": "2014-10-31", 
        "operating_revenue": 150037, 
        "short_term_average": 153870
    }, 
    {
        "accumulated_operating_revenue_yoy": 30.37299762830638, 
        "accumulated_operating_revenue": 1395699, 
        "long_term_average": 120341, 
        "date": "2014-11-30", 
        "operating_revenue": 130290, 
        "short_term_average": 144960
    }, 
    {
        "accumulated_operating_revenue_yoy": 35.825149270338166, 
        "accumulated_operating_revenue": 1519806, 
        "long_term_average": 126650, 
        "date": "2014-12-31", 
        "operating_revenue": 124107, 
        "short_term_average": 134811
    }, 
    {
        "accumulated_operating_revenue_yoy": 88.04355042156277, 
        "accumulated_operating_revenue": 113300, 
        "long_term_average": 131071, 
        "date": "2015-01-31", 
        "operating_revenue": 113300, 
        "short_term_average": 122565
    }, 
    {
        "accumulated_operating_revenue_yoy": 91.95127185091036, 
        "accumulated_operating_revenue": 232572, 
        "long_term_average": 135934, 
        "date": "2015-02-28", 
        "operating_revenue": 119272, 
        "short_term_average": 118893
    }, 
    {
        "accumulated_operating_revenue_yoy": 67.11377654257782, 
        "accumulated_operating_revenue": 342742, 
        "long_term_average": 138121, 
        "date": "2015-03-31", 
        "operating_revenue": 110170, 
        "short_term_average": 114247
    }, 
    {
        "accumulated_operating_revenue_yoy": 57.269779464907764, 
        "accumulated_operating_revenue": 483073, 
        "long_term_average": 141309, 
        "date": "2015-04-30", 
        "operating_revenue": 140331, 
        "short_term_average": 123257
    }, 
    {
        "accumulated_operating_revenue_yoy": 52.89257677882506, 
        "accumulated_operating_revenue": 683228, 
        "long_term_average": 146347, 
        "date": "2015-05-31", 
        "operating_revenue": 200155, 
        "short_term_average": 150218
    }, 
    {
        "accumulated_operating_revenue_yoy": 37.40643770692408, 
        "accumulated_operating_revenue": 884837, 
        "long_term_average": 146723, 
        "date": "2015-06-30", 
        "operating_revenue": 201609, 
        "short_term_average": 180698
    }, 
    {
        "accumulated_operating_revenue_yoy": 27.927877491761, 
        "accumulated_operating_revenue": 1028283, 
        "long_term_average": 145357, 
        "date": "2015-07-31", 
        "operating_revenue": 143446, 
        "short_term_average": 181736
    }, 
    {
        "accumulated_operating_revenue_yoy": 18.311584504037185, 
        "accumulated_operating_revenue": 1136759, 
        "long_term_average": 141312, 
        "date": "2015-08-31", 
        "operating_revenue": 108476, 
        "short_term_average": 151177
    }, 
    {
        "accumulated_operating_revenue_yoy": 10.182163439641661, 
        "accumulated_operating_revenue": 1228941, 
        "long_term_average": 136114, 
        "date": "2015-09-30", 
        "operating_revenue": 92182, 
        "short_term_average": 114701
    }
]