[
    {
        "date": "2011-09-30", 
        "operating_revenue": 1039549, 
        "accumulated_operating_revenue": 1039549, 
        "long_term_average": 1039549, 
        "short_term_average": 1039549
    }, 
    {
        "date": "2011-10-31", 
        "operating_revenue": 909003, 
        "accumulated_operating_revenue": 1948552, 
        "long_term_average": 974276, 
        "short_term_average": 974276
    }, 
    {
        "date": "2011-11-30", 
        "operating_revenue": 892445, 
        "accumulated_operating_revenue": 2840997, 
        "long_term_average": 946999, 
        "short_term_average": 946999
    }, 
    {
        "date": "2011-12-31", 
        "operating_revenue": 761801, 
        "accumulated_operating_revenue": 3602798, 
        "long_term_average": 900699, 
        "short_term_average": 854416
    }, 
    {
        "date": "2012-01-31", 
        "operating_revenue": 774315, 
        "accumulated_operating_revenue": 774315, 
        "long_term_average": 875422, 
        "short_term_average": 809520
    }, 
    {
        "date": "2012-02-29", 
        "operating_revenue": 1039607, 
        "accumulated_operating_revenue": 1813922, 
        "long_term_average": 902786, 
        "short_term_average": 858574
    }, 
    {
        "date": "2012-03-31", 
        "operating_revenue": 1001814, 
        "accumulated_operating_revenue": 2815736, 
        "long_term_average": 916933, 
        "short_term_average": 938578
    }, 
    {
        "date": "2012-04-30", 
        "operating_revenue": 959787, 
        "accumulated_operating_revenue": 3775523, 
        "long_term_average": 922290, 
        "short_term_average": 1000402
    }, 
    {
        "date": "2012-05-31", 
        "operating_revenue": 1263492, 
        "accumulated_operating_revenue": 5039015, 
        "long_term_average": 960201, 
        "short_term_average": 1075031
    }, 
    {
        "date": "2012-06-30", 
        "operating_revenue": 1391092, 
        "accumulated_operating_revenue": 6430107, 
        "long_term_average": 1003290, 
        "short_term_average": 1204790
    }, 
    {
        "date": "2012-07-31", 
        "operating_revenue": 1118360, 
        "accumulated_operating_revenue": 7548467, 
        "long_term_average": 1013751, 
        "short_term_average": 1257648
    }, 
    {
        "date": "2012-08-31", 
        "operating_revenue": 1286613, 
        "accumulated_operating_revenue": 8835080, 
        "long_term_average": 1036489, 
        "short_term_average": 1265355
    }, 
    {
        "accumulated_operating_revenue_yoy": 864.5495306137566, 
        "accumulated_operating_revenue": 10026965, 
        "long_term_average": 1049184, 
        "date": "2012-09-30", 
        "operating_revenue": 1191885, 
        "short_term_average": 1198952
    }, 
    {
        "accumulated_operating_revenue_yoy": 469.83205990910176, 
        "accumulated_operating_revenue": 11103474, 
        "long_term_average": 1063143, 
        "date": "2012-10-31", 
        "operating_revenue": 1076509, 
        "short_term_average": 1185002
    }, 
    {
        "accumulated_operating_revenue_yoy": 332.0878198745018, 
        "accumulated_operating_revenue": 12275602, 
        "long_term_average": 1086450, 
        "date": "2012-11-30", 
        "operating_revenue": 1172128, 
        "short_term_average": 1146840
    }, 
    {
        "accumulated_operating_revenue_yoy": 279.21260087298816, 
        "accumulated_operating_revenue": 13662264, 
        "long_term_average": 1138522, 
        "date": "2012-12-31", 
        "operating_revenue": 1386662, 
        "short_term_average": 1211766
    }, 
    {
        "accumulated_operating_revenue_yoy": 36.92489490711145, 
        "accumulated_operating_revenue": 1060230, 
        "long_term_average": 1162348, 
        "date": "2013-01-31", 
        "operating_revenue": 1060230, 
        "short_term_average": 1206340
    }, 
    {
        "accumulated_operating_revenue_yoy": 10.389421375340286, 
        "accumulated_operating_revenue": 2002378, 
        "long_term_average": 1154226, 
        "date": "2013-02-28", 
        "operating_revenue": 942148, 
        "short_term_average": 1129680
    }, 
    {
        "accumulated_operating_revenue_yoy": 23.5327104529686, 
        "accumulated_operating_revenue": 3478355, 
        "long_term_average": 1193740, 
        "date": "2013-03-31", 
        "operating_revenue": 1475977, 
        "short_term_average": 1159451
    }, 
    {
        "accumulated_operating_revenue_yoy": 22.6443594701979, 
        "accumulated_operating_revenue": 4630466, 
        "long_term_average": 1209767, 
        "date": "2013-04-30", 
        "operating_revenue": 1152111, 
        "short_term_average": 1190078
    }, 
    {
        "accumulated_operating_revenue_yoy": 20.705594248082214, 
        "accumulated_operating_revenue": 6082373, 
        "long_term_average": 1225468, 
        "date": "2013-05-31", 
        "operating_revenue": 1451907, 
        "short_term_average": 1359998
    }, 
    {
        "accumulated_operating_revenue_yoy": 17.873295110019164, 
        "accumulated_operating_revenue": 7579379, 
        "long_term_average": 1234294, 
        "date": "2013-06-30", 
        "operating_revenue": 1497006, 
        "short_term_average": 1367008
    }, 
    {
        "accumulated_operating_revenue_yoy": 16.432303406771204, 
        "accumulated_operating_revenue": 8788854, 
        "long_term_average": 1241887, 
        "date": "2013-07-31", 
        "operating_revenue": 1209475, 
        "short_term_average": 1386129
    }, 
    {
        "accumulated_operating_revenue_yoy": 14.425211769446344, 
        "accumulated_operating_revenue": 10109559, 
        "long_term_average": 1244728, 
        "date": "2013-08-31", 
        "operating_revenue": 1320705, 
        "short_term_average": 1342395
    }, 
    {
        "accumulated_operating_revenue_yoy": 14.125710022923188, 
        "accumulated_operating_revenue": 11443345, 
        "long_term_average": 1256553, 
        "date": "2013-09-30", 
        "operating_revenue": 1333786, 
        "short_term_average": 1287988
    }, 
    {
        "accumulated_operating_revenue_yoy": 13.181838404809163, 
        "accumulated_operating_revenue": 12567116, 
        "long_term_average": 1260492, 
        "date": "2013-10-31", 
        "operating_revenue": 1123771, 
        "short_term_average": 1259420
    }, 
    {
        "accumulated_operating_revenue_yoy": 12.641775124348282, 
        "accumulated_operating_revenue": 13827456, 
        "long_term_average": 1267843, 
        "date": "2013-11-30", 
        "operating_revenue": 1260340, 
        "short_term_average": 1239299
    }, 
    {
        "accumulated_operating_revenue_yoy": 12.42565653833069, 
        "accumulated_operating_revenue": 15359890, 
        "long_term_average": 1279990, 
        "date": "2013-12-31", 
        "operating_revenue": 1532434, 
        "short_term_average": 1305515
    }, 
    {
        "accumulated_operating_revenue_yoy": 37.386510474142405, 
        "accumulated_operating_revenue": 1456613, 
        "long_term_average": 1313022, 
        "date": "2014-01-31", 
        "operating_revenue": 1456613, 
        "short_term_average": 1416462
    }, 
    {
        "accumulated_operating_revenue_yoy": 30.03344023955517, 
        "accumulated_operating_revenue": 2603761, 
        "long_term_average": 1330106, 
        "date": "2014-02-28", 
        "operating_revenue": 1147148, 
        "short_term_average": 1378731
    }, 
    {
        "accumulated_operating_revenue_yoy": 17.90050181766956, 
        "accumulated_operating_revenue": 4100998, 
        "long_term_average": 1331877, 
        "date": "2014-03-31", 
        "operating_revenue": 1497237, 
        "short_term_average": 1366999
    }, 
    {
        "accumulated_operating_revenue_yoy": 19.108530329344823, 
        "accumulated_operating_revenue": 5515280, 
        "long_term_average": 1353725, 
        "date": "2014-04-30", 
        "operating_revenue": 1414282, 
        "short_term_average": 1352889
    }, 
    {
        "accumulated_operating_revenue_yoy": 12.619055095766077, 
        "accumulated_operating_revenue": 6849911, 
        "long_term_average": 1343952, 
        "date": "2014-05-31", 
        "operating_revenue": 1334631, 
        "short_term_average": 1415383
    }, 
    {
        "accumulated_operating_revenue_yoy": 8.208297803817437, 
        "accumulated_operating_revenue": 8201517, 
        "long_term_average": 1331835, 
        "date": "2014-06-30", 
        "operating_revenue": 1351606, 
        "short_term_average": 1366839
    }, 
    {
        "accumulated_operating_revenue_yoy": 8.208305656232314, 
        "accumulated_operating_revenue": 9510270, 
        "long_term_average": 1340108, 
        "date": "2014-07-31", 
        "operating_revenue": 1308753, 
        "short_term_average": 1331663
    }, 
    {
        "accumulated_operating_revenue_yoy": 7.390025618328158, 
        "accumulated_operating_revenue": 10856658, 
        "long_term_average": 1342249, 
        "date": "2014-08-31", 
        "operating_revenue": 1346388, 
        "short_term_average": 1335582
    }, 
    {
        "accumulated_operating_revenue_yoy": 6.148796527588743, 
        "accumulated_operating_revenue": 12146973, 
        "long_term_average": 1338626, 
        "date": "2014-09-30", 
        "operating_revenue": 1290315, 
        "short_term_average": 1315152
    }, 
    {
        "accumulated_operating_revenue_yoy": 6.132823155288771, 
        "accumulated_operating_revenue": 13337835, 
        "long_term_average": 1344217, 
        "date": "2014-10-31", 
        "operating_revenue": 1190862, 
        "short_term_average": 1275855
    }, 
    {
        "accumulated_operating_revenue_yoy": 4.740546634174789, 
        "accumulated_operating_revenue": 14482953, 
        "long_term_average": 1334615, 
        "date": "2014-11-30", 
        "operating_revenue": 1145118, 
        "short_term_average": 1208765
    }, 
    {
        "accumulated_operating_revenue_yoy": 2.6433652845170115, 
        "accumulated_operating_revenue": 15765908, 
        "long_term_average": 1313825, 
        "date": "2014-12-31", 
        "operating_revenue": 1282955, 
        "short_term_average": 1206311
    }, 
    {
        "accumulated_operating_revenue_yoy": -30.140469706092148, 
        "accumulated_operating_revenue": 1017583, 
        "long_term_average": 1277239, 
        "date": "2015-01-31", 
        "operating_revenue": 1017583, 
        "short_term_average": 1148552
    }, 
    {
        "accumulated_operating_revenue_yoy": -28.572706941996596, 
        "accumulated_operating_revenue": 1859796, 
        "long_term_average": 1251828, 
        "date": "2015-02-28", 
        "operating_revenue": 842213, 
        "short_term_average": 1047583
    }, 
    {
        "accumulated_operating_revenue_yoy": -29.462438167489964, 
        "accumulated_operating_revenue": 2892744, 
        "long_term_average": 1213137, 
        "date": "2015-03-31", 
        "operating_revenue": 1032948, 
        "short_term_average": 964248
    }, 
    {
        "accumulated_operating_revenue_yoy": -33.131355071727995, 
        "accumulated_operating_revenue": 3687993, 
        "long_term_average": 1161551, 
        "date": "2015-04-30", 
        "operating_revenue": 795249, 
        "short_term_average": 890136
    }, 
    {
        "accumulated_operating_revenue_yoy": -33.30500206499033, 
        "accumulated_operating_revenue": 4568548, 
        "long_term_average": 1123712, 
        "date": "2015-05-31", 
        "operating_revenue": 880555, 
        "short_term_average": 902917
    }, 
    {
        "accumulated_operating_revenue_yoy": -33.43109573509388, 
        "accumulated_operating_revenue": 5459660, 
        "long_term_average": 1085337, 
        "date": "2015-06-30", 
        "operating_revenue": 891112, 
        "short_term_average": 855638
    }, 
    {
        "accumulated_operating_revenue_yoy": -33.98664811829738, 
        "accumulated_operating_revenue": 6278048, 
        "long_term_average": 1044473, 
        "date": "2015-07-31", 
        "operating_revenue": 818388, 
        "short_term_average": 863351
    }, 
    {
        "accumulated_operating_revenue_yoy": -34.04907845489837, 
        "accumulated_operating_revenue": 7160066, 
        "long_term_average": 1005776, 
        "date": "2015-08-31", 
        "operating_revenue": 882018, 
        "short_term_average": 863839
    }, 
    {
        "accumulated_operating_revenue_yoy": -33.33560550435076, 
        "accumulated_operating_revenue": 8097706, 
        "long_term_average": 976386, 
        "date": "2015-09-30", 
        "operating_revenue": 937640, 
        "short_term_average": 879348
    }
]