[
    {
        "date": "2012-01-31", 
        "operating_revenue": 1176392, 
        "accumulated_operating_revenue": 1176392, 
        "long_term_average": 1176392, 
        "short_term_average": 1176392
    }, 
    {
        "date": "2012-02-29", 
        "operating_revenue": 1441664, 
        "accumulated_operating_revenue": 2618056, 
        "long_term_average": 1309028, 
        "short_term_average": 1309028
    }, 
    {
        "date": "2012-03-31", 
        "operating_revenue": 1785407, 
        "accumulated_operating_revenue": 4403463, 
        "long_term_average": 1467821, 
        "short_term_average": 1467821
    }, 
    {
        "date": "2012-04-30", 
        "operating_revenue": 1754451, 
        "accumulated_operating_revenue": 6157914, 
        "long_term_average": 1539478, 
        "short_term_average": 1660507
    }, 
    {
        "date": "2012-05-31", 
        "operating_revenue": 1783376, 
        "accumulated_operating_revenue": 7941290, 
        "long_term_average": 1588258, 
        "short_term_average": 1774411
    }, 
    {
        "date": "2012-06-30", 
        "operating_revenue": 1561766, 
        "accumulated_operating_revenue": 9503056, 
        "long_term_average": 1583842, 
        "short_term_average": 1699864
    }, 
    {
        "date": "2012-07-31", 
        "operating_revenue": 1797530, 
        "accumulated_operating_revenue": 11300586, 
        "long_term_average": 1614369, 
        "short_term_average": 1714224
    }, 
    {
        "date": "2012-08-31", 
        "operating_revenue": 1770157, 
        "accumulated_operating_revenue": 13070743, 
        "long_term_average": 1633842, 
        "short_term_average": 1709817
    }, 
    {
        "date": "2012-09-30", 
        "operating_revenue": 1908992, 
        "accumulated_operating_revenue": 14979735, 
        "long_term_average": 1664415, 
        "short_term_average": 1825559
    }, 
    {
        "date": "2012-10-31", 
        "operating_revenue": 1630003, 
        "accumulated_operating_revenue": 16609738, 
        "long_term_average": 1660973, 
        "short_term_average": 1769717
    }, 
    {
        "date": "2012-11-30", 
        "operating_revenue": 1650486, 
        "accumulated_operating_revenue": 18260224, 
        "long_term_average": 1660020, 
        "short_term_average": 1729827
    }, 
    {
        "date": "2012-12-31", 
        "operating_revenue": 1507675, 
        "accumulated_operating_revenue": 19767899, 
        "long_term_average": 1647324, 
        "short_term_average": 1596054
    }, 
    {
        "accumulated_operating_revenue_yoy": 46.7184407918449, 
        "accumulated_operating_revenue": 1725984, 
        "long_term_average": 1693124, 
        "date": "2013-01-31", 
        "operating_revenue": 1725984, 
        "short_term_average": 1628048
    }, 
    {
        "accumulated_operating_revenue_yoy": 15.037646253556073, 
        "accumulated_operating_revenue": 3011750, 
        "long_term_average": 1680132, 
        "date": "2013-02-28", 
        "operating_revenue": 1285766, 
        "short_term_average": 1506475
    }, 
    {
        "accumulated_operating_revenue_yoy": 10.680911818720856, 
        "accumulated_operating_revenue": 4873793, 
        "long_term_average": 1686519, 
        "date": "2013-03-31", 
        "operating_revenue": 1862043, 
        "short_term_average": 1624597
    }, 
    {
        "accumulated_operating_revenue_yoy": 6.2418864570047585, 
        "accumulated_operating_revenue": 6542284, 
        "long_term_average": 1679355, 
        "date": "2013-04-30", 
        "operating_revenue": 1668491, 
        "short_term_average": 1605433
    }, 
    {
        "accumulated_operating_revenue_yoy": 2.988771345713354, 
        "accumulated_operating_revenue": 8178637, 
        "long_term_average": 1667103, 
        "date": "2013-05-31", 
        "operating_revenue": 1636353, 
        "short_term_average": 1722295
    }, 
    {
        "accumulated_operating_revenue_yoy": 1.519500674309401, 
        "accumulated_operating_revenue": 9647455, 
        "long_term_average": 1659358, 
        "date": "2013-06-30", 
        "operating_revenue": 1468818, 
        "short_term_average": 1591220
    }, 
    {
        "accumulated_operating_revenue_yoy": 0.05302379894281589, 
        "accumulated_operating_revenue": 11306578, 
        "long_term_average": 1647824, 
        "date": "2013-07-31", 
        "operating_revenue": 1659123, 
        "short_term_average": 1588098
    }, 
    {
        "accumulated_operating_revenue_yoy": -1.0330476239950552, 
        "accumulated_operating_revenue": 12935716, 
        "long_term_average": 1636072, 
        "date": "2013-08-31", 
        "operating_revenue": 1629138, 
        "short_term_average": 1585693
    }, 
    {
        "accumulated_operating_revenue_yoy": -1.7911531812812445, 
        "accumulated_operating_revenue": 14711425, 
        "long_term_average": 1624965, 
        "date": "2013-09-30", 
        "operating_revenue": 1775709, 
        "short_term_average": 1687990
    }, 
    {
        "accumulated_operating_revenue_yoy": -0.6042660034733841, 
        "accumulated_operating_revenue": 16509371, 
        "long_term_average": 1638961, 
        "date": "2013-10-31", 
        "operating_revenue": 1797946, 
        "short_term_average": 1734264
    }, 
    {
        "accumulated_operating_revenue_yoy": 0.6615691023286461, 
        "accumulated_operating_revenue": 18381028, 
        "long_term_average": 1657391, 
        "date": "2013-11-30", 
        "operating_revenue": 1871657, 
        "short_term_average": 1815104
    }, 
    {
        "accumulated_operating_revenue_yoy": 2.003996479342595, 
        "accumulated_operating_revenue": 20164047, 
        "long_term_average": 1680337, 
        "date": "2013-12-31", 
        "operating_revenue": 1783019, 
        "short_term_average": 1817540
    }, 
    {
        "accumulated_operating_revenue_yoy": -9.217466674082726, 
        "accumulated_operating_revenue": 1566892, 
        "long_term_average": 1667079, 
        "date": "2014-01-31", 
        "operating_revenue": 1566892, 
        "short_term_average": 1740522
    }, 
    {
        "accumulated_operating_revenue_yoy": -4.192479455466091, 
        "accumulated_operating_revenue": 2885483, 
        "long_term_average": 1669815, 
        "date": "2014-02-28", 
        "operating_revenue": 1318591, 
        "short_term_average": 1556167
    }, 
    {
        "accumulated_operating_revenue_yoy": -6.665445167654843, 
        "accumulated_operating_revenue": 4548933, 
        "long_term_average": 1653265, 
        "date": "2014-03-31", 
        "operating_revenue": 1663450, 
        "short_term_average": 1516311
    }, 
    {
        "accumulated_operating_revenue_yoy": -3.860012802868234, 
        "accumulated_operating_revenue": 6289751, 
        "long_term_average": 1659292, 
        "date": "2014-04-30", 
        "operating_revenue": 1740818, 
        "short_term_average": 1574286
    }, 
    {
        "accumulated_operating_revenue_yoy": -1.2433245295028987, 
        "accumulated_operating_revenue": 8076950, 
        "long_term_average": 1671863, 
        "date": "2014-05-31", 
        "operating_revenue": 1787199, 
        "short_term_average": 1730489
    }, 
    {
        "accumulated_operating_revenue_yoy": 1.2887543917022677, 
        "accumulated_operating_revenue": 9771787, 
        "long_term_average": 1690698, 
        "date": "2014-06-30", 
        "operating_revenue": 1694837, 
        "short_term_average": 1740951
    }, 
    {
        "accumulated_operating_revenue_yoy": 0.0, 
        "accumulated_operating_revenue": 11306578, 
        "long_term_average": 1680337, 
        "date": "2014-07-31", 
        "operating_revenue": 1534791, 
        "short_term_average": 1672275
    }, 
    {
        "accumulated_operating_revenue_yoy": 2.8942966898778546, 
        "accumulated_operating_revenue": 13310114, 
        "long_term_average": 1711537, 
        "date": "2014-08-31", 
        "operating_revenue": 2003536, 
        "short_term_average": 1744388
    }, 
    {
        "accumulated_operating_revenue_yoy": 2.794889006333513, 
        "accumulated_operating_revenue": 15122593, 
        "long_term_average": 1714601, 
        "date": "2014-09-30", 
        "operating_revenue": 1812479, 
        "short_term_average": 1783602
    }, 
    {
        "accumulated_operating_revenue_yoy": 2.396366281913466, 
        "accumulated_operating_revenue": 16904996, 
        "long_term_average": 1713306, 
        "date": "2014-10-31", 
        "operating_revenue": 1782403, 
        "short_term_average": 1866139
    }, 
    {
        "accumulated_operating_revenue_yoy": 1.8545752718509543, 
        "accumulated_operating_revenue": 18721918, 
        "long_term_average": 1708744, 
        "date": "2014-11-30", 
        "operating_revenue": 1816922, 
        "short_term_average": 1803934
    }, 
    {
        "accumulated_operating_revenue_yoy": 1.3664221274628054, 
        "accumulated_operating_revenue": 20439573, 
        "long_term_average": 1703297, 
        "date": "2014-12-31", 
        "operating_revenue": 1717655, 
        "short_term_average": 1772326
    }, 
    {
        "accumulated_operating_revenue_yoy": 6.657574357390299, 
        "accumulated_operating_revenue": 1671209, 
        "long_term_average": 1711990, 
        "date": "2015-01-31", 
        "operating_revenue": 1671209, 
        "short_term_average": 1735262
    }, 
    {
        "accumulated_operating_revenue_yoy": -5.617776989155715, 
        "accumulated_operating_revenue": 2723383, 
        "long_term_average": 1689789, 
        "date": "2015-02-28", 
        "operating_revenue": 1052174, 
        "short_term_average": 1480346
    }, 
    {
        "accumulated_operating_revenue_yoy": -6.67068519145039, 
        "accumulated_operating_revenue": 4245488, 
        "long_term_average": 1678010, 
        "date": "2015-03-31", 
        "operating_revenue": 1522105, 
        "short_term_average": 1415162
    }, 
    {
        "accumulated_operating_revenue_yoy": -9.473252597757845, 
        "accumulated_operating_revenue": 5693907, 
        "long_term_average": 1653644, 
        "date": "2015-04-30", 
        "operating_revenue": 1448419, 
        "short_term_average": 1340899
    }, 
    {
        "accumulated_operating_revenue_yoy": -11.559710039061773, 
        "accumulated_operating_revenue": 7143278, 
        "long_term_average": 1625491, 
        "date": "2015-05-31", 
        "operating_revenue": 1449371, 
        "short_term_average": 1473298
    }, 
    {
        "accumulated_operating_revenue_yoy": -12.732696690994185, 
        "accumulated_operating_revenue": 8527575, 
        "long_term_average": 1599613, 
        "date": "2015-06-30", 
        "operating_revenue": 1384297, 
        "short_term_average": 1427362
    }, 
    {
        "accumulated_operating_revenue_yoy": -12.047429381374277, 
        "accumulated_operating_revenue": 9944426, 
        "long_term_average": 1589785, 
        "date": "2015-07-31", 
        "operating_revenue": 1416851, 
        "short_term_average": 1416839
    }, 
    {
        "accumulated_operating_revenue_yoy": -14.058166594215496, 
        "accumulated_operating_revenue": 11438956, 
        "long_term_average": 1547367, 
        "date": "2015-08-31", 
        "operating_revenue": 1494530, 
        "short_term_average": 1431892
    }, 
    {
        "accumulated_operating_revenue_yoy": -13.987422659592836, 
        "accumulated_operating_revenue": 13007332, 
        "long_term_average": 1527026, 
        "date": "2015-09-30", 
        "operating_revenue": 1568376, 
        "short_term_average": 1493252
    }
]