[
    {
        "date": "2011-09-30", 
        "operating_revenue": 531557, 
        "accumulated_operating_revenue": 531557, 
        "long_term_average": 531557, 
        "short_term_average": 531557
    }, 
    {
        "date": "2011-10-31", 
        "operating_revenue": 484041, 
        "accumulated_operating_revenue": 1015598, 
        "long_term_average": 507799, 
        "short_term_average": 507799
    }, 
    {
        "date": "2011-11-30", 
        "operating_revenue": 450684, 
        "accumulated_operating_revenue": 1466282, 
        "long_term_average": 488760, 
        "short_term_average": 488760
    }, 
    {
        "date": "2011-12-31", 
        "operating_revenue": 414457, 
        "accumulated_operating_revenue": 1880739, 
        "long_term_average": 470184, 
        "short_term_average": 449727
    }, 
    {
        "date": "2012-01-31", 
        "operating_revenue": 343088, 
        "accumulated_operating_revenue": 343088, 
        "long_term_average": 444765, 
        "short_term_average": 402743
    }, 
    {
        "date": "2012-02-29", 
        "operating_revenue": 430343, 
        "accumulated_operating_revenue": 773431, 
        "long_term_average": 442361, 
        "short_term_average": 395962
    }, 
    {
        "date": "2012-03-31", 
        "operating_revenue": 456475, 
        "accumulated_operating_revenue": 1229906, 
        "long_term_average": 444377, 
        "short_term_average": 409968
    }, 
    {
        "date": "2012-04-30", 
        "operating_revenue": 384528, 
        "accumulated_operating_revenue": 1614434, 
        "long_term_average": 436896, 
        "short_term_average": 423782
    }, 
    {
        "date": "2012-05-31", 
        "operating_revenue": 419858, 
        "accumulated_operating_revenue": 2034292, 
        "long_term_average": 435003, 
        "short_term_average": 420287
    }, 
    {
        "date": "2012-06-30", 
        "operating_revenue": 414870, 
        "accumulated_operating_revenue": 2449162, 
        "long_term_average": 432990, 
        "short_term_average": 406418
    }, 
    {
        "date": "2012-07-31", 
        "operating_revenue": 473403, 
        "accumulated_operating_revenue": 2922565, 
        "long_term_average": 436664, 
        "short_term_average": 436043
    }, 
    {
        "date": "2012-08-31", 
        "operating_revenue": 406150, 
        "accumulated_operating_revenue": 3328715, 
        "long_term_average": 434121, 
        "short_term_average": 431474
    }, 
    {
        "accumulated_operating_revenue_yoy": 600.9150476806815, 
        "accumulated_operating_revenue": 3725763, 
        "long_term_average": 422912, 
        "date": "2012-09-30", 
        "operating_revenue": 397048, 
        "short_term_average": 425533
    }, 
    {
        "accumulated_operating_revenue_yoy": 311.64693116764704, 
        "accumulated_operating_revenue": 4180678, 
        "long_term_average": 420484, 
        "date": "2012-10-31", 
        "operating_revenue": 454915, 
        "short_term_average": 419371
    }, 
    {
        "accumulated_operating_revenue_yoy": 214.65045605142805, 
        "accumulated_operating_revenue": 4613663, 
        "long_term_average": 419010, 
        "date": "2012-11-30", 
        "operating_revenue": 432985, 
        "short_term_average": 428316
    }, 
    {
        "accumulated_operating_revenue_yoy": 163.74552768885, 
        "accumulated_operating_revenue": 4960365, 
        "long_term_average": 413363, 
        "date": "2012-12-31", 
        "operating_revenue": 346702, 
        "short_term_average": 411534
    }, 
    {
        "accumulated_operating_revenue_yoy": 24.71406752786457, 
        "accumulated_operating_revenue": 427879, 
        "long_term_average": 420429, 
        "date": "2013-01-31", 
        "operating_revenue": 427879, 
        "short_term_average": 402522
    }, 
    {
        "accumulated_operating_revenue_yoy": -0.51484877125432, 
        "accumulated_operating_revenue": 769449, 
        "long_term_average": 413031, 
        "date": "2013-02-28", 
        "operating_revenue": 341570, 
        "short_term_average": 372050
    }, 
    {
        "accumulated_operating_revenue_yoy": -3.476119313183284, 
        "accumulated_operating_revenue": 1187153, 
        "long_term_average": 409801, 
        "date": "2013-03-31", 
        "operating_revenue": 417704, 
        "short_term_average": 395717
    }, 
    {
        "accumulated_operating_revenue_yoy": -2.2379360196824396, 
        "accumulated_operating_revenue": 1578304, 
        "long_term_average": 410352, 
        "date": "2013-04-30", 
        "operating_revenue": 391151, 
        "short_term_average": 383475
    }, 
    {
        "accumulated_operating_revenue_yoy": -2.1213277149986336, 
        "accumulated_operating_revenue": 1991138, 
        "long_term_average": 409767, 
        "date": "2013-05-31", 
        "operating_revenue": 412834, 
        "short_term_average": 407229
    }, 
    {
        "accumulated_operating_revenue_yoy": -2.930798371034664, 
        "accumulated_operating_revenue": 2377382, 
        "long_term_average": 407382, 
        "date": "2013-06-30", 
        "operating_revenue": 386244, 
        "short_term_average": 396743
    }, 
    {
        "accumulated_operating_revenue_yoy": -5.876755521263, 
        "accumulated_operating_revenue": 2750813, 
        "long_term_average": 399051, 
        "date": "2013-07-31", 
        "operating_revenue": 373431, 
        "short_term_average": 390836
    }, 
    {
        "accumulated_operating_revenue_yoy": -7.27151468359412, 
        "accumulated_operating_revenue": 3086667, 
        "long_term_average": 393193, 
        "date": "2013-08-31", 
        "operating_revenue": 335854, 
        "short_term_average": 365176
    }, 
    {
        "accumulated_operating_revenue_yoy": -8.345860968612335, 
        "accumulated_operating_revenue": 3414816, 
        "long_term_average": 387451, 
        "date": "2013-09-30", 
        "operating_revenue": 328149, 
        "short_term_average": 345811
    }, 
    {
        "accumulated_operating_revenue_yoy": -10.178707855520086, 
        "accumulated_operating_revenue": 3755139, 
        "long_term_average": 377902, 
        "date": "2013-10-31", 
        "operating_revenue": 340323, 
        "short_term_average": 334775
    }, 
    {
        "accumulated_operating_revenue_yoy": -11.508469517604558, 
        "accumulated_operating_revenue": 4082701, 
        "long_term_average": 369116, 
        "date": "2013-11-30", 
        "operating_revenue": 327562, 
        "short_term_average": 332011
    }, 
    {
        "accumulated_operating_revenue_yoy": -11.438533253097303, 
        "accumulated_operating_revenue": 4392972, 
        "long_term_average": 366081, 
        "date": "2013-12-31", 
        "operating_revenue": 310271, 
        "short_term_average": 326052
    }, 
    {
        "accumulated_operating_revenue_yoy": -26.106445981223665, 
        "accumulated_operating_revenue": 316175, 
        "long_term_average": 356772, 
        "date": "2014-01-31", 
        "operating_revenue": 316175, 
        "short_term_average": 318002
    }, 
    {
        "accumulated_operating_revenue_yoy": -15.055448769184181, 
        "accumulated_operating_revenue": 653605, 
        "long_term_average": 356427, 
        "date": "2014-02-28", 
        "operating_revenue": 337430, 
        "short_term_average": 321292
    }, 
    {
        "accumulated_operating_revenue_yoy": -13.1926550326706, 
        "accumulated_operating_revenue": 1030536, 
        "long_term_average": 353029, 
        "date": "2014-03-31", 
        "operating_revenue": 376931, 
        "short_term_average": 343512
    }, 
    {
        "accumulated_operating_revenue_yoy": -12.464328798507765, 
        "accumulated_operating_revenue": 1381579, 
        "long_term_average": 349687, 
        "date": "2014-04-30", 
        "operating_revenue": 351043, 
        "short_term_average": 355134
    }, 
    {
        "accumulated_operating_revenue_yoy": -13.050376217017606, 
        "accumulated_operating_revenue": 1731287, 
        "long_term_average": 344426, 
        "date": "2014-05-31", 
        "operating_revenue": 349708, 
        "short_term_average": 359227
    }, 
    {
        "accumulated_operating_revenue_yoy": -11.187979045858008, 
        "accumulated_operating_revenue": 2111401, 
        "long_term_average": 343915, 
        "date": "2014-06-30", 
        "operating_revenue": 380114, 
        "short_term_average": 360288
    }, 
    {
        "accumulated_operating_revenue_yoy": -9.46142104170658, 
        "accumulated_operating_revenue": 2490547, 
        "long_term_average": 344392, 
        "date": "2014-07-31", 
        "operating_revenue": 379146, 
        "short_term_average": 369656
    }, 
    {
        "accumulated_operating_revenue_yoy": -7.687353381495315, 
        "accumulated_operating_revenue": 2849384, 
        "long_term_average": 346307, 
        "date": "2014-08-31", 
        "operating_revenue": 358837, 
        "short_term_average": 372699
    }, 
    {
        "accumulated_operating_revenue_yoy": -6.211842746432018, 
        "accumulated_operating_revenue": 3202693, 
        "long_term_average": 348404, 
        "date": "2014-09-30", 
        "operating_revenue": 353309, 
        "short_term_average": 363764
    }, 
    {
        "accumulated_operating_revenue_yoy": -5.246436949471112, 
        "accumulated_operating_revenue": 3558128, 
        "long_term_average": 349663, 
        "date": "2014-10-31", 
        "operating_revenue": 355435, 
        "short_term_average": 355860
    }, 
    {
        "accumulated_operating_revenue_yoy": -4.063192479684405, 
        "accumulated_operating_revenue": 3916813, 
        "long_term_average": 352257, 
        "date": "2014-11-30", 
        "operating_revenue": 358685, 
        "short_term_average": 355809
    }, 
    {
        "accumulated_operating_revenue_yoy": -2.8223489701277407, 
        "accumulated_operating_revenue": 4268987, 
        "long_term_average": 355748, 
        "date": "2014-12-31", 
        "operating_revenue": 352174, 
        "short_term_average": 355431
    }, 
    {
        "accumulated_operating_revenue_yoy": 21.28726180121768, 
        "accumulated_operating_revenue": 383480, 
        "long_term_average": 361357, 
        "date": "2015-01-31", 
        "operating_revenue": 383480, 
        "short_term_average": 364779
    }, 
    {
        "accumulated_operating_revenue_yoy": 4.932183811323353, 
        "accumulated_operating_revenue": 685842, 
        "long_term_average": 358435, 
        "date": "2015-02-28", 
        "operating_revenue": 302362, 
        "short_term_average": 346005
    }, 
    {
        "accumulated_operating_revenue_yoy": 2.751189672170599, 
        "accumulated_operating_revenue": 1058888, 
        "long_term_average": 358111, 
        "date": "2015-03-31", 
        "operating_revenue": 373046, 
        "short_term_average": 352962
    }, 
    {
        "accumulated_operating_revenue_yoy": 1.7144875537338073, 
        "accumulated_operating_revenue": 1405266, 
        "long_term_average": 357722, 
        "date": "2015-04-30", 
        "operating_revenue": 346378, 
        "short_term_average": 340595
    }, 
    {
        "accumulated_operating_revenue_yoy": 0.5499954658008753, 
        "accumulated_operating_revenue": 1740809, 
        "long_term_average": 356542, 
        "date": "2015-05-31", 
        "operating_revenue": 335543, 
        "short_term_average": 351655
    }, 
    {
        "accumulated_operating_revenue_yoy": -2.0641744509924926, 
        "accumulated_operating_revenue": 2067818, 
        "long_term_average": 352117, 
        "date": "2015-06-30", 
        "operating_revenue": 327009, 
        "short_term_average": 336310
    }, 
    {
        "accumulated_operating_revenue_yoy": -4.739641532562927, 
        "accumulated_operating_revenue": 2372504, 
        "long_term_average": 345912, 
        "date": "2015-07-31", 
        "operating_revenue": 304686, 
        "short_term_average": 322412
    }, 
    {
        "accumulated_operating_revenue_yoy": -5.75278726910799, 
        "accumulated_operating_revenue": 2685465, 
        "long_term_average": 342089, 
        "date": "2015-08-31", 
        "operating_revenue": 312961, 
        "short_term_average": 314885
    }
]