[
    {
        "date": "2011-09-30", 
        "operating_revenue": 2721786, 
        "accumulated_operating_revenue": 2721786, 
        "long_term_average": 2721786, 
        "short_term_average": 2721786
    }, 
    {
        "date": "2011-10-31", 
        "operating_revenue": 2433640, 
        "accumulated_operating_revenue": 5155426, 
        "long_term_average": 2577713, 
        "short_term_average": 2577713
    }, 
    {
        "date": "2011-11-30", 
        "operating_revenue": 2118522, 
        "accumulated_operating_revenue": 7273948, 
        "long_term_average": 2424649, 
        "short_term_average": 2424649
    }, 
    {
        "date": "2011-12-31", 
        "operating_revenue": 2699061, 
        "accumulated_operating_revenue": 9973009, 
        "long_term_average": 2493252, 
        "short_term_average": 2417074
    }, 
    {
        "date": "2012-01-31", 
        "operating_revenue": 2490187, 
        "accumulated_operating_revenue": 2490187, 
        "long_term_average": 2492639, 
        "short_term_average": 2435923
    }, 
    {
        "date": "2012-02-29", 
        "operating_revenue": 3046434, 
        "accumulated_operating_revenue": 5536621, 
        "long_term_average": 2584938, 
        "short_term_average": 2745227
    }, 
    {
        "date": "2012-03-31", 
        "operating_revenue": 3264871, 
        "accumulated_operating_revenue": 8801492, 
        "long_term_average": 2682071, 
        "short_term_average": 2933830
    }, 
    {
        "date": "2012-04-30", 
        "operating_revenue": 3412099, 
        "accumulated_operating_revenue": 12213591, 
        "long_term_average": 2773325, 
        "short_term_average": 3241134
    }, 
    {
        "date": "2012-05-31", 
        "operating_revenue": 3667805, 
        "accumulated_operating_revenue": 15881396, 
        "long_term_average": 2872711, 
        "short_term_average": 3448258
    }, 
    {
        "date": "2012-06-30", 
        "operating_revenue": 3382934, 
        "accumulated_operating_revenue": 19264330, 
        "long_term_average": 2923733, 
        "short_term_average": 3487612
    }, 
    {
        "date": "2012-07-31", 
        "operating_revenue": 3007864, 
        "accumulated_operating_revenue": 22272194, 
        "long_term_average": 2931382, 
        "short_term_average": 3352867
    }, 
    {
        "date": "2012-08-31", 
        "operating_revenue": 3181266, 
        "accumulated_operating_revenue": 25453460, 
        "long_term_average": 2952205, 
        "short_term_average": 3190688
    }, 
    {
        "accumulated_operating_revenue_yoy": 936.6063680245251, 
        "accumulated_operating_revenue": 28214207, 
        "long_term_average": 2955452, 
        "date": "2012-09-30", 
        "operating_revenue": 2760747, 
        "short_term_average": 2983292
    }, 
    {
        "accumulated_operating_revenue_yoy": 504.28662927176146, 
        "accumulated_operating_revenue": 31153550, 
        "long_term_average": 2997594, 
        "date": "2012-10-31", 
        "operating_revenue": 2939343, 
        "short_term_average": 2960452
    }, 
    {
        "accumulated_operating_revenue_yoy": 367.92551995147613, 
        "accumulated_operating_revenue": 34036659, 
        "long_term_average": 3061310, 
        "date": "2012-11-30", 
        "operating_revenue": 2883109, 
        "short_term_average": 2861066
    }, 
    {
        "accumulated_operating_revenue_yoy": 264.86370362244736, 
        "accumulated_operating_revenue": 36387890, 
        "long_term_average": 3032324, 
        "date": "2012-12-31", 
        "operating_revenue": 2351231, 
        "short_term_average": 2724561
    }, 
    {
        "accumulated_operating_revenue_yoy": 13.098413894217584, 
        "accumulated_operating_revenue": 2816362, 
        "long_term_average": 3059505, 
        "date": "2013-01-31", 
        "operating_revenue": 2816362, 
        "short_term_average": 2683567
    }, 
    {
        "accumulated_operating_revenue_yoy": -5.745887247835819, 
        "accumulated_operating_revenue": 5218493, 
        "long_term_average": 3005813, 
        "date": "2013-02-28", 
        "operating_revenue": 2402131, 
        "short_term_average": 2523241
    }, 
    {
        "accumulated_operating_revenue_yoy": -12.657865280113873, 
        "accumulated_operating_revenue": 7687411, 
        "long_term_average": 2939484, 
        "date": "2013-03-31", 
        "operating_revenue": 2468918, 
        "short_term_average": 2562470
    }, 
    {
        "accumulated_operating_revenue_yoy": -15.462168333621126, 
        "accumulated_operating_revenue": 10325105, 
        "long_term_average": 2874950, 
        "date": "2013-04-30", 
        "operating_revenue": 2637694, 
        "short_term_average": 2502914
    }, 
    {
        "accumulated_operating_revenue_yoy": -19.06636545049314, 
        "accumulated_operating_revenue": 12853391, 
        "long_term_average": 2779990, 
        "date": "2013-05-31", 
        "operating_revenue": 2528286, 
        "short_term_average": 2544966
    }, 
    {
        "accumulated_operating_revenue_yoy": -19.083113713272144, 
        "accumulated_operating_revenue": 15588096, 
        "long_term_average": 2725971, 
        "date": "2013-06-30", 
        "operating_revenue": 2734705, 
        "short_term_average": 2633561
    }, 
    {
        "accumulated_operating_revenue_yoy": -16.641620488758317, 
        "accumulated_operating_revenue": 18565740, 
        "long_term_average": 2723453, 
        "date": "2013-07-31", 
        "operating_revenue": 2977644, 
        "short_term_average": 2746878
    }, 
    {
        "accumulated_operating_revenue_yoy": -15.573639104467526, 
        "accumulated_operating_revenue": 21489430, 
        "long_term_average": 2701988, 
        "date": "2013-08-31", 
        "operating_revenue": 2923690, 
        "short_term_average": 2878679
    }, 
    {
        "accumulated_operating_revenue_yoy": -14.618447365896195, 
        "accumulated_operating_revenue": 24089728, 
        "long_term_average": 2688617, 
        "date": "2013-09-30", 
        "operating_revenue": 2600298, 
        "short_term_average": 2833877
    }, 
    {
        "accumulated_operating_revenue_yoy": -12.766419878312425, 
        "accumulated_operating_revenue": 27176357, 
        "long_term_average": 2700891, 
        "date": "2013-10-31", 
        "operating_revenue": 3086629, 
        "short_term_average": 2870205
    }, 
    {
        "accumulated_operating_revenue_yoy": -10.751307876604457, 
        "accumulated_operating_revenue": 30377273, 
        "long_term_average": 2727375, 
        "date": "2013-11-30", 
        "operating_revenue": 3200916, 
        "short_term_average": 2962614
    }, 
    {
        "accumulated_operating_revenue_yoy": -8.793889945253765, 
        "accumulated_operating_revenue": 33187979, 
        "long_term_average": 2765664, 
        "date": "2013-12-31", 
        "operating_revenue": 2810706, 
        "short_term_average": 3032750
    }, 
    {
        "accumulated_operating_revenue_yoy": 1.3253267868264094, 
        "accumulated_operating_revenue": 2853688, 
        "long_term_average": 2768775, 
        "date": "2014-01-31", 
        "operating_revenue": 2853688, 
        "short_term_average": 2955103
    }, 
    {
        "accumulated_operating_revenue_yoy": -7.909218235992651, 
        "accumulated_operating_revenue": 4805751, 
        "long_term_average": 2731269, 
        "date": "2014-02-28", 
        "operating_revenue": 1952063, 
        "short_term_average": 2538819
    }, 
    {
        "accumulated_operating_revenue_yoy": -3.829494741467576, 
        "accumulated_operating_revenue": 7393022, 
        "long_term_average": 2741132, 
        "date": "2014-03-31", 
        "operating_revenue": 2587271, 
        "short_term_average": 2464340
    }, 
    {
        "accumulated_operating_revenue_yoy": -4.126757064456004, 
        "accumulated_operating_revenue": 9899013, 
        "long_term_average": 2730157, 
        "date": "2014-04-30", 
        "operating_revenue": 2505991, 
        "short_term_average": 2348441
    }, 
    {
        "accumulated_operating_revenue_yoy": -2.4426238959042017, 
        "accumulated_operating_revenue": 12539431, 
        "long_term_average": 2739501, 
        "date": "2014-05-31", 
        "operating_revenue": 2640418, 
        "short_term_average": 2577893
    }, 
    {
        "accumulated_operating_revenue_yoy": -3.531694954919446, 
        "accumulated_operating_revenue": 15037572, 
        "long_term_average": 2719787, 
        "date": "2014-06-30", 
        "operating_revenue": 2498141, 
        "short_term_average": 2548183
    }, 
    {
        "accumulated_operating_revenue_yoy": -4.008560929971011, 
        "accumulated_operating_revenue": 17821521, 
        "long_term_average": 2703646, 
        "date": "2014-07-31", 
        "operating_revenue": 2783949, 
        "short_term_average": 2640836
    }, 
    {
        "accumulated_operating_revenue_yoy": -4.3082622479982025, 
        "accumulated_operating_revenue": 20563609, 
        "long_term_average": 2688513, 
        "date": "2014-08-31", 
        "operating_revenue": 2742088, 
        "short_term_average": 2674726
    }, 
    {
        "accumulated_operating_revenue_yoy": -4.892956865266391, 
        "accumulated_operating_revenue": 22911028, 
        "long_term_average": 2667439, 
        "date": "2014-09-30", 
        "operating_revenue": 2347419, 
        "short_term_average": 2624485
    }, 
    {
        "accumulated_operating_revenue_yoy": -7.268126482147699, 
        "accumulated_operating_revenue": 25201145, 
        "long_term_average": 2601063, 
        "date": "2014-10-31", 
        "operating_revenue": 2290117, 
        "short_term_average": 2459874
    }, 
    {
        "accumulated_operating_revenue_yoy": -9.138526028982259, 
        "accumulated_operating_revenue": 27601238, 
        "long_term_average": 2534328, 
        "date": "2014-11-30", 
        "operating_revenue": 2400093, 
        "short_term_average": 2345876
    }, 
    {
        "accumulated_operating_revenue_yoy": -9.432457456960545, 
        "accumulated_operating_revenue": 30057537, 
        "long_term_average": 2504794, 
        "date": "2014-12-31", 
        "operating_revenue": 2456299, 
        "short_term_average": 2382169
    }, 
    {
        "accumulated_operating_revenue_yoy": -19.23100913624755, 
        "accumulated_operating_revenue": 2304895, 
        "long_term_average": 2459062, 
        "date": "2015-01-31", 
        "operating_revenue": 2304895, 
        "short_term_average": 2387095
    }, 
    {
        "accumulated_operating_revenue_yoy": -15.136073425360575, 
        "accumulated_operating_revenue": 4078349, 
        "long_term_average": 2444177, 
        "date": "2015-02-28", 
        "operating_revenue": 1773454, 
        "short_term_average": 2178216
    }, 
    {
        "accumulated_operating_revenue_yoy": -21.396500646149843, 
        "accumulated_operating_revenue": 5811174, 
        "long_term_average": 2372974, 
        "date": "2015-03-31", 
        "operating_revenue": 1732825, 
        "short_term_average": 1937058
    }, 
    {
        "accumulated_operating_revenue_yoy": -20.423480603571285, 
        "accumulated_operating_revenue": 7877290, 
        "long_term_average": 2336317, 
        "date": "2015-04-30", 
        "operating_revenue": 2066116, 
        "short_term_average": 1857465
    }, 
    {
        "accumulated_operating_revenue_yoy": -24.101253079186765, 
        "accumulated_operating_revenue": 9517271, 
        "long_term_average": 2252948, 
        "date": "2015-05-31", 
        "operating_revenue": 1639981, 
        "short_term_average": 1812974
    }, 
    {
        "accumulated_operating_revenue_yoy": -24.949991926888195, 
        "accumulated_operating_revenue": 11285699, 
        "long_term_average": 2192138, 
        "date": "2015-06-30", 
        "operating_revenue": 1768428, 
        "short_term_average": 1824841
    }, 
    {
        "accumulated_operating_revenue_yoy": -26.66785848413275, 
        "accumulated_operating_revenue": 13068903, 
        "long_term_average": 2108743, 
        "date": "2015-07-31", 
        "operating_revenue": 1783204, 
        "short_term_average": 1730537
    }, 
    {
        "accumulated_operating_revenue_yoy": -27.216453104121946, 
        "accumulated_operating_revenue": 14966924, 
        "long_term_average": 2038404, 
        "date": "2015-08-31", 
        "operating_revenue": 1898021, 
        "short_term_average": 1816551
    }, 
    {
        "accumulated_operating_revenue_yoy": -25.981614618078247, 
        "accumulated_operating_revenue": 16958373, 
        "long_term_average": 2008740, 
        "date": "2015-09-30", 
        "operating_revenue": 1991449, 
        "short_term_average": 1890891
    }
]