[
    {
        "date": "2011-09-30", 
        "operating_revenue": 621873, 
        "accumulated_operating_revenue": 621873, 
        "long_term_average": 621873, 
        "short_term_average": 621873
    }, 
    {
        "date": "2011-10-31", 
        "operating_revenue": 561884, 
        "accumulated_operating_revenue": 1183757, 
        "long_term_average": 591878, 
        "short_term_average": 591878
    }, 
    {
        "date": "2011-11-30", 
        "operating_revenue": 475698, 
        "accumulated_operating_revenue": 1659455, 
        "long_term_average": 553151, 
        "short_term_average": 553151
    }, 
    {
        "date": "2011-12-31", 
        "operating_revenue": 474133, 
        "accumulated_operating_revenue": 2133588, 
        "long_term_average": 533397, 
        "short_term_average": 503905
    }, 
    {
        "date": "2012-01-31", 
        "operating_revenue": 424250, 
        "accumulated_operating_revenue": 424250, 
        "long_term_average": 511567, 
        "short_term_average": 458027
    }, 
    {
        "date": "2012-02-29", 
        "operating_revenue": 434140, 
        "accumulated_operating_revenue": 858390, 
        "long_term_average": 498663, 
        "short_term_average": 444174
    }, 
    {
        "date": "2012-03-31", 
        "operating_revenue": 708990, 
        "accumulated_operating_revenue": 1567380, 
        "long_term_average": 528709, 
        "short_term_average": 522460
    }, 
    {
        "date": "2012-04-30", 
        "operating_revenue": 524124, 
        "accumulated_operating_revenue": 2091504, 
        "long_term_average": 528136, 
        "short_term_average": 555751
    }, 
    {
        "date": "2012-05-31", 
        "operating_revenue": 592918, 
        "accumulated_operating_revenue": 2684422, 
        "long_term_average": 535334, 
        "short_term_average": 608677
    }, 
    {
        "date": "2012-06-30", 
        "operating_revenue": 624310, 
        "accumulated_operating_revenue": 3308732, 
        "long_term_average": 544232, 
        "short_term_average": 580450
    }, 
    {
        "date": "2012-07-31", 
        "operating_revenue": 527825, 
        "accumulated_operating_revenue": 3836557, 
        "long_term_average": 542740, 
        "short_term_average": 581684
    }, 
    {
        "date": "2012-08-31", 
        "operating_revenue": 598917, 
        "accumulated_operating_revenue": 4435474, 
        "long_term_average": 547421, 
        "short_term_average": 583684
    }, 
    {
        "accumulated_operating_revenue_yoy": 711.6748918187476, 
        "accumulated_operating_revenue": 5047587, 
        "long_term_average": 546608, 
        "date": "2012-09-30", 
        "operating_revenue": 612113, 
        "short_term_average": 579618
    }, 
    {
        "accumulated_operating_revenue_yoy": 372.0440935090563, 
        "accumulated_operating_revenue": 5587855, 
        "long_term_average": 544807, 
        "date": "2012-10-31", 
        "operating_revenue": 540268, 
        "short_term_average": 583766
    }, 
    {
        "accumulated_operating_revenue_yoy": 275.1059835909983, 
        "accumulated_operating_revenue": 6224715, 
        "long_term_average": 558237, 
        "date": "2012-11-30", 
        "operating_revenue": 636860, 
        "short_term_average": 596413
    }, 
    {
        "accumulated_operating_revenue_yoy": 218.66086610910824, 
        "accumulated_operating_revenue": 6798910, 
        "long_term_average": 566575, 
        "date": "2012-12-31", 
        "operating_revenue": 574195, 
        "short_term_average": 583774
    }, 
    {
        "accumulated_operating_revenue_yoy": 21.839481437831466, 
        "accumulated_operating_revenue": 516904, 
        "long_term_average": 574297, 
        "date": "2013-01-31", 
        "operating_revenue": 516904, 
        "short_term_average": 575986
    }, 
    {
        "accumulated_operating_revenue_yoy": -2.2582975104556207, 
        "accumulated_operating_revenue": 839005, 
        "long_term_average": 564960, 
        "date": "2013-02-28", 
        "operating_revenue": 322101, 
        "short_term_average": 471066
    }, 
    {
        "accumulated_operating_revenue_yoy": -14.88228763924511, 
        "accumulated_operating_revenue": 1334118, 
        "long_term_average": 547137, 
        "date": "2013-03-31", 
        "operating_revenue": 495113, 
        "short_term_average": 444706
    }, 
    {
        "accumulated_operating_revenue_yoy": -13.139013838845157, 
        "accumulated_operating_revenue": 1816701, 
        "long_term_average": 543675, 
        "date": "2013-04-30", 
        "operating_revenue": 482583, 
        "short_term_average": 433265
    }, 
    {
        "accumulated_operating_revenue_yoy": -16.757126860083847, 
        "accumulated_operating_revenue": 2234590, 
        "long_term_average": 529089, 
        "date": "2013-05-31", 
        "operating_revenue": 417889, 
        "short_term_average": 465195
    }, 
    {
        "accumulated_operating_revenue_yoy": -16.30180383300914, 
        "accumulated_operating_revenue": 2769349, 
        "long_term_average": 521627, 
        "date": "2013-06-30", 
        "operating_revenue": 534759, 
        "short_term_average": 478410
    }, 
    {
        "accumulated_operating_revenue_yoy": -15.726991675087845, 
        "accumulated_operating_revenue": 3233182, 
        "long_term_average": 516294, 
        "date": "2013-07-31", 
        "operating_revenue": 463833, 
        "short_term_average": 472160
    }, 
    {
        "accumulated_operating_revenue_yoy": -14.163469338339036, 
        "accumulated_operating_revenue": 3807257, 
        "long_term_average": 514224, 
        "date": "2013-08-31", 
        "operating_revenue": 574075, 
        "short_term_average": 524222
    }, 
    {
        "accumulated_operating_revenue_yoy": -12.90266022160688, 
        "accumulated_operating_revenue": 4396314, 
        "long_term_average": 512303, 
        "date": "2013-09-30", 
        "operating_revenue": 589057, 
        "short_term_average": 542321
    }, 
    {
        "accumulated_operating_revenue_yoy": -13.261600381541754, 
        "accumulated_operating_revenue": 4846816, 
        "long_term_average": 504822, 
        "date": "2013-10-31", 
        "operating_revenue": 450502, 
        "short_term_average": 537878
    }, 
    {
        "accumulated_operating_revenue_yoy": -12.099284866857358, 
        "accumulated_operating_revenue": 5471569, 
        "long_term_average": 503813, 
        "date": "2013-11-30", 
        "operating_revenue": 624753, 
        "short_term_average": 554770
    }, 
    {
        "accumulated_operating_revenue_yoy": -8.519527394832407, 
        "accumulated_operating_revenue": 6219675, 
        "long_term_average": 518306, 
        "date": "2013-12-31", 
        "operating_revenue": 748106, 
        "short_term_average": 607787
    }, 
    {
        "accumulated_operating_revenue_yoy": -12.55068639437884, 
        "accumulated_operating_revenue": 452029, 
        "long_term_average": 512900, 
        "date": "2014-01-31", 
        "operating_revenue": 452029, 
        "short_term_average": 608296
    }, 
    {
        "accumulated_operating_revenue_yoy": 11.589680633607665, 
        "accumulated_operating_revenue": 936243, 
        "long_term_average": 526409, 
        "date": "2014-02-28", 
        "operating_revenue": 484214, 
        "short_term_average": 561449
    }, 
    {
        "accumulated_operating_revenue_yoy": 5.589460602435467, 
        "accumulated_operating_revenue": 1408688, 
        "long_term_average": 524520, 
        "date": "2014-03-31", 
        "operating_revenue": 472445, 
        "short_term_average": 469562
    }, 
    {
        "accumulated_operating_revenue_yoy": 1.646115678914692, 
        "accumulated_operating_revenue": 1846606, 
        "long_term_average": 520798, 
        "date": "2014-04-30", 
        "operating_revenue": 437918, 
        "short_term_average": 464859
    }, 
    {
        "accumulated_operating_revenue_yoy": 1.9336433081683888, 
        "accumulated_operating_revenue": 2277799, 
        "long_term_average": 521907, 
        "date": "2014-05-31", 
        "operating_revenue": 431193, 
        "short_term_average": 447185
    }, 
    {
        "accumulated_operating_revenue_yoy": 4.835468552356528, 
        "accumulated_operating_revenue": 2903260, 
        "long_term_average": 529465, 
        "date": "2014-06-30", 
        "operating_revenue": 625461, 
        "short_term_average": 498190
    }, 
    {
        "accumulated_operating_revenue_yoy": 2.3902149647004096, 
        "accumulated_operating_revenue": 3310462, 
        "long_term_average": 524746, 
        "date": "2014-07-31", 
        "operating_revenue": 407202, 
        "short_term_average": 487952
    }, 
    {
        "accumulated_operating_revenue_yoy": 2.5042438690112068, 
        "accumulated_operating_revenue": 3902600, 
        "long_term_average": 526251, 
        "date": "2014-08-31", 
        "operating_revenue": 592138, 
        "short_term_average": 541600
    }, 
    {
        "accumulated_operating_revenue_yoy": -0.1789453619554927, 
        "accumulated_operating_revenue": 4388447, 
        "long_term_average": 517650, 
        "date": "2014-09-30", 
        "operating_revenue": 485847, 
        "short_term_average": 495062
    }, 
    {
        "accumulated_operating_revenue_yoy": 0.8020110522041687, 
        "accumulated_operating_revenue": 4885688, 
        "long_term_average": 521545, 
        "date": "2014-10-31", 
        "operating_revenue": 497241, 
        "short_term_average": 525075
    }, 
    {
        "accumulated_operating_revenue_yoy": -0.5941622960434201, 
        "accumulated_operating_revenue": 5439059, 
        "long_term_average": 515597, 
        "date": "2014-11-30", 
        "operating_revenue": 553371, 
        "short_term_average": 512153
    }, 
    {
        "accumulated_operating_revenue_yoy": -4.0796665420620855, 
        "accumulated_operating_revenue": 5965933, 
        "long_term_average": 497161, 
        "date": "2014-12-31", 
        "operating_revenue": 526874, 
        "short_term_average": 525828
    }, 
    {
        "accumulated_operating_revenue_yoy": -11.392189439173151, 
        "accumulated_operating_revenue": 400533, 
        "long_term_average": 492869, 
        "date": "2015-01-31", 
        "operating_revenue": 400533, 
        "short_term_average": 493592
    }, 
    {
        "accumulated_operating_revenue_yoy": -19.00863344238622, 
        "accumulated_operating_revenue": 758276, 
        "long_term_average": 482330, 
        "date": "2015-02-28", 
        "operating_revenue": 357743, 
        "short_term_average": 428383
    }, 
    {
        "accumulated_operating_revenue_yoy": -10.496504548913599, 
        "accumulated_operating_revenue": 1260825, 
        "long_term_average": 484839, 
        "date": "2015-03-31", 
        "operating_revenue": 502549, 
        "short_term_average": 420275
    }, 
    {
        "accumulated_operating_revenue_yoy": -9.817741304858751, 
        "accumulated_operating_revenue": 1665311, 
        "long_term_average": 482053, 
        "date": "2015-04-30", 
        "operating_revenue": 404486, 
        "short_term_average": 421592
    }, 
    {
        "accumulated_operating_revenue_yoy": -7.155855279592273, 
        "accumulated_operating_revenue": 2114803, 
        "long_term_average": 483578, 
        "date": "2015-05-31", 
        "operating_revenue": 449492, 
        "short_term_average": 452175
    }, 
    {
        "accumulated_operating_revenue_yoy": -15.529198211665507, 
        "accumulated_operating_revenue": 2452407, 
        "long_term_average": 459590, 
        "date": "2015-06-30", 
        "operating_revenue": 337604, 
        "short_term_average": 397194
    }, 
    {
        "accumulated_operating_revenue_yoy": -14.197202686513242, 
        "accumulated_operating_revenue": 2840469, 
        "long_term_average": 457995, 
        "date": "2015-07-31", 
        "operating_revenue": 388062, 
        "short_term_average": 391719
    }, 
    {
        "accumulated_operating_revenue_yoy": -14.409880592425562, 
        "accumulated_operating_revenue": 3340240, 
        "long_term_average": 450297, 
        "date": "2015-08-31", 
        "operating_revenue": 499771, 
        "short_term_average": 408479
    }, 
    {
        "accumulated_operating_revenue_yoy": -14.017737937817182, 
        "accumulated_operating_revenue": 3773286, 
        "long_term_average": 445897, 
        "date": "2015-09-30", 
        "operating_revenue": 433046, 
        "short_term_average": 440293
    }
]