[
    {
        "date": "2012-01-31", 
        "operating_revenue": 53303, 
        "accumulated_operating_revenue": 53303, 
        "long_term_average": 53303, 
        "short_term_average": 53303
    }, 
    {
        "date": "2012-02-29", 
        "operating_revenue": 67110, 
        "accumulated_operating_revenue": 120413, 
        "long_term_average": 60206, 
        "short_term_average": 60206
    }, 
    {
        "date": "2012-03-31", 
        "operating_revenue": 89757, 
        "accumulated_operating_revenue": 210170, 
        "long_term_average": 70056, 
        "short_term_average": 70056
    }, 
    {
        "date": "2012-04-30", 
        "operating_revenue": 94239, 
        "accumulated_operating_revenue": 304409, 
        "long_term_average": 76102, 
        "short_term_average": 83702
    }, 
    {
        "date": "2012-05-31", 
        "operating_revenue": 75622, 
        "accumulated_operating_revenue": 380031, 
        "long_term_average": 76006, 
        "short_term_average": 86539
    }, 
    {
        "date": "2012-06-30", 
        "operating_revenue": 62543, 
        "accumulated_operating_revenue": 442574, 
        "long_term_average": 73762, 
        "short_term_average": 77468
    }, 
    {
        "date": "2012-07-31", 
        "operating_revenue": 100836, 
        "accumulated_operating_revenue": 543410, 
        "long_term_average": 77630, 
        "short_term_average": 79667
    }, 
    {
        "date": "2012-08-31", 
        "operating_revenue": 99228, 
        "accumulated_operating_revenue": 642638, 
        "long_term_average": 80329, 
        "short_term_average": 87535
    }, 
    {
        "date": "2012-09-30", 
        "operating_revenue": 105989, 
        "accumulated_operating_revenue": 748627, 
        "long_term_average": 83180, 
        "short_term_average": 102017
    }, 
    {
        "date": "2012-10-31", 
        "operating_revenue": 104083, 
        "accumulated_operating_revenue": 852710, 
        "long_term_average": 85271, 
        "short_term_average": 103100
    }, 
    {
        "date": "2012-11-30", 
        "operating_revenue": 106659, 
        "accumulated_operating_revenue": 959369, 
        "long_term_average": 87215, 
        "short_term_average": 105577
    }, 
    {
        "date": "2012-12-31", 
        "operating_revenue": 95392, 
        "accumulated_operating_revenue": 1054761, 
        "long_term_average": 87896, 
        "short_term_average": 102044
    }, 
    {
        "accumulated_operating_revenue_yoy": 75.47792807159071, 
        "accumulated_operating_revenue": 93535, 
        "long_term_average": 91249, 
        "date": "2013-01-31", 
        "operating_revenue": 93535, 
        "short_term_average": 98528
    }, 
    {
        "accumulated_operating_revenue_yoy": 12.815061496682251, 
        "accumulated_operating_revenue": 135844, 
        "long_term_average": 89182, 
        "date": "2013-02-28", 
        "operating_revenue": 42309, 
        "short_term_average": 77078
    }, 
    {
        "accumulated_operating_revenue_yoy": -2.6031307988770997, 
        "accumulated_operating_revenue": 204699, 
        "long_term_average": 87440, 
        "date": "2013-03-31", 
        "operating_revenue": 68855, 
        "short_term_average": 68233
    }, 
    {
        "accumulated_operating_revenue_yoy": -10.249696953769435, 
        "accumulated_operating_revenue": 273208, 
        "long_term_average": 85296, 
        "date": "2013-04-30", 
        "operating_revenue": 68509, 
        "short_term_average": 59891
    }, 
    {
        "accumulated_operating_revenue_yoy": -11.505640329341555, 
        "accumulated_operating_revenue": 336306, 
        "long_term_average": 84253, 
        "date": "2013-05-31", 
        "operating_revenue": 63098, 
        "short_term_average": 66820
    }, 
    {
        "accumulated_operating_revenue_yoy": -12.698441390592308, 
        "accumulated_operating_revenue": 386374, 
        "long_term_average": 83213, 
        "date": "2013-06-30", 
        "operating_revenue": 50068, 
        "short_term_average": 60558
    }, 
    {
        "accumulated_operating_revenue_yoy": -18.590566975212084, 
        "accumulated_operating_revenue": 442387, 
        "long_term_average": 79478, 
        "date": "2013-07-31", 
        "operating_revenue": 56013, 
        "short_term_average": 56393
    }, 
    {
        "accumulated_operating_revenue_yoy": -20.342245556596406, 
        "accumulated_operating_revenue": 511911, 
        "long_term_average": 77002, 
        "date": "2013-08-31", 
        "operating_revenue": 69524, 
        "short_term_average": 58535
    }, 
    {
        "accumulated_operating_revenue_yoy": -23.15973108103234, 
        "accumulated_operating_revenue": 575247, 
        "long_term_average": 73448, 
        "date": "2013-09-30", 
        "operating_revenue": 63336, 
        "short_term_average": 62957
    }, 
    {
        "accumulated_operating_revenue_yoy": -24.986572222678287, 
        "accumulated_operating_revenue": 639647, 
        "long_term_average": 70141, 
        "date": "2013-10-31", 
        "operating_revenue": 64400, 
        "short_term_average": 65753
    }, 
    {
        "accumulated_operating_revenue_yoy": -27.115531145992833, 
        "accumulated_operating_revenue": 699231, 
        "long_term_average": 66218, 
        "date": "2013-11-30", 
        "operating_revenue": 59584, 
        "short_term_average": 62440
    }, 
    {
        "accumulated_operating_revenue_yoy": -28.181170900327185, 
        "accumulated_operating_revenue": 757517, 
        "long_term_average": 63126, 
        "date": "2013-12-31", 
        "operating_revenue": 58286, 
        "short_term_average": 60756
    }, 
    {
        "accumulated_operating_revenue_yoy": -39.04100069492703, 
        "accumulated_operating_revenue": 57018, 
        "long_term_average": 60083, 
        "date": "2014-01-31", 
        "operating_revenue": 57018, 
        "short_term_average": 58296
    }, 
    {
        "accumulated_operating_revenue_yoy": -22.643620623656545, 
        "accumulated_operating_revenue": 105084, 
        "long_term_average": 60563, 
        "date": "2014-02-28", 
        "operating_revenue": 48066, 
        "short_term_average": 54456
    }, 
    {
        "accumulated_operating_revenue_yoy": -21.782226586353623, 
        "accumulated_operating_revenue": 160111, 
        "long_term_average": 59410, 
        "date": "2014-03-31", 
        "operating_revenue": 55027, 
        "short_term_average": 53370
    }, 
    {
        "accumulated_operating_revenue_yoy": -22.416254282451465, 
        "accumulated_operating_revenue": 211965, 
        "long_term_average": 58022, 
        "date": "2014-04-30", 
        "operating_revenue": 51854, 
        "short_term_average": 51649
    }, 
    {
        "accumulated_operating_revenue_yoy": -21.859556475352804, 
        "accumulated_operating_revenue": 262791, 
        "long_term_average": 57000, 
        "date": "2014-05-31", 
        "operating_revenue": 50826, 
        "short_term_average": 52569
    }, 
    {
        "accumulated_operating_revenue_yoy": -19.483453855590696, 
        "accumulated_operating_revenue": 311095, 
        "long_term_average": 56853, 
        "date": "2014-06-30", 
        "operating_revenue": 48304, 
        "short_term_average": 50328
    }, 
    {
        "accumulated_operating_revenue_yoy": -19.667847382495417, 
        "accumulated_operating_revenue": 355379, 
        "long_term_average": 55875, 
        "date": "2014-07-31", 
        "operating_revenue": 44284, 
        "short_term_average": 47804
    }, 
    {
        "accumulated_operating_revenue_yoy": -23.63731195461711, 
        "accumulated_operating_revenue": 390909, 
        "long_term_average": 53042, 
        "date": "2014-08-31", 
        "operating_revenue": 35530, 
        "short_term_average": 42706
    }, 
    {
        "accumulated_operating_revenue_yoy": -24.5960430910548, 
        "accumulated_operating_revenue": 433759, 
        "long_term_average": 51335, 
        "date": "2014-09-30", 
        "operating_revenue": 42850, 
        "short_term_average": 40888
    }, 
    {
        "accumulated_operating_revenue_yoy": -26.760072352406873, 
        "accumulated_operating_revenue": 468477, 
        "long_term_average": 48862, 
        "date": "2014-10-31", 
        "operating_revenue": 34718, 
        "short_term_average": 37699
    }, 
    {
        "accumulated_operating_revenue_yoy": -28.834533937997602, 
        "accumulated_operating_revenue": 497611, 
        "long_term_average": 46324, 
        "date": "2014-11-30", 
        "operating_revenue": 29134, 
        "short_term_average": 35567
    }, 
    {
        "accumulated_operating_revenue_yoy": -31.049336186514626, 
        "accumulated_operating_revenue": 522313, 
        "long_term_average": 43526, 
        "date": "2014-12-31", 
        "operating_revenue": 24702, 
        "short_term_average": 29518
    }, 
    {
        "accumulated_operating_revenue_yoy": -64.04644147462206, 
        "accumulated_operating_revenue": 20500, 
        "long_term_average": 40482, 
        "date": "2015-01-31", 
        "operating_revenue": 20500, 
        "short_term_average": 24778
    }, 
    {
        "accumulated_operating_revenue_yoy": -68.53659929199497, 
        "accumulated_operating_revenue": 33063, 
        "long_term_average": 37524, 
        "date": "2015-02-28", 
        "operating_revenue": 12563, 
        "short_term_average": 19255
    }, 
    {
        "accumulated_operating_revenue_yoy": -74.81871951333761, 
        "accumulated_operating_revenue": 40318, 
        "long_term_average": 33543, 
        "date": "2015-03-31", 
        "operating_revenue": 7255, 
        "short_term_average": 13439
    }, 
    {
        "accumulated_operating_revenue_yoy": -76.17200952987521, 
        "accumulated_operating_revenue": 50507, 
        "long_term_average": 30071, 
        "date": "2015-04-30", 
        "operating_revenue": 10189, 
        "short_term_average": 10002
    }, 
    {
        "accumulated_operating_revenue_yoy": -75.91812504994463, 
        "accumulated_operating_revenue": 63285, 
        "long_term_average": 26900, 
        "date": "2015-05-31", 
        "operating_revenue": 12778, 
        "short_term_average": 10074
    }, 
    {
        "accumulated_operating_revenue_yoy": -75.70452755589129, 
        "accumulated_operating_revenue": 75582, 
        "long_term_average": 23900, 
        "date": "2015-06-30", 
        "operating_revenue": 12297, 
        "short_term_average": 11754
    }, 
    {
        "accumulated_operating_revenue_yoy": -72.03492609298804, 
        "accumulated_operating_revenue": 99382, 
        "long_term_average": 22193, 
        "date": "2015-07-31", 
        "operating_revenue": 23800, 
        "short_term_average": 16291
    }, 
    {
        "accumulated_operating_revenue_yoy": -67.55306222164238, 
        "accumulated_operating_revenue": 126838, 
        "long_term_average": 21520, 
        "date": "2015-08-31", 
        "operating_revenue": 27456, 
        "short_term_average": 21184
    }
]