[
    {
        "date": "2012-01-31", 
        "operating_revenue": 130882, 
        "accumulated_operating_revenue": 130882, 
        "long_term_average": 130882, 
        "short_term_average": 130882
    }, 
    {
        "date": "2012-02-29", 
        "operating_revenue": 72325, 
        "accumulated_operating_revenue": 203207, 
        "long_term_average": 101603, 
        "short_term_average": 101603
    }, 
    {
        "date": "2012-03-31", 
        "operating_revenue": 90274, 
        "accumulated_operating_revenue": 293481, 
        "long_term_average": 97827, 
        "short_term_average": 97827
    }, 
    {
        "date": "2012-04-30", 
        "operating_revenue": 95503, 
        "accumulated_operating_revenue": 388984, 
        "long_term_average": 97246, 
        "short_term_average": 86034
    }, 
    {
        "date": "2012-05-31", 
        "operating_revenue": 109381, 
        "accumulated_operating_revenue": 498365, 
        "long_term_average": 99673, 
        "short_term_average": 98386
    }, 
    {
        "date": "2012-06-30", 
        "operating_revenue": 99055, 
        "accumulated_operating_revenue": 597420, 
        "long_term_average": 99570, 
        "short_term_average": 101313
    }, 
    {
        "date": "2012-07-31", 
        "operating_revenue": 125204, 
        "accumulated_operating_revenue": 722624, 
        "long_term_average": 103232, 
        "short_term_average": 111213
    }, 
    {
        "date": "2012-08-31", 
        "operating_revenue": 135944, 
        "accumulated_operating_revenue": 858568, 
        "long_term_average": 107321, 
        "short_term_average": 120067
    }, 
    {
        "date": "2012-09-30", 
        "operating_revenue": 116974, 
        "accumulated_operating_revenue": 975542, 
        "long_term_average": 108393, 
        "short_term_average": 126040
    }, 
    {
        "date": "2012-10-31", 
        "operating_revenue": 121506, 
        "accumulated_operating_revenue": 1097048, 
        "long_term_average": 109704, 
        "short_term_average": 124808
    }, 
    {
        "date": "2012-11-30", 
        "operating_revenue": 125127, 
        "accumulated_operating_revenue": 1222175, 
        "long_term_average": 111106, 
        "short_term_average": 121202
    }, 
    {
        "date": "2012-12-31", 
        "operating_revenue": 130964, 
        "accumulated_operating_revenue": 1353139, 
        "long_term_average": 112761, 
        "short_term_average": 125865
    }, 
    {
        "accumulated_operating_revenue_yoy": 40.6083342247215, 
        "accumulated_operating_revenue": 184031, 
        "long_term_average": 117190, 
        "date": "2013-01-31", 
        "operating_revenue": 184031, 
        "short_term_average": 146707
    }, 
    {
        "accumulated_operating_revenue_yoy": 36.74971826757937, 
        "accumulated_operating_revenue": 277885, 
        "long_term_average": 118984, 
        "date": "2013-02-28", 
        "operating_revenue": 93854, 
        "short_term_average": 136283
    }, 
    {
        "accumulated_operating_revenue_yoy": 28.043382706205854, 
        "accumulated_operating_revenue": 375783, 
        "long_term_average": 119620, 
        "date": "2013-03-31", 
        "operating_revenue": 97898, 
        "short_term_average": 125261
    }, 
    {
        "accumulated_operating_revenue_yoy": 24.445478477263848, 
        "accumulated_operating_revenue": 484073, 
        "long_term_average": 120685, 
        "date": "2013-04-30", 
        "operating_revenue": 108290, 
        "short_term_average": 100014
    }, 
    {
        "accumulated_operating_revenue_yoy": 23.41255906815286, 
        "accumulated_operating_revenue": 615045, 
        "long_term_average": 122484, 
        "date": "2013-05-31", 
        "operating_revenue": 130972, 
        "short_term_average": 112386
    }, 
    {
        "accumulated_operating_revenue_yoy": 24.98928726858826, 
        "accumulated_operating_revenue": 746711, 
        "long_term_average": 125202, 
        "date": "2013-06-30", 
        "operating_revenue": 131666, 
        "short_term_average": 123642
    }, 
    {
        "accumulated_operating_revenue_yoy": 27.108150296696483, 
        "accumulated_operating_revenue": 918514, 
        "long_term_average": 129085, 
        "date": "2013-07-31", 
        "operating_revenue": 171803, 
        "short_term_average": 144813
    }, 
    {
        "accumulated_operating_revenue_yoy": 21.299535971524676, 
        "accumulated_operating_revenue": 1041439, 
        "long_term_average": 128000, 
        "date": "2013-08-31", 
        "operating_revenue": 122925, 
        "short_term_average": 142131
    }, 
    {
        "accumulated_operating_revenue_yoy": 21.503635927515166, 
        "accumulated_operating_revenue": 1185319, 
        "long_term_average": 130243, 
        "date": "2013-09-30", 
        "operating_revenue": 143880, 
        "short_term_average": 146202
    }, 
    {
        "accumulated_operating_revenue_yoy": 21.00737615856371, 
        "accumulated_operating_revenue": 1327509, 
        "long_term_average": 131966, 
        "date": "2013-10-31", 
        "operating_revenue": 142190, 
        "short_term_average": 136331
    }, 
    {
        "accumulated_operating_revenue_yoy": 19.946243377585045, 
        "accumulated_operating_revenue": 1465953, 
        "long_term_average": 133076, 
        "date": "2013-11-30", 
        "operating_revenue": 138444, 
        "short_term_average": 141504
    }, 
    {
        "accumulated_operating_revenue_yoy": 20.178488684458877, 
        "accumulated_operating_revenue": 1626182, 
        "long_term_average": 135515, 
        "date": "2013-12-31", 
        "operating_revenue": 160229, 
        "short_term_average": 146954
    }, 
    {
        "accumulated_operating_revenue_yoy": 16.66621384440665, 
        "accumulated_operating_revenue": 214702, 
        "long_term_average": 138071, 
        "date": "2014-01-31", 
        "operating_revenue": 214702, 
        "short_term_average": 171125
    }, 
    {
        "accumulated_operating_revenue_yoy": 2.5578926534357738, 
        "accumulated_operating_revenue": 284993, 
        "long_term_average": 136107, 
        "date": "2014-02-28", 
        "operating_revenue": 70291, 
        "short_term_average": 148407
    }, 
    {
        "accumulated_operating_revenue_yoy": 6.189476373332481, 
        "accumulated_operating_revenue": 399042, 
        "long_term_average": 137453, 
        "date": "2014-03-31", 
        "operating_revenue": 114049, 
        "short_term_average": 133014
    }, 
    {
        "accumulated_operating_revenue_yoy": 8.257432246789225, 
        "accumulated_operating_revenue": 524045, 
        "long_term_average": 138846, 
        "date": "2014-04-30", 
        "operating_revenue": 125003, 
        "short_term_average": 103114
    }, 
    {
        "accumulated_operating_revenue_yoy": 7.729190547033143, 
        "accumulated_operating_revenue": 662583, 
        "long_term_average": 139476, 
        "date": "2014-05-31", 
        "operating_revenue": 138538, 
        "short_term_average": 125863
    }, 
    {
        "accumulated_operating_revenue_yoy": 7.114131169890358, 
        "accumulated_operating_revenue": 799833, 
        "long_term_average": 139942, 
        "date": "2014-06-30", 
        "operating_revenue": 137250, 
        "short_term_average": 133597
    }, 
    {
        "accumulated_operating_revenue_yoy": 5.559414445506547, 
        "accumulated_operating_revenue": 969578, 
        "long_term_average": 139770, 
        "date": "2014-07-31", 
        "operating_revenue": 169745, 
        "short_term_average": 148511
    }, 
    {
        "accumulated_operating_revenue_yoy": 7.769058005317642, 
        "accumulated_operating_revenue": 1122349, 
        "long_term_average": 142257, 
        "date": "2014-08-31", 
        "operating_revenue": 152771, 
        "short_term_average": 153255
    }, 
    {
        "accumulated_operating_revenue_yoy": 6.087897013377833, 
        "accumulated_operating_revenue": 1257480, 
        "long_term_average": 141528, 
        "date": "2014-09-30", 
        "operating_revenue": 135131, 
        "short_term_average": 152549
    }, 
    {
        "accumulated_operating_revenue_yoy": 5.298193835220703, 
        "accumulated_operating_revenue": 1397843, 
        "long_term_average": 141376, 
        "date": "2014-10-31", 
        "operating_revenue": 140363, 
        "short_term_average": 142755
    }, 
    {
        "accumulated_operating_revenue_yoy": 4.1860823641685645, 
        "accumulated_operating_revenue": 1527319, 
        "long_term_average": 140629, 
        "date": "2014-11-30", 
        "operating_revenue": 129476, 
        "short_term_average": 134990
    }, 
    {
        "accumulated_operating_revenue_yoy": 5.0210247069516205, 
        "accumulated_operating_revenue": 1707833, 
        "long_term_average": 142319, 
        "date": "2014-12-31", 
        "operating_revenue": 180514, 
        "short_term_average": 150117
    }, 
    {
        "accumulated_operating_revenue_yoy": -13.912772121358907, 
        "accumulated_operating_revenue": 184831, 
        "long_term_average": 139830, 
        "date": "2015-01-31", 
        "operating_revenue": 184831, 
        "short_term_average": 164940
    }, 
    {
        "accumulated_operating_revenue_yoy": 6.4787556185590525, 
        "accumulated_operating_revenue": 303457, 
        "long_term_average": 143858, 
        "date": "2015-02-28", 
        "operating_revenue": 118626, 
        "short_term_average": 161323
    }, 
    {
        "accumulated_operating_revenue_yoy": 1.0906120157777877, 
        "accumulated_operating_revenue": 403394, 
        "long_term_average": 142682, 
        "date": "2015-03-31", 
        "operating_revenue": 99937, 
        "short_term_average": 134464
    }, 
    {
        "accumulated_operating_revenue_yoy": 1.0079287084124455, 
        "accumulated_operating_revenue": 529327, 
        "long_term_average": 142759, 
        "date": "2015-04-30", 
        "operating_revenue": 125933, 
        "short_term_average": 114832
    }, 
    {
        "accumulated_operating_revenue_yoy": 0.9444854455970044, 
        "accumulated_operating_revenue": 668841, 
        "long_term_average": 142840, 
        "date": "2015-05-31", 
        "operating_revenue": 139514, 
        "short_term_average": 121794
    }, 
    {
        "accumulated_operating_revenue_yoy": -0.7467808905108941, 
        "accumulated_operating_revenue": 793860, 
        "long_term_average": 141821, 
        "date": "2015-06-30", 
        "operating_revenue": 125019, 
        "short_term_average": 130155
    }, 
    {
        "accumulated_operating_revenue_yoy": -4.771766686125304, 
        "accumulated_operating_revenue": 923312, 
        "long_term_average": 138463, 
        "date": "2015-07-31", 
        "operating_revenue": 129452, 
        "short_term_average": 131328
    }, 
    {
        "accumulated_operating_revenue_yoy": -7.075428409523241, 
        "accumulated_operating_revenue": 1042938, 
        "long_term_average": 135701, 
        "date": "2015-08-31", 
        "operating_revenue": 119626, 
        "short_term_average": 124699
    }, 
    {
        "accumulated_operating_revenue_yoy": -7.2820243661927035, 
        "accumulated_operating_revenue": 1165910, 
        "long_term_average": 134688, 
        "date": "2015-09-30", 
        "operating_revenue": 122972, 
        "short_term_average": 124016
    }
]