[
    {
        "date": "2012-01-31", 
        "operating_revenue": 762191, 
        "accumulated_operating_revenue": 762191, 
        "long_term_average": 762191, 
        "short_term_average": 762191
    }, 
    {
        "date": "2012-02-29", 
        "operating_revenue": 599925, 
        "accumulated_operating_revenue": 1362116, 
        "long_term_average": 681058, 
        "short_term_average": 681058
    }, 
    {
        "date": "2012-03-31", 
        "operating_revenue": 746239, 
        "accumulated_operating_revenue": 2108355, 
        "long_term_average": 702785, 
        "short_term_average": 702785
    }, 
    {
        "date": "2012-04-30", 
        "operating_revenue": 756664, 
        "accumulated_operating_revenue": 2865019, 
        "long_term_average": 716254, 
        "short_term_average": 700942
    }, 
    {
        "date": "2012-05-31", 
        "operating_revenue": 801892, 
        "accumulated_operating_revenue": 3666911, 
        "long_term_average": 733382, 
        "short_term_average": 768265
    }, 
    {
        "date": "2012-06-30", 
        "operating_revenue": 896102, 
        "accumulated_operating_revenue": 4563013, 
        "long_term_average": 760502, 
        "short_term_average": 818219
    }, 
    {
        "date": "2012-07-31", 
        "operating_revenue": 849750, 
        "accumulated_operating_revenue": 5412763, 
        "long_term_average": 773251, 
        "short_term_average": 849248
    }, 
    {
        "date": "2012-08-31", 
        "operating_revenue": 1319290, 
        "accumulated_operating_revenue": 6732053, 
        "long_term_average": 841506, 
        "short_term_average": 1021714
    }, 
    {
        "date": "2012-09-30", 
        "operating_revenue": 688161, 
        "accumulated_operating_revenue": 7420214, 
        "long_term_average": 824468, 
        "short_term_average": 952400
    }, 
    {
        "date": "2012-10-31", 
        "operating_revenue": 823387, 
        "accumulated_operating_revenue": 8243601, 
        "long_term_average": 824360, 
        "short_term_average": 943612
    }, 
    {
        "date": "2012-11-30", 
        "operating_revenue": 908303, 
        "accumulated_operating_revenue": 9151904, 
        "long_term_average": 831991, 
        "short_term_average": 806617
    }, 
    {
        "date": "2012-12-31", 
        "operating_revenue": 1384484, 
        "accumulated_operating_revenue": 10536388, 
        "long_term_average": 878032, 
        "short_term_average": 1038724
    }, 
    {
        "accumulated_operating_revenue_yoy": 17.899187998808696, 
        "accumulated_operating_revenue": 898617, 
        "long_term_average": 889401, 
        "date": "2013-01-31", 
        "operating_revenue": 898617, 
        "short_term_average": 1063801
    }, 
    {
        "accumulated_operating_revenue_yoy": 24.434923310496316, 
        "accumulated_operating_revenue": 1694948, 
        "long_term_average": 905768, 
        "date": "2013-02-28", 
        "operating_revenue": 796331, 
        "short_term_average": 1026477
    }, 
    {
        "accumulated_operating_revenue_yoy": 37.84452807994859, 
        "accumulated_operating_revenue": 2906252, 
        "long_term_average": 944523, 
        "date": "2013-03-31", 
        "operating_revenue": 1211304, 
        "short_term_average": 968750
    }, 
    {
        "accumulated_operating_revenue_yoy": 37.42317241177109, 
        "accumulated_operating_revenue": 3937200, 
        "long_term_average": 967380, 
        "date": "2013-04-30", 
        "operating_revenue": 1030948, 
        "short_term_average": 1012861
    }, 
    {
        "accumulated_operating_revenue_yoy": 44.073063131338614, 
        "accumulated_operating_revenue": 5283031, 
        "long_term_average": 1012709, 
        "date": "2013-05-31", 
        "operating_revenue": 1345831, 
        "short_term_average": 1196027
    }, 
    {
        "accumulated_operating_revenue_yoy": 44.078682221593496, 
        "accumulated_operating_revenue": 6574329, 
        "long_term_average": 1045642, 
        "date": "2013-06-30", 
        "operating_revenue": 1291298, 
        "short_term_average": 1222692
    }, 
    {
        "accumulated_operating_revenue_yoy": 44.078652621590855, 
        "accumulated_operating_revenue": 7798636, 
        "long_term_average": 1076855, 
        "date": "2013-07-31", 
        "operating_revenue": 1224307, 
        "short_term_average": 1287145
    }, 
    {
        "accumulated_operating_revenue_yoy": 32.64402404437398, 
        "accumulated_operating_revenue": 8929666, 
        "long_term_average": 1061166, 
        "date": "2013-08-31", 
        "operating_revenue": 1131030, 
        "short_term_average": 1215545
    }, 
    {
        "accumulated_operating_revenue_yoy": 32.93151653038578, 
        "accumulated_operating_revenue": 9863803, 
        "long_term_average": 1081664, 
        "date": "2013-09-30", 
        "operating_revenue": 934137, 
        "short_term_average": 1096491
    }, 
    {
        "accumulated_operating_revenue_yoy": 36.491261525151444, 
        "accumulated_operating_revenue": 11251795, 
        "long_term_average": 1128715, 
        "date": "2013-10-31", 
        "operating_revenue": 1387992, 
        "short_term_average": 1151053
    }, 
    {
        "accumulated_operating_revenue_yoy": 37.042543278425995, 
        "accumulated_operating_revenue": 12542002, 
        "long_term_average": 1160540, 
        "date": "2013-11-30", 
        "operating_revenue": 1290207, 
        "short_term_average": 1204112
    }, 
    {
        "accumulated_operating_revenue_yoy": 33.27407836537531, 
        "accumulated_operating_revenue": 14042274, 
        "long_term_average": 1170189, 
        "date": "2013-12-31", 
        "operating_revenue": 1500272, 
        "short_term_average": 1392823
    }, 
    {
        "accumulated_operating_revenue_yoy": 30.046504795702727, 
        "accumulated_operating_revenue": 1168620, 
        "long_term_average": 1192689, 
        "date": "2014-01-31", 
        "operating_revenue": 1168620, 
        "short_term_average": 1319699
    }, 
    {
        "accumulated_operating_revenue_yoy": 22.730726842357406, 
        "accumulated_operating_revenue": 2080222, 
        "long_term_average": 1202295, 
        "date": "2014-02-28", 
        "operating_revenue": 911602, 
        "short_term_average": 1193498
    }, 
    {
        "accumulated_operating_revenue_yoy": 11.520267340891293, 
        "accumulated_operating_revenue": 3241060, 
        "long_term_average": 1198090, 
        "date": "2014-03-31", 
        "operating_revenue": 1160838, 
        "short_term_average": 1080353
    }, 
    {
        "accumulated_operating_revenue_yoy": 11.163060042669917, 
        "accumulated_operating_revenue": 4376712, 
        "long_term_average": 1206815, 
        "date": "2014-04-30", 
        "operating_revenue": 1135652, 
        "short_term_average": 1069364
    }, 
    {
        "accumulated_operating_revenue_yoy": -0.7743850073944294, 
        "accumulated_operating_revenue": 5242120, 
        "long_term_average": 1166780, 
        "date": "2014-05-31", 
        "operating_revenue": 865408, 
        "short_term_average": 1053966
    }, 
    {
        "accumulated_operating_revenue_yoy": 0.7234958883256375, 
        "accumulated_operating_revenue": 6621894, 
        "long_term_average": 1174153, 
        "date": "2014-06-30", 
        "operating_revenue": 1379774, 
        "short_term_average": 1126944
    }, 
    {
        "accumulated_operating_revenue_yoy": 0.5459159781274572, 
        "accumulated_operating_revenue": 7841210, 
        "long_term_average": 1173737, 
        "date": "2014-07-31", 
        "operating_revenue": 1219316, 
        "short_term_average": 1154832
    }, 
    {
        "accumulated_operating_revenue_yoy": -0.9828251135036853, 
        "accumulated_operating_revenue": 8841903, 
        "long_term_average": 1162875, 
        "date": "2014-08-31", 
        "operating_revenue": 1000693, 
        "short_term_average": 1199927
    }, 
    {
        "accumulated_operating_revenue_yoy": 2.467212696766146, 
        "accumulated_operating_revenue": 10107164, 
        "long_term_average": 1190469, 
        "date": "2014-09-30", 
        "operating_revenue": 1265261, 
        "short_term_average": 1161756
    }, 
    {
        "accumulated_operating_revenue_yoy": 4.207933045349653, 
        "accumulated_operating_revenue": 11725263, 
        "long_term_average": 1209645, 
        "date": "2014-10-31", 
        "operating_revenue": 1618099, 
        "short_term_average": 1294684
    }, 
    {
        "accumulated_operating_revenue_yoy": 5.833095864599607, 
        "accumulated_operating_revenue": 13273589, 
        "long_term_average": 1231155, 
        "date": "2014-11-30", 
        "operating_revenue": 1548326, 
        "short_term_average": 1477228
    }, 
    {
        "accumulated_operating_revenue_yoy": 6.573899640471337, 
        "accumulated_operating_revenue": 14965399, 
        "long_term_average": 1247116, 
        "date": "2014-12-31", 
        "operating_revenue": 1691810, 
        "short_term_average": 1619411
    }, 
    {
        "accumulated_operating_revenue_yoy": 11.896938269069501, 
        "accumulated_operating_revenue": 1307650, 
        "long_term_average": 1258702, 
        "date": "2015-01-31", 
        "operating_revenue": 1307650, 
        "short_term_average": 1515928
    }, 
    {
        "accumulated_operating_revenue_yoy": 3.0331378093299657, 
        "accumulated_operating_revenue": 2143318, 
        "long_term_average": 1252374, 
        "date": "2015-02-28", 
        "operating_revenue": 835668, 
        "short_term_average": 1278376
    }, 
    {
        "accumulated_operating_revenue_yoy": 14.026151937946226, 
        "accumulated_operating_revenue": 3695656, 
        "long_term_average": 1284999, 
        "date": "2015-03-31", 
        "operating_revenue": 1552338, 
        "short_term_average": 1231885
    }, 
    {
        "accumulated_operating_revenue_yoy": 15.870589611562286, 
        "accumulated_operating_revenue": 5071322, 
        "long_term_average": 1305000, 
        "date": "2015-04-30", 
        "operating_revenue": 1375666, 
        "short_term_average": 1254557
    }, 
    {
        "accumulated_operating_revenue_yoy": 30.322484033177417, 
        "accumulated_operating_revenue": 6831661, 
        "long_term_average": 1379578, 
        "date": "2015-05-31", 
        "operating_revenue": 1760339, 
        "short_term_average": 1562781
    }, 
    {
        "accumulated_operating_revenue_yoy": 25.373224035298662, 
        "accumulated_operating_revenue": 8302082, 
        "long_term_average": 1387132, 
        "date": "2015-06-30", 
        "operating_revenue": 1470421, 
        "short_term_average": 1535475
    }, 
    {
        "accumulated_operating_revenue_yoy": 27.09728473029035, 
        "accumulated_operating_revenue": 9965965, 
        "long_term_average": 1424179, 
        "date": "2015-07-31", 
        "operating_revenue": 1663883, 
        "short_term_average": 1631547
    }, 
    {
        "accumulated_operating_revenue_yoy": 29.985863902827255, 
        "accumulated_operating_revenue": 11493224, 
        "long_term_average": 1468060, 
        "date": "2015-08-31", 
        "operating_revenue": 1527259, 
        "short_term_average": 1553854
    }, 
    {
        "accumulated_operating_revenue_yoy": 29.192778508392657, 
        "accumulated_operating_revenue": 13057726, 
        "long_term_average": 1492996, 
        "date": "2015-09-30", 
        "operating_revenue": 1564502, 
        "short_term_average": 1585214
    }
]