[
    {
        "date": "2011-09-30", 
        "operating_revenue": 406309, 
        "accumulated_operating_revenue": 406309, 
        "long_term_average": 406309, 
        "short_term_average": 406309
    }, 
    {
        "date": "2011-10-31", 
        "operating_revenue": 400803, 
        "accumulated_operating_revenue": 807112, 
        "long_term_average": 403556, 
        "short_term_average": 403556
    }, 
    {
        "date": "2011-11-30", 
        "operating_revenue": 319507, 
        "accumulated_operating_revenue": 1126619, 
        "long_term_average": 375539, 
        "short_term_average": 375539
    }, 
    {
        "date": "2011-12-31", 
        "operating_revenue": 248062, 
        "accumulated_operating_revenue": 1374681, 
        "long_term_average": 343670, 
        "short_term_average": 322790
    }, 
    {
        "date": "2012-01-31", 
        "operating_revenue": 251545, 
        "accumulated_operating_revenue": 251545, 
        "long_term_average": 325245, 
        "short_term_average": 273038
    }, 
    {
        "date": "2012-02-29", 
        "operating_revenue": 289870, 
        "accumulated_operating_revenue": 541415, 
        "long_term_average": 319349, 
        "short_term_average": 263159
    }, 
    {
        "date": "2012-03-31", 
        "operating_revenue": 357012, 
        "accumulated_operating_revenue": 898427, 
        "long_term_average": 324729, 
        "short_term_average": 299475
    }, 
    {
        "date": "2012-04-30", 
        "operating_revenue": 335131, 
        "accumulated_operating_revenue": 1233558, 
        "long_term_average": 326029, 
        "short_term_average": 327337
    }, 
    {
        "date": "2012-05-31", 
        "operating_revenue": 353994, 
        "accumulated_operating_revenue": 1587552, 
        "long_term_average": 329137, 
        "short_term_average": 348712
    }, 
    {
        "date": "2012-06-30", 
        "operating_revenue": 318064, 
        "accumulated_operating_revenue": 1905616, 
        "long_term_average": 328029, 
        "short_term_average": 335729
    }, 
    {
        "date": "2012-07-31", 
        "operating_revenue": 341932, 
        "accumulated_operating_revenue": 2247548, 
        "long_term_average": 329293, 
        "short_term_average": 337996
    }, 
    {
        "date": "2012-08-31", 
        "operating_revenue": 334025, 
        "accumulated_operating_revenue": 2581573, 
        "long_term_average": 329687, 
        "short_term_average": 331340
    }, 
    {
        "accumulated_operating_revenue_yoy": 623.1951544268032, 
        "accumulated_operating_revenue": 2938407, 
        "long_term_average": 325564, 
        "date": "2012-09-30", 
        "operating_revenue": 356834, 
        "short_term_average": 344263
    }, 
    {
        "accumulated_operating_revenue_yoy": 309.2542298962226, 
        "accumulated_operating_revenue": 3303140, 
        "long_term_average": 322559, 
        "date": "2012-10-31", 
        "operating_revenue": 364733, 
        "short_term_average": 351864
    }, 
    {
        "accumulated_operating_revenue_yoy": 223.0518036709837, 
        "accumulated_operating_revenue": 3639563, 
        "long_term_average": 323968, 
        "date": "2012-11-30", 
        "operating_revenue": 336423, 
        "short_term_average": 352663
    }, 
    {
        "accumulated_operating_revenue_yoy": 188.326964583056, 
        "accumulated_operating_revenue": 3963576, 
        "long_term_average": 330298, 
        "date": "2012-12-31", 
        "operating_revenue": 324013, 
        "short_term_average": 341723
    }, 
    {
        "accumulated_operating_revenue_yoy": 36.5135462839651, 
        "accumulated_operating_revenue": 343393, 
        "long_term_average": 337952, 
        "date": "2013-01-31", 
        "operating_revenue": 343393, 
        "short_term_average": 334609
    }, 
    {
        "accumulated_operating_revenue_yoy": 3.2538810339573154, 
        "accumulated_operating_revenue": 559032, 
        "long_term_average": 331766, 
        "date": "2013-02-28", 
        "operating_revenue": 215639, 
        "short_term_average": 294348
    }, 
    {
        "accumulated_operating_revenue_yoy": -3.087284776615128, 
        "accumulated_operating_revenue": 870690, 
        "long_term_average": 327986, 
        "date": "2013-03-31", 
        "operating_revenue": 311658, 
        "short_term_average": 290230
    }, 
    {
        "accumulated_operating_revenue_yoy": 0.3770394257910856, 
        "accumulated_operating_revenue": 1238209, 
        "long_term_average": 330685, 
        "date": "2013-04-30", 
        "operating_revenue": 367519, 
        "short_term_average": 298272
    }, 
    {
        "accumulated_operating_revenue_yoy": 0.11829533772752011, 
        "accumulated_operating_revenue": 1589430, 
        "long_term_average": 330454, 
        "date": "2013-05-31", 
        "operating_revenue": 351221, 
        "short_term_average": 343466
    }, 
    {
        "accumulated_operating_revenue_yoy": 1.3912561607375253, 
        "accumulated_operating_revenue": 1932128, 
        "long_term_average": 332507, 
        "date": "2013-06-30", 
        "operating_revenue": 342698, 
        "short_term_average": 353812
    }, 
    {
        "accumulated_operating_revenue_yoy": 2.828282199089853, 
        "accumulated_operating_revenue": 2311115, 
        "long_term_average": 335595, 
        "date": "2013-07-31", 
        "operating_revenue": 378987, 
        "short_term_average": 357635
    }, 
    {
        "accumulated_operating_revenue_yoy": 6.044570500233772, 
        "accumulated_operating_revenue": 2737618, 
        "long_term_average": 343301, 
        "date": "2013-08-31", 
        "operating_revenue": 426503, 
        "short_term_average": 382729
    }, 
    {
        "accumulated_operating_revenue_yoy": 8.338974144834259, 
        "accumulated_operating_revenue": 3183440, 
        "long_term_average": 350717, 
        "date": "2013-09-30", 
        "operating_revenue": 445822, 
        "short_term_average": 417104
    }, 
    {
        "accumulated_operating_revenue_yoy": 9.596989531173367, 
        "accumulated_operating_revenue": 3620142, 
        "long_term_average": 356714, 
        "date": "2013-10-31", 
        "operating_revenue": 436702, 
        "short_term_average": 436342
    }, 
    {
        "accumulated_operating_revenue_yoy": 12.002292582928225, 
        "accumulated_operating_revenue": 4076394, 
        "long_term_average": 366700, 
        "date": "2013-11-30", 
        "operating_revenue": 456252, 
        "short_term_average": 446258
    }, 
    {
        "accumulated_operating_revenue_yoy": 12.616157732310418, 
        "accumulated_operating_revenue": 4463627, 
        "long_term_average": 371968, 
        "date": "2013-12-31", 
        "operating_revenue": 387233, 
        "short_term_average": 426729
    }, 
    {
        "accumulated_operating_revenue_yoy": 21.262809667057862, 
        "accumulated_operating_revenue": 416408, 
        "long_term_average": 378053, 
        "date": "2014-01-31", 
        "operating_revenue": 416408, 
        "short_term_average": 419964
    }, 
    {
        "accumulated_operating_revenue_yoy": 22.8062078736101, 
        "accumulated_operating_revenue": 686526, 
        "long_term_average": 382593, 
        "date": "2014-02-28", 
        "operating_revenue": 270118, 
        "short_term_average": 357919
    }, 
    {
        "accumulated_operating_revenue_yoy": 19.897093110062134, 
        "accumulated_operating_revenue": 1043932, 
        "long_term_average": 386405, 
        "date": "2014-03-31", 
        "operating_revenue": 357406, 
        "short_term_average": 347977
    }, 
    {
        "accumulated_operating_revenue_yoy": 14.194211154982723, 
        "accumulated_operating_revenue": 1413963, 
        "long_term_average": 386615, 
        "date": "2014-04-30", 
        "operating_revenue": 370031, 
        "short_term_average": 332518
    }, 
    {
        "accumulated_operating_revenue_yoy": 11.10599397268203, 
        "accumulated_operating_revenue": 1765952, 
        "long_term_average": 386679, 
        "date": "2014-05-31", 
        "operating_revenue": 351989, 
        "short_term_average": 359808
    }, 
    {
        "accumulated_operating_revenue_yoy": 9.26651857433876, 
        "accumulated_operating_revenue": 2111169, 
        "long_term_average": 386889, 
        "date": "2014-06-30", 
        "operating_revenue": 345217, 
        "short_term_average": 355745
    }, 
    {
        "accumulated_operating_revenue_yoy": 7.641852525728924, 
        "accumulated_operating_revenue": 2487727, 
        "long_term_average": 386686, 
        "date": "2014-07-31", 
        "operating_revenue": 376558, 
        "short_term_average": 357921
    }, 
    {
        "accumulated_operating_revenue_yoy": 5.145750795034224, 
        "accumulated_operating_revenue": 2878489, 
        "long_term_average": 383708, 
        "date": "2014-08-31", 
        "operating_revenue": 390762, 
        "short_term_average": 370845
    }, 
    {
        "accumulated_operating_revenue_yoy": 3.6577098987259067, 
        "accumulated_operating_revenue": 3299881, 
        "long_term_average": 381672, 
        "date": "2014-09-30", 
        "operating_revenue": 421392, 
        "short_term_average": 396237
    }, 
    {
        "accumulated_operating_revenue_yoy": 3.0724485393114414, 
        "accumulated_operating_revenue": 3731369, 
        "long_term_average": 381237, 
        "date": "2014-10-31", 
        "operating_revenue": 431488, 
        "short_term_average": 414547
    }, 
    {
        "accumulated_operating_revenue_yoy": 2.4955634808607803, 
        "accumulated_operating_revenue": 4178123, 
        "long_term_average": 380446, 
        "date": "2014-11-30", 
        "operating_revenue": 446754, 
        "short_term_average": 433211
    }, 
    {
        "accumulated_operating_revenue_yoy": 3.5653068681590105, 
        "accumulated_operating_revenue": 4622769, 
        "long_term_average": 385230, 
        "date": "2014-12-31", 
        "operating_revenue": 444646, 
        "short_term_average": 440962
    }, 
    {
        "accumulated_operating_revenue_yoy": 24.757689573687344, 
        "accumulated_operating_revenue": 519501, 
        "long_term_average": 393821, 
        "date": "2015-01-31", 
        "operating_revenue": 519501, 
        "short_term_average": 470300
    }, 
    {
        "accumulated_operating_revenue_yoy": 24.474382616244686, 
        "accumulated_operating_revenue": 854549, 
        "long_term_average": 399232, 
        "date": "2015-02-28", 
        "operating_revenue": 335048, 
        "short_term_average": 433065
    }, 
    {
        "accumulated_operating_revenue_yoy": 19.627044673407845, 
        "accumulated_operating_revenue": 1248825, 
        "long_term_average": 402305, 
        "date": "2015-03-31", 
        "operating_revenue": 394276, 
        "short_term_average": 416275
    }, 
    {
        "accumulated_operating_revenue_yoy": 15.463063743535017, 
        "accumulated_operating_revenue": 1632605, 
        "long_term_average": 403450, 
        "date": "2015-04-30", 
        "operating_revenue": 383780, 
        "short_term_average": 371034
    }, 
    {
        "accumulated_operating_revenue_yoy": 15.81266081977313, 
        "accumulated_operating_revenue": 2045196, 
        "long_term_average": 408501, 
        "date": "2015-05-31", 
        "operating_revenue": 412591, 
        "short_term_average": 396882
    }, 
    {
        "accumulated_operating_revenue_yoy": 17.332719455429668, 
        "accumulated_operating_revenue": 2477092, 
        "long_term_average": 415724, 
        "date": "2015-06-30", 
        "operating_revenue": 431896, 
        "short_term_average": 409422
    }, 
    {
        "accumulated_operating_revenue_yoy": 19.175335557317986, 
        "accumulated_operating_revenue": 2964757, 
        "long_term_average": 424983, 
        "date": "2015-07-31", 
        "operating_revenue": 487665, 
        "short_term_average": 444050
    }, 
    {
        "accumulated_operating_revenue_yoy": 21.006507233482566, 
        "accumulated_operating_revenue": 3483159, 
        "long_term_average": 435619, 
        "date": "2015-08-31", 
        "operating_revenue": 518402, 
        "short_term_average": 479321
    }, 
    {
        "accumulated_operating_revenue_yoy": 21.542685933220014, 
        "accumulated_operating_revenue": 4010764, 
        "long_term_average": 444471, 
        "date": "2015-09-30", 
        "operating_revenue": 527605, 
        "short_term_average": 511224
    }
]