[
    {
        "date": "2012-01-31", 
        "operating_revenue": 6927, 
        "accumulated_operating_revenue": 6927, 
        "long_term_average": 6927, 
        "short_term_average": 6927
    }, 
    {
        "date": "2012-02-29", 
        "operating_revenue": 6449, 
        "accumulated_operating_revenue": 13376, 
        "long_term_average": 6688, 
        "short_term_average": 6688
    }, 
    {
        "date": "2012-03-31", 
        "operating_revenue": 5990, 
        "accumulated_operating_revenue": 19366, 
        "long_term_average": 6455, 
        "short_term_average": 6455
    }, 
    {
        "date": "2012-04-30", 
        "operating_revenue": 6041, 
        "accumulated_operating_revenue": 25407, 
        "long_term_average": 6351, 
        "short_term_average": 6160
    }, 
    {
        "date": "2012-05-31", 
        "operating_revenue": 5914, 
        "accumulated_operating_revenue": 31321, 
        "long_term_average": 6264, 
        "short_term_average": 5981
    }, 
    {
        "date": "2012-06-30", 
        "operating_revenue": 10729, 
        "accumulated_operating_revenue": 42050, 
        "long_term_average": 7008, 
        "short_term_average": 7561
    }, 
    {
        "date": "2012-07-31", 
        "operating_revenue": 6353, 
        "accumulated_operating_revenue": 48403, 
        "long_term_average": 6914, 
        "short_term_average": 7665
    }, 
    {
        "date": "2012-08-31", 
        "operating_revenue": 6554, 
        "accumulated_operating_revenue": 54957, 
        "long_term_average": 6869, 
        "short_term_average": 7878
    }, 
    {
        "date": "2012-09-30", 
        "operating_revenue": 11879, 
        "accumulated_operating_revenue": 66836, 
        "long_term_average": 7426, 
        "short_term_average": 8262
    }, 
    {
        "date": "2012-10-31", 
        "operating_revenue": 3970, 
        "accumulated_operating_revenue": 70806, 
        "long_term_average": 7080, 
        "short_term_average": 7467
    }, 
    {
        "date": "2012-11-30", 
        "operating_revenue": 4485, 
        "accumulated_operating_revenue": 75291, 
        "long_term_average": 6844, 
        "short_term_average": 6778
    }, 
    {
        "date": "2012-12-31", 
        "operating_revenue": 10453, 
        "accumulated_operating_revenue": 85744, 
        "long_term_average": 7145, 
        "short_term_average": 6302
    }, 
    {
        "accumulated_operating_revenue_yoy": -24.180742023964196, 
        "accumulated_operating_revenue": 5252, 
        "long_term_average": 7005, 
        "date": "2013-01-31", 
        "operating_revenue": 5252, 
        "short_term_average": 6730
    }, 
    {
        "accumulated_operating_revenue_yoy": -25.32894736842105, 
        "accumulated_operating_revenue": 9988, 
        "long_term_average": 6863, 
        "date": "2013-02-28", 
        "operating_revenue": 4736, 
        "short_term_average": 6813
    }, 
    {
        "accumulated_operating_revenue_yoy": -10.012392853454507, 
        "accumulated_operating_revenue": 17427, 
        "long_term_average": 6983, 
        "date": "2013-03-31", 
        "operating_revenue": 7439, 
        "short_term_average": 5809
    }, 
    {
        "accumulated_operating_revenue_yoy": -4.1838863305388285, 
        "accumulated_operating_revenue": 24344, 
        "long_term_average": 7056, 
        "date": "2013-04-30", 
        "operating_revenue": 6917, 
        "short_term_average": 6364
    }, 
    {
        "accumulated_operating_revenue_yoy": 2.4328725136489893, 
        "accumulated_operating_revenue": 32083, 
        "long_term_average": 7208, 
        "date": "2013-05-31", 
        "operating_revenue": 7739, 
        "short_term_average": 7365
    }, 
    {
        "accumulated_operating_revenue_yoy": -7.669441141498217, 
        "accumulated_operating_revenue": 38825, 
        "long_term_average": 6876, 
        "date": "2013-06-30", 
        "operating_revenue": 6742, 
        "short_term_average": 7132
    }, 
    {
        "accumulated_operating_revenue_yoy": -12.042641985000929, 
        "accumulated_operating_revenue": 42574, 
        "long_term_average": 6659, 
        "date": "2013-07-31", 
        "operating_revenue": 3749, 
        "short_term_average": 6076
    }, 
    {
        "accumulated_operating_revenue_yoy": -8.563058391105773, 
        "accumulated_operating_revenue": 50251, 
        "long_term_average": 6753, 
        "date": "2013-08-31", 
        "operating_revenue": 7677, 
        "short_term_average": 6056
    }, 
    {
        "accumulated_operating_revenue_yoy": -11.950146627565983, 
        "accumulated_operating_revenue": 58849, 
        "long_term_average": 6479, 
        "date": "2013-09-30", 
        "operating_revenue": 8598, 
        "short_term_average": 6674
    }, 
    {
        "accumulated_operating_revenue_yoy": -7.738044798463408, 
        "accumulated_operating_revenue": 65327, 
        "long_term_average": 6688, 
        "date": "2013-10-31", 
        "operating_revenue": 6478, 
        "short_term_average": 7584
    }, 
    {
        "accumulated_operating_revenue_yoy": -2.532839250375211, 
        "accumulated_operating_revenue": 73384, 
        "long_term_average": 6986, 
        "date": "2013-11-30", 
        "operating_revenue": 8057, 
        "short_term_average": 7711
    }, 
    {
        "accumulated_operating_revenue_yoy": -9.267120731479753, 
        "accumulated_operating_revenue": 77798, 
        "long_term_average": 6483, 
        "date": "2013-12-31", 
        "operating_revenue": 4414, 
        "short_term_average": 6316
    }, 
    {
        "accumulated_operating_revenue_yoy": 59.19649657273419, 
        "accumulated_operating_revenue": 8361, 
        "long_term_average": 6742, 
        "date": "2014-01-31", 
        "operating_revenue": 8361, 
        "short_term_average": 6944
    }, 
    {
        "accumulated_operating_revenue_yoy": 38.99679615538646, 
        "accumulated_operating_revenue": 13883, 
        "long_term_average": 6807, 
        "date": "2014-02-28", 
        "operating_revenue": 5522, 
        "short_term_average": 6099
    }, 
    {
        "accumulated_operating_revenue_yoy": 20.175589602341194, 
        "accumulated_operating_revenue": 20943, 
        "long_term_average": 6776, 
        "date": "2014-03-31", 
        "operating_revenue": 7060, 
        "short_term_average": 6981
    }, 
    {
        "accumulated_operating_revenue_yoy": 14.007558330594808, 
        "accumulated_operating_revenue": 27754, 
        "long_term_average": 6767, 
        "date": "2014-04-30", 
        "operating_revenue": 6811, 
        "short_term_average": 6464
    }, 
    {
        "accumulated_operating_revenue_yoy": 8.939313655206806, 
        "accumulated_operating_revenue": 34951, 
        "long_term_average": 6722, 
        "date": "2014-05-31", 
        "operating_revenue": 7197, 
        "short_term_average": 7022
    }, 
    {
        "accumulated_operating_revenue_yoy": 11.072762395363812, 
        "accumulated_operating_revenue": 43124, 
        "long_term_average": 6841, 
        "date": "2014-06-30", 
        "operating_revenue": 8173, 
        "short_term_average": 7393
    }, 
    {
        "accumulated_operating_revenue_yoy": 18.905905012448912, 
        "accumulated_operating_revenue": 50623, 
        "long_term_average": 7153, 
        "date": "2014-07-31", 
        "operating_revenue": 7499, 
        "short_term_average": 7623
    }, 
    {
        "accumulated_operating_revenue_yoy": 15.225567650395016, 
        "accumulated_operating_revenue": 57902, 
        "long_term_average": 7120, 
        "date": "2014-08-31", 
        "operating_revenue": 7279, 
        "short_term_average": 7650
    }, 
    {
        "accumulated_operating_revenue_yoy": 8.673044571700455, 
        "accumulated_operating_revenue": 63953, 
        "long_term_average": 6908, 
        "date": "2014-09-30", 
        "operating_revenue": 6051, 
        "short_term_average": 6943
    }, 
    {
        "accumulated_operating_revenue_yoy": 11.753180155219129, 
        "accumulated_operating_revenue": 73005, 
        "long_term_average": 7123, 
        "date": "2014-10-31", 
        "operating_revenue": 9052, 
        "short_term_average": 7460
    }, 
    {
        "accumulated_operating_revenue_yoy": 9.448926196446092, 
        "accumulated_operating_revenue": 80318, 
        "long_term_average": 7061, 
        "date": "2014-11-30", 
        "operating_revenue": 7313, 
        "short_term_average": 7472
    }, 
    {
        "accumulated_operating_revenue_yoy": 10.915447697884264, 
        "accumulated_operating_revenue": 86290, 
        "long_term_average": 7190, 
        "date": "2014-12-31", 
        "operating_revenue": 5972, 
        "short_term_average": 7445
    }, 
    {
        "accumulated_operating_revenue_yoy": -53.7256309053941, 
        "accumulated_operating_revenue": 3869, 
        "long_term_average": 6816, 
        "date": "2015-01-31", 
        "operating_revenue": 3869, 
        "short_term_average": 5718
    }, 
    {
        "accumulated_operating_revenue_yoy": -33.00439386299791, 
        "accumulated_operating_revenue": 9301, 
        "long_term_average": 6809, 
        "date": "2015-02-28", 
        "operating_revenue": 5432, 
        "short_term_average": 5091
    }, 
    {
        "accumulated_operating_revenue_yoy": -20.422098075729362, 
        "accumulated_operating_revenue": 16666, 
        "long_term_average": 6834, 
        "date": "2015-03-31", 
        "operating_revenue": 7365, 
        "short_term_average": 5555
    }, 
    {
        "accumulated_operating_revenue_yoy": -18.519852994163003, 
        "accumulated_operating_revenue": 22614, 
        "long_term_average": 6762, 
        "date": "2015-04-30", 
        "operating_revenue": 5948, 
        "short_term_average": 6248
    }, 
    {
        "accumulated_operating_revenue_yoy": -9.370261222854854, 
        "accumulated_operating_revenue": 31676, 
        "long_term_average": 6917, 
        "date": "2015-05-31", 
        "operating_revenue": 9062, 
        "short_term_average": 7458
    }, 
    {
        "accumulated_operating_revenue_yoy": -4.56822187181152, 
        "accumulated_operating_revenue": 41154, 
        "long_term_average": 7026, 
        "date": "2015-06-30", 
        "operating_revenue": 9478, 
        "short_term_average": 8162
    }, 
    {
        "accumulated_operating_revenue_yoy": -6.747920905517255, 
        "accumulated_operating_revenue": 47207, 
        "long_term_average": 6906, 
        "date": "2015-07-31", 
        "operating_revenue": 6053, 
        "short_term_average": 8197
    }, 
    {
        "accumulated_operating_revenue_yoy": -9.234568754101758, 
        "accumulated_operating_revenue": 52555, 
        "long_term_average": 6745, 
        "date": "2015-08-31", 
        "operating_revenue": 5348, 
        "short_term_average": 6959
    }, 
    {
        "accumulated_operating_revenue_yoy": -6.392194267665317, 
        "accumulated_operating_revenue": 59865, 
        "long_term_average": 6850, 
        "date": "2015-09-30", 
        "operating_revenue": 7310, 
        "short_term_average": 6237
    }
]