[
    {
        "date": "2012-01-31", 
        "operating_revenue": 1367, 
        "accumulated_operating_revenue": 1367, 
        "long_term_average": 1367, 
        "short_term_average": 1367
    }, 
    {
        "date": "2012-02-29", 
        "operating_revenue": 132, 
        "accumulated_operating_revenue": 1499, 
        "long_term_average": 749, 
        "short_term_average": 749
    }, 
    {
        "date": "2012-03-31", 
        "operating_revenue": 242, 
        "accumulated_operating_revenue": 1741, 
        "long_term_average": 580, 
        "short_term_average": 580
    }, 
    {
        "date": "2012-04-30", 
        "operating_revenue": 472, 
        "accumulated_operating_revenue": 2213, 
        "long_term_average": 553, 
        "short_term_average": 282
    }, 
    {
        "date": "2012-05-31", 
        "operating_revenue": 250, 
        "accumulated_operating_revenue": 2463, 
        "long_term_average": 492, 
        "short_term_average": 321
    }, 
    {
        "date": "2012-06-30", 
        "operating_revenue": 583, 
        "accumulated_operating_revenue": 3046, 
        "long_term_average": 507, 
        "short_term_average": 435
    }, 
    {
        "date": "2012-07-31", 
        "operating_revenue": 250, 
        "accumulated_operating_revenue": 3296, 
        "long_term_average": 470, 
        "short_term_average": 361
    }, 
    {
        "date": "2012-08-31", 
        "operating_revenue": 645, 
        "accumulated_operating_revenue": 3941, 
        "long_term_average": 492, 
        "short_term_average": 492
    }, 
    {
        "date": "2012-09-30", 
        "operating_revenue": 645, 
        "accumulated_operating_revenue": 4586, 
        "long_term_average": 509, 
        "short_term_average": 513
    }, 
    {
        "date": "2012-10-31", 
        "operating_revenue": 645, 
        "accumulated_operating_revenue": 5231, 
        "long_term_average": 523, 
        "short_term_average": 645
    }, 
    {
        "date": "2012-11-30", 
        "operating_revenue": 645, 
        "accumulated_operating_revenue": 5876, 
        "long_term_average": 534, 
        "short_term_average": 645
    }, 
    {
        "date": "2012-12-31", 
        "operating_revenue": 688, 
        "accumulated_operating_revenue": 6564, 
        "long_term_average": 547, 
        "short_term_average": 659
    }, 
    {
        "accumulated_operating_revenue_yoy": -52.816386247256766, 
        "accumulated_operating_revenue": 645, 
        "long_term_average": 486, 
        "date": "2013-01-31", 
        "operating_revenue": 645, 
        "short_term_average": 659
    }, 
    {
        "accumulated_operating_revenue_yoy": -13.942628418945963, 
        "accumulated_operating_revenue": 1290, 
        "long_term_average": 529, 
        "date": "2013-02-28", 
        "operating_revenue": 645, 
        "short_term_average": 659
    }, 
    {
        "accumulated_operating_revenue_yoy": 11.143021252153934, 
        "accumulated_operating_revenue": 1935, 
        "long_term_average": 563, 
        "date": "2013-03-31", 
        "operating_revenue": 645, 
        "short_term_average": 645
    }, 
    {
        "accumulated_operating_revenue_yoy": 26.796204247627653, 
        "accumulated_operating_revenue": 2806, 
        "long_term_average": 596, 
        "date": "2013-04-30", 
        "operating_revenue": 871, 
        "short_term_average": 720
    }, 
    {
        "accumulated_operating_revenue_yoy": 71.78237921234268, 
        "accumulated_operating_revenue": 4231, 
        "long_term_average": 694, 
        "date": "2013-05-31", 
        "operating_revenue": 1425, 
        "short_term_average": 980
    }, 
    {
        "accumulated_operating_revenue_yoy": 51.90413657255417, 
        "accumulated_operating_revenue": 4627, 
        "long_term_average": 678, 
        "date": "2013-06-30", 
        "operating_revenue": 396, 
        "short_term_average": 897
    }, 
    {
        "accumulated_operating_revenue_yoy": 61.46844660194175, 
        "accumulated_operating_revenue": 5322, 
        "long_term_average": 715, 
        "date": "2013-07-31", 
        "operating_revenue": 695, 
        "short_term_average": 838
    }, 
    {
        "accumulated_operating_revenue_yoy": 52.82923115960416, 
        "accumulated_operating_revenue": 6023, 
        "long_term_average": 720, 
        "date": "2013-08-31", 
        "operating_revenue": 701, 
        "short_term_average": 597
    }, 
    {
        "accumulated_operating_revenue_yoy": 46.48931530745748, 
        "accumulated_operating_revenue": 6718, 
        "long_term_average": 724, 
        "date": "2013-09-30", 
        "operating_revenue": 695, 
        "short_term_average": 697
    }, 
    {
        "accumulated_operating_revenue_yoy": 48.55668132288282, 
        "accumulated_operating_revenue": 7771, 
        "long_term_average": 758, 
        "date": "2013-10-31", 
        "operating_revenue": 1053, 
        "short_term_average": 816
    }, 
    {
        "accumulated_operating_revenue_yoy": 43.141592920353986, 
        "accumulated_operating_revenue": 8411, 
        "long_term_average": 758, 
        "date": "2013-11-30", 
        "operating_revenue": 640, 
        "short_term_average": 796
    }, 
    {
        "accumulated_operating_revenue_yoy": 38.29981718464351, 
        "accumulated_operating_revenue": 9078, 
        "long_term_average": 756, 
        "date": "2013-12-31", 
        "operating_revenue": 667, 
        "short_term_average": 786
    }, 
    {
        "accumulated_operating_revenue_yoy": 1.8604651162790697, 
        "accumulated_operating_revenue": 657, 
        "long_term_average": 757, 
        "date": "2014-01-31", 
        "operating_revenue": 657, 
        "short_term_average": 654
    }, 
    {
        "accumulated_operating_revenue_yoy": 5.891472868217054, 
        "accumulated_operating_revenue": 1366, 
        "long_term_average": 762, 
        "date": "2014-02-28", 
        "operating_revenue": 709, 
        "short_term_average": 677
    }, 
    {
        "accumulated_operating_revenue_yoy": 65.5297157622739, 
        "accumulated_operating_revenue": 3203, 
        "long_term_average": 862, 
        "date": "2014-03-31", 
        "operating_revenue": 1837, 
        "short_term_average": 1067
    }, 
    {
        "accumulated_operating_revenue_yoy": 100.85531004989308, 
        "accumulated_operating_revenue": 5636, 
        "long_term_average": 992, 
        "date": "2014-04-30", 
        "operating_revenue": 2433, 
        "short_term_average": 1659
    }, 
    {
        "accumulated_operating_revenue_yoy": 133.7272512408414, 
        "accumulated_operating_revenue": 9889, 
        "long_term_average": 1228, 
        "date": "2014-05-31", 
        "operating_revenue": 4253, 
        "short_term_average": 2841
    }, 
    {
        "accumulated_operating_revenue_yoy": 278.14998919386215, 
        "accumulated_operating_revenue": 17497, 
        "long_term_average": 1829, 
        "date": "2014-06-30", 
        "operating_revenue": 7608, 
        "short_term_average": 4764
    }, 
    {
        "accumulated_operating_revenue_yoy": 401.7474633596392, 
        "accumulated_operating_revenue": 26703, 
        "long_term_average": 2538, 
        "date": "2014-07-31", 
        "operating_revenue": 9206, 
        "short_term_average": 7022
    }, 
    {
        "accumulated_operating_revenue_yoy": 473.0698987215673, 
        "accumulated_operating_revenue": 34516, 
        "long_term_average": 3130, 
        "date": "2014-08-31", 
        "operating_revenue": 7813, 
        "short_term_average": 8209
    }, 
    {
        "accumulated_operating_revenue_yoy": 600.4167907115213, 
        "accumulated_operating_revenue": 47054, 
        "long_term_average": 4117, 
        "date": "2014-09-30", 
        "operating_revenue": 12538, 
        "short_term_average": 9852
    }, 
    {
        "accumulated_operating_revenue_yoy": 685.5359670570068, 
        "accumulated_operating_revenue": 61044, 
        "long_term_average": 5195, 
        "date": "2014-10-31", 
        "operating_revenue": 13990, 
        "short_term_average": 11447
    }, 
    {
        "accumulated_operating_revenue_yoy": 772.8807513969801, 
        "accumulated_operating_revenue": 73418, 
        "long_term_average": 6173, 
        "date": "2014-11-30", 
        "operating_revenue": 12374, 
        "short_term_average": 12967
    }, 
    {
        "accumulated_operating_revenue_yoy": 817.1293236395682, 
        "accumulated_operating_revenue": 83257, 
        "long_term_average": 6938, 
        "date": "2014-12-31", 
        "operating_revenue": 9839, 
        "short_term_average": 12067
    }, 
    {
        "accumulated_operating_revenue_yoy": 741.400304414003, 
        "accumulated_operating_revenue": 5528, 
        "long_term_average": 7344, 
        "date": "2015-01-31", 
        "operating_revenue": 5528, 
        "short_term_average": 9247
    }, 
    {
        "accumulated_operating_revenue_yoy": 603.5139092240117, 
        "accumulated_operating_revenue": 9610, 
        "long_term_average": 7625, 
        "date": "2015-02-28", 
        "operating_revenue": 4082, 
        "short_term_average": 6483
    }, 
    {
        "accumulated_operating_revenue_yoy": 344.926631283172, 
        "accumulated_operating_revenue": 14251, 
        "long_term_average": 7858, 
        "date": "2015-03-31", 
        "operating_revenue": 4641, 
        "short_term_average": 4750
    }, 
    {
        "accumulated_operating_revenue_yoy": 254.4357700496806, 
        "accumulated_operating_revenue": 19976, 
        "long_term_average": 8133, 
        "date": "2015-04-30", 
        "operating_revenue": 5725, 
        "short_term_average": 4816
    }, 
    {
        "accumulated_operating_revenue_yoy": 161.36110830215392, 
        "accumulated_operating_revenue": 25846, 
        "long_term_average": 8267, 
        "date": "2015-05-31", 
        "operating_revenue": 5870, 
        "short_term_average": 5412
    }, 
    {
        "accumulated_operating_revenue_yoy": 69.08041378522032, 
        "accumulated_operating_revenue": 29584, 
        "long_term_average": 7945, 
        "date": "2015-06-30", 
        "operating_revenue": 3738, 
        "short_term_average": 5111
    }, 
    {
        "accumulated_operating_revenue_yoy": 31.666853911545516, 
        "accumulated_operating_revenue": 35159, 
        "long_term_average": 7642, 
        "date": "2015-07-31", 
        "operating_revenue": 5575, 
        "short_term_average": 5061
    }, 
    {
        "accumulated_operating_revenue_yoy": 21.633445358674237, 
        "accumulated_operating_revenue": 41983, 
        "long_term_average": 7560, 
        "date": "2015-08-31", 
        "operating_revenue": 6824, 
        "short_term_average": 5379
    }, 
    {
        "accumulated_operating_revenue_yoy": 5.410804607472266, 
        "accumulated_operating_revenue": 49600, 
        "long_term_average": 7150, 
        "date": "2015-09-30", 
        "operating_revenue": 7617, 
        "short_term_average": 6672
    }
]