[
    {
        "date": "2011-09-30", 
        "operating_revenue": 355509, 
        "accumulated_operating_revenue": 355509, 
        "long_term_average": 355509, 
        "short_term_average": 355509
    }, 
    {
        "date": "2011-10-31", 
        "operating_revenue": 335960, 
        "accumulated_operating_revenue": 691469, 
        "long_term_average": 345734, 
        "short_term_average": 345734
    }, 
    {
        "date": "2011-11-30", 
        "operating_revenue": 272367, 
        "accumulated_operating_revenue": 963836, 
        "long_term_average": 321278, 
        "short_term_average": 321278
    }, 
    {
        "date": "2011-12-31", 
        "operating_revenue": 278120, 
        "accumulated_operating_revenue": 1241956, 
        "long_term_average": 310489, 
        "short_term_average": 295482
    }, 
    {
        "date": "2012-01-31", 
        "operating_revenue": 302504, 
        "accumulated_operating_revenue": 302504, 
        "long_term_average": 308892, 
        "short_term_average": 284330
    }, 
    {
        "date": "2012-02-29", 
        "operating_revenue": 329882, 
        "accumulated_operating_revenue": 632386, 
        "long_term_average": 312390, 
        "short_term_average": 303502
    }, 
    {
        "date": "2012-03-31", 
        "operating_revenue": 337756, 
        "accumulated_operating_revenue": 970142, 
        "long_term_average": 316014, 
        "short_term_average": 323380
    }, 
    {
        "date": "2012-04-30", 
        "operating_revenue": 385064, 
        "accumulated_operating_revenue": 1355206, 
        "long_term_average": 324645, 
        "short_term_average": 350900
    }, 
    {
        "date": "2012-05-31", 
        "operating_revenue": 454769, 
        "accumulated_operating_revenue": 1809975, 
        "long_term_average": 339103, 
        "short_term_average": 392529
    }, 
    {
        "date": "2012-06-30", 
        "operating_revenue": 391911, 
        "accumulated_operating_revenue": 2201886, 
        "long_term_average": 344384, 
        "short_term_average": 410581
    }, 
    {
        "date": "2012-07-31", 
        "operating_revenue": 391515, 
        "accumulated_operating_revenue": 2593401, 
        "long_term_average": 348668, 
        "short_term_average": 412731
    }, 
    {
        "date": "2012-08-31", 
        "operating_revenue": 334149, 
        "accumulated_operating_revenue": 2927550, 
        "long_term_average": 347458, 
        "short_term_average": 372525
    }, 
    {
        "accumulated_operating_revenue_yoy": 833.1015529845938, 
        "accumulated_operating_revenue": 3317260, 
        "long_term_average": 350308, 
        "date": "2012-09-30", 
        "operating_revenue": 389710, 
        "short_term_average": 371791
    }, 
    {
        "accumulated_operating_revenue_yoy": 429.35677521335015, 
        "accumulated_operating_revenue": 3660338, 
        "long_term_average": 350902, 
        "date": "2012-10-31", 
        "operating_revenue": 343078, 
        "short_term_average": 355645
    }, 
    {
        "accumulated_operating_revenue_yoy": 309.79824368461027, 
        "accumulated_operating_revenue": 3949783, 
        "long_term_average": 352325, 
        "date": "2012-11-30", 
        "operating_revenue": 289445, 
        "short_term_average": 340744
    }, 
    {
        "accumulated_operating_revenue_yoy": 238.2374254804518, 
        "accumulated_operating_revenue": 4200760, 
        "long_term_average": 350063, 
        "date": "2012-12-31", 
        "operating_revenue": 250977, 
        "short_term_average": 294500
    }, 
    {
        "accumulated_operating_revenue_yoy": 28.2578081612144, 
        "accumulated_operating_revenue": 387985, 
        "long_term_average": 357186, 
        "date": "2013-01-31", 
        "operating_revenue": 387985, 
        "short_term_average": 309469
    }, 
    {
        "accumulated_operating_revenue_yoy": -10.665795890484608, 
        "accumulated_operating_revenue": 564937, 
        "long_term_average": 344442, 
        "date": "2013-02-28", 
        "operating_revenue": 176952, 
        "short_term_average": 271971
    }, 
    {
        "accumulated_operating_revenue_yoy": -15.462478688686812, 
        "accumulated_operating_revenue": 820134, 
        "long_term_average": 337562, 
        "date": "2013-03-31", 
        "operating_revenue": 255197, 
        "short_term_average": 273378
    }, 
    {
        "accumulated_operating_revenue_yoy": -15.764466804308718, 
        "accumulated_operating_revenue": 1141565, 
        "long_term_average": 332259, 
        "date": "2013-04-30", 
        "operating_revenue": 321431, 
        "short_term_average": 251193
    }, 
    {
        "accumulated_operating_revenue_yoy": -17.861351676128123, 
        "accumulated_operating_revenue": 1486689, 
        "long_term_average": 323122, 
        "date": "2013-05-31", 
        "operating_revenue": 345124, 
        "short_term_average": 307250
    }, 
    {
        "accumulated_operating_revenue_yoy": -18.33605372848549, 
        "accumulated_operating_revenue": 1798147, 
        "long_term_average": 316418, 
        "date": "2013-06-30", 
        "operating_revenue": 311458, 
        "short_term_average": 326004
    }, 
    {
        "accumulated_operating_revenue_yoy": -17.71480769846237, 
        "accumulated_operating_revenue": 2133985, 
        "long_term_average": 311778, 
        "date": "2013-07-31", 
        "operating_revenue": 335838, 
        "short_term_average": 330806
    }, 
    {
        "accumulated_operating_revenue_yoy": -16.40176939761917, 
        "accumulated_operating_revenue": 2447380, 
        "long_term_average": 310049, 
        "date": "2013-08-31", 
        "operating_revenue": 313395, 
        "short_term_average": 320230
    }, 
    {
        "accumulated_operating_revenue_yoy": -16.31231799738338, 
        "accumulated_operating_revenue": 2776138, 
        "long_term_average": 304969, 
        "date": "2013-09-30", 
        "operating_revenue": 328758, 
        "short_term_average": 325997
    }, 
    {
        "accumulated_operating_revenue_yoy": -15.797420893917447, 
        "accumulated_operating_revenue": 3082099, 
        "long_term_average": 301876, 
        "date": "2013-10-31", 
        "operating_revenue": 305961, 
        "short_term_average": 316038
    }, 
    {
        "accumulated_operating_revenue_yoy": -14.278986972195687, 
        "accumulated_operating_revenue": 3385794, 
        "long_term_average": 303064, 
        "date": "2013-11-30", 
        "operating_revenue": 303695, 
        "short_term_average": 312804
    }, 
    {
        "accumulated_operating_revenue_yoy": -13.286286291052097, 
        "accumulated_operating_revenue": 3642635, 
        "long_term_average": 303552, 
        "date": "2013-12-31", 
        "operating_revenue": 256841, 
        "short_term_average": 288832
    }, 
    {
        "accumulated_operating_revenue_yoy": -10.725156900395634, 
        "accumulated_operating_revenue": 346373, 
        "long_term_average": 300085, 
        "date": "2014-01-31", 
        "operating_revenue": 346373, 
        "short_term_average": 302303
    }, 
    {
        "accumulated_operating_revenue_yoy": 2.9870587339827273, 
        "accumulated_operating_revenue": 581812, 
        "long_term_average": 304959, 
        "date": "2014-02-28", 
        "operating_revenue": 235439, 
        "short_term_average": 279551
    }, 
    {
        "accumulated_operating_revenue_yoy": 5.291208509828882, 
        "accumulated_operating_revenue": 863529, 
        "long_term_average": 307169, 
        "date": "2014-03-31", 
        "operating_revenue": 281717, 
        "short_term_average": 287843
    }, 
    {
        "accumulated_operating_revenue_yoy": 4.583532256157118, 
        "accumulated_operating_revenue": 1193889, 
        "long_term_average": 307913, 
        "date": "2014-04-30", 
        "operating_revenue": 330360, 
        "short_term_average": 282505
    }, 
    {
        "accumulated_operating_revenue_yoy": 2.0222117739486873, 
        "accumulated_operating_revenue": 1516753, 
        "long_term_average": 306058, 
        "date": "2014-05-31", 
        "operating_revenue": 322864, 
        "short_term_average": 311647
    }, 
    {
        "accumulated_operating_revenue_yoy": -0.8174526331829378, 
        "accumulated_operating_revenue": 1783448, 
        "long_term_average": 302328, 
        "date": "2014-06-30", 
        "operating_revenue": 266695, 
        "short_term_average": 306639
    }, 
    {
        "accumulated_operating_revenue_yoy": -3.2884486067146677, 
        "accumulated_operating_revenue": 2063810, 
        "long_term_average": 297705, 
        "date": "2014-07-31", 
        "operating_revenue": 280362, 
        "short_term_average": 289973
    }, 
    {
        "accumulated_operating_revenue_yoy": -2.5168547589667316, 
        "accumulated_operating_revenue": 2385783, 
        "long_term_average": 298419, 
        "date": "2014-08-31", 
        "operating_revenue": 321973, 
        "short_term_average": 289676
    }, 
    {
        "accumulated_operating_revenue_yoy": -3.128734954818529, 
        "accumulated_operating_revenue": 2689280, 
        "long_term_average": 296314, 
        "date": "2014-09-30", 
        "operating_revenue": 303497, 
        "short_term_average": 301944
    }, 
    {
        "accumulated_operating_revenue_yoy": -2.9871201411765163, 
        "accumulated_operating_revenue": 2990033, 
        "long_term_average": 295880, 
        "date": "2014-10-31", 
        "operating_revenue": 300753, 
        "short_term_average": 308741
    }, 
    {
        "accumulated_operating_revenue_yoy": -3.034147972381072, 
        "accumulated_operating_revenue": 3283064, 
        "long_term_average": 294992, 
        "date": "2014-11-30", 
        "operating_revenue": 293031, 
        "short_term_average": 299093
    }, 
    {
        "accumulated_operating_revenue_yoy": -2.072318527659236, 
        "accumulated_operating_revenue": 3567148, 
        "long_term_average": 297262, 
        "date": "2014-12-31", 
        "operating_revenue": 284084, 
        "short_term_average": 292622
    }, 
    {
        "accumulated_operating_revenue_yoy": -8.856059796808642, 
        "accumulated_operating_revenue": 315698, 
        "long_term_average": 294706, 
        "date": "2015-01-31", 
        "operating_revenue": 315698, 
        "short_term_average": 297604
    }, 
    {
        "accumulated_operating_revenue_yoy": -7.591111905563997, 
        "accumulated_operating_revenue": 537646, 
        "long_term_average": 293581, 
        "date": "2015-02-28", 
        "operating_revenue": 221948, 
        "short_term_average": 273910
    }, 
    {
        "accumulated_operating_revenue_yoy": -7.99961553115182, 
        "accumulated_operating_revenue": 794450, 
        "long_term_average": 291505, 
        "date": "2015-03-31", 
        "operating_revenue": 256804, 
        "short_term_average": 264816
    }, 
    {
        "accumulated_operating_revenue_yoy": -10.356909226904678, 
        "accumulated_operating_revenue": 1070239, 
        "long_term_average": 286958, 
        "date": "2015-04-30", 
        "operating_revenue": 275789, 
        "short_term_average": 251513
    }, 
    {
        "accumulated_operating_revenue_yoy": -10.9555082468932, 
        "accumulated_operating_revenue": 1350585, 
        "long_term_average": 283415, 
        "date": "2015-05-31", 
        "operating_revenue": 280346, 
        "short_term_average": 270979
    }, 
    {
        "accumulated_operating_revenue_yoy": -8.886662240783021, 
        "accumulated_operating_revenue": 1624959, 
        "long_term_average": 284054, 
        "date": "2015-06-30", 
        "operating_revenue": 274374, 
        "short_term_average": 276836
    }, 
    {
        "accumulated_operating_revenue_yoy": -9.872711150735775, 
        "accumulated_operating_revenue": 1860056, 
        "long_term_average": 280282, 
        "date": "2015-07-31", 
        "operating_revenue": 235097, 
        "short_term_average": 263272
    }, 
    {
        "accumulated_operating_revenue_yoy": -10.14434254917568, 
        "accumulated_operating_revenue": 2143761, 
        "long_term_average": 277093, 
        "date": "2015-08-31", 
        "operating_revenue": 283705, 
        "short_term_average": 264392
    }, 
    {
        "accumulated_operating_revenue_yoy": -9.977837934316993, 
        "accumulated_operating_revenue": 2420948, 
        "long_term_average": 274901, 
        "date": "2015-09-30", 
        "operating_revenue": 277187, 
        "short_term_average": 265329
    }
]