[
    {
        "date": "2011-09-30", 
        "operating_revenue": 263685, 
        "accumulated_operating_revenue": 263685, 
        "long_term_average": 263685, 
        "short_term_average": 263685
    }, 
    {
        "date": "2011-10-31", 
        "operating_revenue": 251827, 
        "accumulated_operating_revenue": 515512, 
        "long_term_average": 257756, 
        "short_term_average": 257756
    }, 
    {
        "date": "2011-11-30", 
        "operating_revenue": 276646, 
        "accumulated_operating_revenue": 792158, 
        "long_term_average": 264052, 
        "short_term_average": 264052
    }, 
    {
        "date": "2011-12-31", 
        "operating_revenue": 248665, 
        "accumulated_operating_revenue": 1040823, 
        "long_term_average": 260205, 
        "short_term_average": 259046
    }, 
    {
        "date": "2012-01-31", 
        "operating_revenue": 197961, 
        "accumulated_operating_revenue": 197961, 
        "long_term_average": 247756, 
        "short_term_average": 241090
    }, 
    {
        "date": "2012-02-29", 
        "operating_revenue": 257697, 
        "accumulated_operating_revenue": 455658, 
        "long_term_average": 249413, 
        "short_term_average": 234774
    }, 
    {
        "date": "2012-03-31", 
        "operating_revenue": 305546, 
        "accumulated_operating_revenue": 761204, 
        "long_term_average": 257432, 
        "short_term_average": 253734
    }, 
    {
        "date": "2012-04-30", 
        "operating_revenue": 334900, 
        "accumulated_operating_revenue": 1096104, 
        "long_term_average": 267115, 
        "short_term_average": 299381
    }, 
    {
        "date": "2012-05-31", 
        "operating_revenue": 330641, 
        "accumulated_operating_revenue": 1426745, 
        "long_term_average": 274174, 
        "short_term_average": 323695
    }, 
    {
        "date": "2012-06-30", 
        "operating_revenue": 330629, 
        "accumulated_operating_revenue": 1757374, 
        "long_term_average": 279819, 
        "short_term_average": 332056
    }, 
    {
        "date": "2012-07-31", 
        "operating_revenue": 330945, 
        "accumulated_operating_revenue": 2088319, 
        "long_term_average": 284467, 
        "short_term_average": 330738
    }, 
    {
        "date": "2012-08-31", 
        "operating_revenue": 320796, 
        "accumulated_operating_revenue": 2409115, 
        "long_term_average": 287494, 
        "short_term_average": 327456
    }, 
    {
        "accumulated_operating_revenue_yoy": 921.2533894609098, 
        "accumulated_operating_revenue": 2692892, 
        "long_term_average": 289169, 
        "date": "2012-09-30", 
        "operating_revenue": 283777, 
        "short_term_average": 311839
    }, 
    {
        "accumulated_operating_revenue_yoy": 477.0616396902497, 
        "accumulated_operating_revenue": 2974822, 
        "long_term_average": 291677, 
        "date": "2012-10-31", 
        "operating_revenue": 281930, 
        "short_term_average": 295501
    }, 
    {
        "accumulated_operating_revenue_yoy": 316.9449781482987, 
        "accumulated_operating_revenue": 3302863, 
        "long_term_average": 295960, 
        "date": "2012-11-30", 
        "operating_revenue": 328041, 
        "short_term_average": 297916
    }, 
    {
        "accumulated_operating_revenue_yoy": 241.64809962885138, 
        "accumulated_operating_revenue": 3555952, 
        "long_term_average": 296329, 
        "date": "2012-12-31", 
        "operating_revenue": 253089, 
        "short_term_average": 287686
    }, 
    {
        "accumulated_operating_revenue_yoy": 73.29676047302246, 
        "accumulated_operating_revenue": 343060, 
        "long_term_average": 308420, 
        "date": "2013-01-31", 
        "operating_revenue": 343060, 
        "short_term_average": 308063
    }, 
    {
        "accumulated_operating_revenue_yoy": 22.084765328382254, 
        "accumulated_operating_revenue": 556289, 
        "long_term_average": 304715, 
        "date": "2013-02-28", 
        "operating_revenue": 213229, 
        "short_term_average": 269792
    }, 
    {
        "accumulated_operating_revenue_yoy": 17.29168527753401, 
        "accumulated_operating_revenue": 892829, 
        "long_term_average": 307298, 
        "date": "2013-03-31", 
        "operating_revenue": 336540, 
        "short_term_average": 297609
    }, 
    {
        "accumulated_operating_revenue_yoy": 12.969116069278098, 
        "accumulated_operating_revenue": 1238259, 
        "long_term_average": 308175, 
        "date": "2013-04-30", 
        "operating_revenue": 345430, 
        "short_term_average": 298399
    }, 
    {
        "accumulated_operating_revenue_yoy": 12.985431874651743, 
        "accumulated_operating_revenue": 1612014, 
        "long_term_average": 311768, 
        "date": "2013-05-31", 
        "operating_revenue": 373755, 
        "short_term_average": 351908
    }, 
    {
        "accumulated_operating_revenue_yoy": 10.341509547768432, 
        "accumulated_operating_revenue": 1939113, 
        "long_term_average": 311474, 
        "date": "2013-06-30", 
        "operating_revenue": 327099, 
        "short_term_average": 348761
    }, 
    {
        "accumulated_operating_revenue_yoy": 9.15894554423917, 
        "accumulated_operating_revenue": 2279587, 
        "long_term_average": 312268, 
        "date": "2013-07-31", 
        "operating_revenue": 340474, 
        "short_term_average": 347109
    }, 
    {
        "accumulated_operating_revenue_yoy": 7.938143260076832, 
        "accumulated_operating_revenue": 2600354, 
        "long_term_average": 312265, 
        "date": "2013-08-31", 
        "operating_revenue": 320767, 
        "short_term_average": 329446
    }, 
    {
        "accumulated_operating_revenue_yoy": 8.004145728829823, 
        "accumulated_operating_revenue": 2908435, 
        "long_term_average": 314291, 
        "date": "2013-09-30", 
        "operating_revenue": 308081, 
        "short_term_average": 323107
    }, 
    {
        "accumulated_operating_revenue_yoy": 8.529552356409896, 
        "accumulated_operating_revenue": 3228561, 
        "long_term_average": 317474, 
        "date": "2013-10-31", 
        "operating_revenue": 320126, 
        "short_term_average": 316324
    }, 
    {
        "accumulated_operating_revenue_yoy": 8.262316662846748, 
        "accumulated_operating_revenue": 3575756, 
        "long_term_average": 319070, 
        "date": "2013-11-30", 
        "operating_revenue": 347195, 
        "short_term_average": 325134
    }, 
    {
        "accumulated_operating_revenue_yoy": 9.516692013840457, 
        "accumulated_operating_revenue": 3894361, 
        "long_term_average": 324530, 
        "date": "2013-12-31", 
        "operating_revenue": 318605, 
        "short_term_average": 328642
    }, 
    {
        "accumulated_operating_revenue_yoy": -18.4626595930741, 
        "accumulated_operating_revenue": 279722, 
        "long_term_average": 319251, 
        "date": "2014-01-31", 
        "operating_revenue": 279722, 
        "short_term_average": 315174
    }, 
    {
        "accumulated_operating_revenue_yoy": -2.102504273857653, 
        "accumulated_operating_revenue": 544593, 
        "long_term_average": 323555, 
        "date": "2014-02-28", 
        "operating_revenue": 264871, 
        "short_term_average": 287732
    }, 
    {
        "accumulated_operating_revenue_yoy": -0.9647984104458973, 
        "accumulated_operating_revenue": 884215, 
        "long_term_average": 323812, 
        "date": "2014-03-31", 
        "operating_revenue": 339622, 
        "short_term_average": 294738
    }, 
    {
        "accumulated_operating_revenue_yoy": 0.9077260896145314, 
        "accumulated_operating_revenue": 1249499, 
        "long_term_average": 325466, 
        "date": "2014-04-30", 
        "operating_revenue": 365284, 
        "short_term_average": 323259
    }, 
    {
        "accumulated_operating_revenue_yoy": -1.0372118356292193, 
        "accumulated_operating_revenue": 1595294, 
        "long_term_average": 323136, 
        "date": "2014-05-31", 
        "operating_revenue": 345795, 
        "short_term_average": 350233
    }, 
    {
        "accumulated_operating_revenue_yoy": -1.224477377027538, 
        "accumulated_operating_revenue": 1915369, 
        "long_term_average": 322551, 
        "date": "2014-06-30", 
        "operating_revenue": 320075, 
        "short_term_average": 343718
    }, 
    {
        "accumulated_operating_revenue_yoy": -1.7218031160907656, 
        "accumulated_operating_revenue": 2240337, 
        "long_term_average": 321259, 
        "date": "2014-07-31", 
        "operating_revenue": 324968, 
        "short_term_average": 330279
    }, 
    {
        "accumulated_operating_revenue_yoy": -1.3227429803788253, 
        "accumulated_operating_revenue": 2565958, 
        "long_term_average": 321663, 
        "date": "2014-08-31", 
        "operating_revenue": 325621, 
        "short_term_average": 323554
    }, 
    {
        "accumulated_operating_revenue_yoy": -0.45457436731438045, 
        "accumulated_operating_revenue": 2895214, 
        "long_term_average": 323428, 
        "date": "2014-09-30", 
        "operating_revenue": 329256, 
        "short_term_average": 326615
    }, 
    {
        "accumulated_operating_revenue_yoy": 0.5293689665457768, 
        "accumulated_operating_revenue": 3245652, 
        "long_term_average": 325954, 
        "date": "2014-10-31", 
        "operating_revenue": 350438, 
        "short_term_average": 335105
    }, 
    {
        "accumulated_operating_revenue_yoy": 0.38240864309533423, 
        "accumulated_operating_revenue": 3589430, 
        "long_term_average": 325669, 
        "date": "2014-11-30", 
        "operating_revenue": 343778, 
        "short_term_average": 341157
    }, 
    {
        "accumulated_operating_revenue_yoy": 0.9284706785015565, 
        "accumulated_operating_revenue": 3930519, 
        "long_term_average": 327543, 
        "date": "2014-12-31", 
        "operating_revenue": 341089, 
        "short_term_average": 345101
    }, 
    {
        "accumulated_operating_revenue_yoy": 25.519623054318213, 
        "accumulated_operating_revenue": 351106, 
        "long_term_average": 333491, 
        "date": "2015-01-31", 
        "operating_revenue": 351106, 
        "short_term_average": 345324
    }, 
    {
        "accumulated_operating_revenue_yoy": -0.1597523288033449, 
        "accumulated_operating_revenue": 543723, 
        "long_term_average": 327470, 
        "date": "2015-02-28", 
        "operating_revenue": 192617, 
        "short_term_average": 294937
    }, 
    {
        "accumulated_operating_revenue_yoy": -0.6756275340273575, 
        "accumulated_operating_revenue": 878241, 
        "long_term_average": 327045, 
        "date": "2015-03-31", 
        "operating_revenue": 334518, 
        "short_term_average": 292747
    }, 
    {
        "accumulated_operating_revenue_yoy": -2.1529428995141253, 
        "accumulated_operating_revenue": 1222598, 
        "long_term_average": 325301, 
        "date": "2015-04-30", 
        "operating_revenue": 344357, 
        "short_term_average": 290497
    }, 
    {
        "accumulated_operating_revenue_yoy": -1.0845649767378303, 
        "accumulated_operating_revenue": 1577992, 
        "long_term_average": 326101, 
        "date": "2015-05-31", 
        "operating_revenue": 355394, 
        "short_term_average": 344756
    }, 
    {
        "accumulated_operating_revenue_yoy": -0.050851820197570285, 
        "accumulated_operating_revenue": 1914395, 
        "long_term_average": 327462, 
        "date": "2015-06-30", 
        "operating_revenue": 336403, 
        "short_term_average": 345384
    }, 
    {
        "accumulated_operating_revenue_yoy": 0.9846286518501458, 
        "accumulated_operating_revenue": 2262396, 
        "long_term_average": 329381, 
        "date": "2015-07-31", 
        "operating_revenue": 348001, 
        "short_term_average": 346599
    }, 
    {
        "accumulated_operating_revenue_yoy": 1.1130345859129416, 
        "accumulated_operating_revenue": 2594518, 
        "long_term_average": 329923, 
        "date": "2015-08-31", 
        "operating_revenue": 332122, 
        "short_term_average": 338842
    }
]