[
    {
        "date": "2011-09-30", 
        "operating_revenue": 269643, 
        "accumulated_operating_revenue": 269643, 
        "long_term_average": 269643, 
        "short_term_average": 269643
    }, 
    {
        "date": "2011-10-31", 
        "operating_revenue": 271738, 
        "accumulated_operating_revenue": 541381, 
        "long_term_average": 270690, 
        "short_term_average": 270690
    }, 
    {
        "date": "2011-11-30", 
        "operating_revenue": 247734, 
        "accumulated_operating_revenue": 789115, 
        "long_term_average": 263038, 
        "short_term_average": 263038
    }, 
    {
        "date": "2011-12-31", 
        "operating_revenue": 300565, 
        "accumulated_operating_revenue": 1089680, 
        "long_term_average": 272420, 
        "short_term_average": 273345
    }, 
    {
        "date": "2012-01-31", 
        "operating_revenue": 203669, 
        "accumulated_operating_revenue": 203669, 
        "long_term_average": 258669, 
        "short_term_average": 250656
    }, 
    {
        "date": "2012-02-29", 
        "operating_revenue": 220728, 
        "accumulated_operating_revenue": 424397, 
        "long_term_average": 252346, 
        "short_term_average": 241654
    }, 
    {
        "date": "2012-03-31", 
        "operating_revenue": 241444, 
        "accumulated_operating_revenue": 665841, 
        "long_term_average": 250788, 
        "short_term_average": 221947
    }, 
    {
        "date": "2012-04-30", 
        "operating_revenue": 173284, 
        "accumulated_operating_revenue": 839125, 
        "long_term_average": 241100, 
        "short_term_average": 211818
    }, 
    {
        "date": "2012-05-31", 
        "operating_revenue": 229536, 
        "accumulated_operating_revenue": 1068661, 
        "long_term_average": 239815, 
        "short_term_average": 214754
    }, 
    {
        "date": "2012-06-30", 
        "operating_revenue": 195597, 
        "accumulated_operating_revenue": 1264258, 
        "long_term_average": 235393, 
        "short_term_average": 199472
    }, 
    {
        "date": "2012-07-31", 
        "operating_revenue": 212805, 
        "accumulated_operating_revenue": 1477063, 
        "long_term_average": 233340, 
        "short_term_average": 212646
    }, 
    {
        "date": "2012-08-31", 
        "operating_revenue": 204256, 
        "accumulated_operating_revenue": 1681319, 
        "long_term_average": 230916, 
        "short_term_average": 204219
    }, 
    {
        "accumulated_operating_revenue_yoy": 603.0703559892154, 
        "accumulated_operating_revenue": 1895780, 
        "long_term_average": 226318, 
        "date": "2012-09-30", 
        "operating_revenue": 214461, 
        "short_term_average": 210507
    }, 
    {
        "accumulated_operating_revenue_yoy": 286.3611763249911, 
        "accumulated_operating_revenue": 2091686, 
        "long_term_average": 219998, 
        "date": "2012-10-31", 
        "operating_revenue": 195906, 
        "short_term_average": 204874
    }, 
    {
        "accumulated_operating_revenue_yoy": 190.77929072441913, 
        "accumulated_operating_revenue": 2294583, 
        "long_term_average": 216262, 
        "date": "2012-11-30", 
        "operating_revenue": 202897, 
        "short_term_average": 204421
    }, 
    {
        "accumulated_operating_revenue_yoy": 128.33051905146465, 
        "accumulated_operating_revenue": 2488072, 
        "long_term_average": 207339, 
        "date": "2012-12-31", 
        "operating_revenue": 193489, 
        "short_term_average": 197430
    }, 
    {
        "accumulated_operating_revenue_yoy": 6.274887194418395, 
        "accumulated_operating_revenue": 216449, 
        "long_term_average": 208404, 
        "date": "2013-01-31", 
        "operating_revenue": 216449, 
        "short_term_average": 204278
    }, 
    {
        "accumulated_operating_revenue_yoy": -14.264945322422165, 
        "accumulated_operating_revenue": 363857, 
        "long_term_average": 202294, 
        "date": "2013-02-28", 
        "operating_revenue": 147408, 
        "short_term_average": 185782
    }, 
    {
        "accumulated_operating_revenue_yoy": -17.24090285818987, 
        "accumulated_operating_revenue": 551044, 
        "long_term_average": 197772, 
        "date": "2013-03-31", 
        "operating_revenue": 187187, 
        "short_term_average": 183681
    }, 
    {
        "accumulated_operating_revenue_yoy": -7.048056010725458, 
        "accumulated_operating_revenue": 779983, 
        "long_term_average": 202410, 
        "date": "2013-04-30", 
        "operating_revenue": 228939, 
        "short_term_average": 187844
    }, 
    {
        "accumulated_operating_revenue_yoy": -6.407083256523818, 
        "accumulated_operating_revenue": 1000191, 
        "long_term_average": 201633, 
        "date": "2013-05-31", 
        "operating_revenue": 220208, 
        "short_term_average": 212111
    }, 
    {
        "accumulated_operating_revenue_yoy": -7.407032425343561, 
        "accumulated_operating_revenue": 1170614, 
        "long_term_average": 199535, 
        "date": "2013-06-30", 
        "operating_revenue": 170423, 
        "short_term_average": 206523
    }, 
    {
        "accumulated_operating_revenue_yoy": -5.637674222426532, 
        "accumulated_operating_revenue": 1393791, 
        "long_term_average": 200400, 
        "date": "2013-07-31", 
        "operating_revenue": 223177, 
        "short_term_average": 204602
    }, 
    {
        "accumulated_operating_revenue_yoy": -5.028492510939328, 
        "accumulated_operating_revenue": 1596774, 
        "long_term_average": 200293, 
        "date": "2013-08-31", 
        "operating_revenue": 202983, 
        "short_term_average": 198861
    }, 
    {
        "accumulated_operating_revenue_yoy": -5.436601293399023, 
        "accumulated_operating_revenue": 1792714, 
        "long_term_average": 198750, 
        "date": "2013-09-30", 
        "operating_revenue": 195940, 
        "short_term_average": 207366
    }, 
    {
        "accumulated_operating_revenue_yoy": -7.410003222280974, 
        "accumulated_operating_revenue": 1936692, 
        "long_term_average": 194423, 
        "date": "2013-10-31", 
        "operating_revenue": 143978, 
        "short_term_average": 180967
    }, 
    {
        "accumulated_operating_revenue_yoy": -6.144297242679825, 
        "accumulated_operating_revenue": 2153597, 
        "long_term_average": 195590, 
        "date": "2013-11-30", 
        "operating_revenue": 216905, 
        "short_term_average": 185607
    }, 
    {
        "accumulated_operating_revenue_yoy": -4.2769260696635785, 
        "accumulated_operating_revenue": 2381659, 
        "long_term_average": 198471, 
        "date": "2013-12-31", 
        "operating_revenue": 228062, 
        "short_term_average": 196315
    }, 
    {
        "accumulated_operating_revenue_yoy": 18.829377821103353, 
        "accumulated_operating_revenue": 257205, 
        "long_term_average": 201867, 
        "date": "2014-01-31", 
        "operating_revenue": 257205, 
        "short_term_average": 234057
    }, 
    {
        "accumulated_operating_revenue_yoy": 25.392942831936722, 
        "accumulated_operating_revenue": 456251, 
        "long_term_average": 206171, 
        "date": "2014-02-28", 
        "operating_revenue": 199046, 
        "short_term_average": 228104
    }, 
    {
        "accumulated_operating_revenue_yoy": 29.32651476107171, 
        "accumulated_operating_revenue": 712646, 
        "long_term_average": 211938, 
        "date": "2014-03-31", 
        "operating_revenue": 256395, 
        "short_term_average": 237548
    }, 
    {
        "accumulated_operating_revenue_yoy": 20.264031395556056, 
        "accumulated_operating_revenue": 938039, 
        "long_term_average": 211642, 
        "date": "2014-04-30", 
        "operating_revenue": 225393, 
        "short_term_average": 226944
    }, 
    {
        "accumulated_operating_revenue_yoy": 18.245115183000046, 
        "accumulated_operating_revenue": 1182677, 
        "long_term_average": 213678, 
        "date": "2014-05-31", 
        "operating_revenue": 244638, 
        "short_term_average": 242142
    }, 
    {
        "accumulated_operating_revenue_yoy": 23.654851214832558, 
        "accumulated_operating_revenue": 1447521, 
        "long_term_average": 221547, 
        "date": "2014-06-30", 
        "operating_revenue": 264844, 
        "short_term_average": 244958
    }, 
    {
        "accumulated_operating_revenue_yoy": 20.088521162785526, 
        "accumulated_operating_revenue": 1673783, 
        "long_term_average": 221804, 
        "date": "2014-07-31", 
        "operating_revenue": 226262, 
        "short_term_average": 245248
    }, 
    {
        "accumulated_operating_revenue_yoy": 17.681525375538428, 
        "accumulated_operating_revenue": 1879108, 
        "long_term_average": 221999, 
        "date": "2014-08-31", 
        "operating_revenue": 205325, 
        "short_term_average": 232143
    }, 
    {
        "accumulated_operating_revenue_yoy": 15.129853395466316, 
        "accumulated_operating_revenue": 2063949, 
        "long_term_average": 221074, 
        "date": "2014-09-30", 
        "operating_revenue": 184841, 
        "short_term_average": 205476
    }, 
    {
        "accumulated_operating_revenue_yoy": 15.793734884018729, 
        "accumulated_operating_revenue": 2242568, 
        "long_term_average": 223961, 
        "date": "2014-10-31", 
        "operating_revenue": 178619, 
        "short_term_average": 189595
    }, 
    {
        "accumulated_operating_revenue_yoy": 10.606348355797302, 
        "accumulated_operating_revenue": 2382015, 
        "long_term_average": 217506, 
        "date": "2014-11-30", 
        "operating_revenue": 139447, 
        "short_term_average": 167635
    }, 
    {
        "accumulated_operating_revenue_yoy": 8.096289183296182, 
        "accumulated_operating_revenue": 2574485, 
        "long_term_average": 214540, 
        "date": "2014-12-31", 
        "operating_revenue": 192470, 
        "short_term_average": 170178
    }, 
    {
        "accumulated_operating_revenue_yoy": -27.629322913629206, 
        "accumulated_operating_revenue": 186141, 
        "long_term_average": 208618, 
        "date": "2015-01-31", 
        "operating_revenue": 186141, 
        "short_term_average": 172686
    }, 
    {
        "accumulated_operating_revenue_yoy": -30.30196098200333, 
        "accumulated_operating_revenue": 317998, 
        "long_term_average": 203019, 
        "date": "2015-02-28", 
        "operating_revenue": 131857, 
        "short_term_average": 170156
    }, 
    {
        "accumulated_operating_revenue_yoy": -32.2837706238441, 
        "accumulated_operating_revenue": 482577, 
        "long_term_average": 195368, 
        "date": "2015-03-31", 
        "operating_revenue": 164579, 
        "short_term_average": 160859
    }, 
    {
        "accumulated_operating_revenue_yoy": -34.582144239205405, 
        "accumulated_operating_revenue": 613645, 
        "long_term_average": 187507, 
        "date": "2015-04-30", 
        "operating_revenue": 131068, 
        "short_term_average": 142501
    }, 
    {
        "accumulated_operating_revenue_yoy": -37.94121302773284, 
        "accumulated_operating_revenue": 733955, 
        "long_term_average": 177146, 
        "date": "2015-05-31", 
        "operating_revenue": 120310, 
        "short_term_average": 138652
    }, 
    {
        "accumulated_operating_revenue_yoy": -41.49031343932143, 
        "accumulated_operating_revenue": 846940, 
        "long_term_average": 164492, 
        "date": "2015-06-30", 
        "operating_revenue": 112985, 
        "short_term_average": 121454
    }, 
    {
        "accumulated_operating_revenue_yoy": -41.92496876835289, 
        "accumulated_operating_revenue": 972050, 
        "long_term_average": 156062, 
        "date": "2015-07-31", 
        "operating_revenue": 125110, 
        "short_term_average": 119468
    }, 
    {
        "accumulated_operating_revenue_yoy": -40.94852451269432, 
        "accumulated_operating_revenue": 1109641, 
        "long_term_average": 150418, 
        "date": "2015-08-31", 
        "operating_revenue": 137591, 
        "short_term_average": 125228
    }
]