[
    {
        "date": "2011-09-30", 
        "operating_revenue": 58278, 
        "accumulated_operating_revenue": 58278, 
        "long_term_average": 58278, 
        "short_term_average": 58278
    }, 
    {
        "date": "2011-10-31", 
        "operating_revenue": 40603, 
        "accumulated_operating_revenue": 98881, 
        "long_term_average": 49440, 
        "short_term_average": 49440
    }, 
    {
        "date": "2011-11-30", 
        "operating_revenue": 58988, 
        "accumulated_operating_revenue": 157869, 
        "long_term_average": 52623, 
        "short_term_average": 52623
    }, 
    {
        "date": "2011-12-31", 
        "operating_revenue": 53632, 
        "accumulated_operating_revenue": 211501, 
        "long_term_average": 52875, 
        "short_term_average": 51074
    }, 
    {
        "date": "2012-01-31", 
        "operating_revenue": 33348, 
        "accumulated_operating_revenue": 33348, 
        "long_term_average": 48969, 
        "short_term_average": 48656
    }, 
    {
        "date": "2012-02-29", 
        "operating_revenue": 43444, 
        "accumulated_operating_revenue": 76792, 
        "long_term_average": 48048, 
        "short_term_average": 43474
    }, 
    {
        "date": "2012-03-31", 
        "operating_revenue": 73323, 
        "accumulated_operating_revenue": 150115, 
        "long_term_average": 51659, 
        "short_term_average": 50038
    }, 
    {
        "date": "2012-04-30", 
        "operating_revenue": 61775, 
        "accumulated_operating_revenue": 211890, 
        "long_term_average": 52923, 
        "short_term_average": 59514
    }, 
    {
        "date": "2012-05-31", 
        "operating_revenue": 69184, 
        "accumulated_operating_revenue": 281074, 
        "long_term_average": 54730, 
        "short_term_average": 68094
    }, 
    {
        "date": "2012-06-30", 
        "operating_revenue": 57662, 
        "accumulated_operating_revenue": 338736, 
        "long_term_average": 55023, 
        "short_term_average": 62873
    }, 
    {
        "date": "2012-07-31", 
        "operating_revenue": 72458, 
        "accumulated_operating_revenue": 411194, 
        "long_term_average": 56608, 
        "short_term_average": 66434
    }, 
    {
        "date": "2012-08-31", 
        "operating_revenue": 64351, 
        "accumulated_operating_revenue": 475545, 
        "long_term_average": 57253, 
        "short_term_average": 64823
    }, 
    {
        "accumulated_operating_revenue_yoy": 818.2847729846598, 
        "accumulated_operating_revenue": 535158, 
        "long_term_average": 57365, 
        "date": "2012-09-30", 
        "operating_revenue": 59613, 
        "short_term_average": 65474
    }, 
    {
        "accumulated_operating_revenue_yoy": 493.5033019488071, 
        "accumulated_operating_revenue": 586862, 
        "long_term_average": 58290, 
        "date": "2012-10-31", 
        "operating_revenue": 51704, 
        "short_term_average": 58556
    }, 
    {
        "accumulated_operating_revenue_yoy": 304.28013099468546, 
        "accumulated_operating_revenue": 638233, 
        "long_term_average": 57655, 
        "date": "2012-11-30", 
        "operating_revenue": 51371, 
        "short_term_average": 54229
    }, 
    {
        "accumulated_operating_revenue_yoy": 228.06416990936214, 
        "accumulated_operating_revenue": 693859, 
        "long_term_average": 57821, 
        "date": "2012-12-31", 
        "operating_revenue": 55626, 
        "short_term_average": 52900
    }, 
    {
        "accumulated_operating_revenue_yoy": 52.7317980088761, 
        "accumulated_operating_revenue": 50933, 
        "long_term_average": 59287, 
        "date": "2013-01-31", 
        "operating_revenue": 50933, 
        "short_term_average": 52643
    }, 
    {
        "accumulated_operating_revenue_yoy": -10.340920929263465, 
        "accumulated_operating_revenue": 68851, 
        "long_term_average": 57159, 
        "date": "2013-02-28", 
        "operating_revenue": 17918, 
        "short_term_average": 41492
    }, 
    {
        "accumulated_operating_revenue_yoy": -15.86716850414682, 
        "accumulated_operating_revenue": 126296, 
        "long_term_average": 55836, 
        "date": "2013-03-31", 
        "operating_revenue": 57445, 
        "short_term_average": 42098
    }, 
    {
        "accumulated_operating_revenue_yoy": -6.726603426306102, 
        "accumulated_operating_revenue": 197637, 
        "long_term_average": 56633, 
        "date": "2013-04-30", 
        "operating_revenue": 71341, 
        "short_term_average": 48901
    }, 
    {
        "accumulated_operating_revenue_yoy": -3.1642912542604438, 
        "accumulated_operating_revenue": 272180, 
        "long_term_average": 57080, 
        "date": "2013-05-31", 
        "operating_revenue": 74543, 
        "short_term_average": 67776
    }, 
    {
        "accumulated_operating_revenue_yoy": -1.728484719663691, 
        "accumulated_operating_revenue": 332881, 
        "long_term_average": 57333, 
        "date": "2013-06-30", 
        "operating_revenue": 60701, 
        "short_term_average": 68861
    }, 
    {
        "accumulated_operating_revenue_yoy": -3.492998438693171, 
        "accumulated_operating_revenue": 396831, 
        "long_term_average": 56624, 
        "date": "2013-07-31", 
        "operating_revenue": 63950, 
        "short_term_average": 66398
    }, 
    {
        "accumulated_operating_revenue_yoy": -4.837186806716504, 
        "accumulated_operating_revenue": 452542, 
        "long_term_average": 55904, 
        "date": "2013-08-31", 
        "operating_revenue": 55711, 
        "short_term_average": 60120
    }, 
    {
        "accumulated_operating_revenue_yoy": -5.874339914567287, 
        "accumulated_operating_revenue": 503721, 
        "long_term_average": 55201, 
        "date": "2013-09-30", 
        "operating_revenue": 51179, 
        "short_term_average": 56946
    }, 
    {
        "accumulated_operating_revenue_yoy": -4.349744914477339, 
        "accumulated_operating_revenue": 561335, 
        "long_term_average": 55694, 
        "date": "2013-10-31", 
        "operating_revenue": 57614, 
        "short_term_average": 54834
    }, 
    {
        "accumulated_operating_revenue_yoy": -4.205674103344704, 
        "accumulated_operating_revenue": 611391, 
        "long_term_average": 55584, 
        "date": "2013-11-30", 
        "operating_revenue": 50056, 
        "short_term_average": 52949
    }, 
    {
        "accumulated_operating_revenue_yoy": -3.834064269541795, 
        "accumulated_operating_revenue": 667256, 
        "long_term_average": 55604, 
        "date": "2013-12-31", 
        "operating_revenue": 55865, 
        "short_term_average": 54511
    }, 
    {
        "accumulated_operating_revenue_yoy": 6.172815267115622, 
        "accumulated_operating_revenue": 54077, 
        "long_term_average": 55866, 
        "date": "2014-01-31", 
        "operating_revenue": 54077, 
        "short_term_average": 53332
    }, 
    {
        "accumulated_operating_revenue_yoy": 29.35033623331542, 
        "accumulated_operating_revenue": 89059, 
        "long_term_average": 57288, 
        "date": "2014-02-28", 
        "operating_revenue": 34982, 
        "short_term_average": 48308
    }, 
    {
        "accumulated_operating_revenue_yoy": 23.835275859884717, 
        "accumulated_operating_revenue": 156399, 
        "long_term_average": 58113, 
        "date": "2014-03-31", 
        "operating_revenue": 67340, 
        "short_term_average": 52133
    }, 
    {
        "accumulated_operating_revenue_yoy": 8.7893461244605, 
        "accumulated_operating_revenue": 215008, 
        "long_term_average": 57052, 
        "date": "2014-04-30", 
        "operating_revenue": 58609, 
        "short_term_average": 53643
    }, 
    {
        "accumulated_operating_revenue_yoy": 0.8464986406054817, 
        "accumulated_operating_revenue": 274484, 
        "long_term_average": 55796, 
        "date": "2014-05-31", 
        "operating_revenue": 59476, 
        "short_term_average": 61808
    }, 
    {
        "accumulated_operating_revenue_yoy": -1.1115083167858784, 
        "accumulated_operating_revenue": 329181, 
        "long_term_average": 55296, 
        "date": "2014-06-30", 
        "operating_revenue": 54697, 
        "short_term_average": 57594
    }, 
    {
        "accumulated_operating_revenue_yoy": -2.9236627178824235, 
        "accumulated_operating_revenue": 385229, 
        "long_term_average": 54637, 
        "date": "2014-07-31", 
        "operating_revenue": 56048, 
        "short_term_average": 56740
    }, 
    {
        "accumulated_operating_revenue_yoy": -1.672772913895285, 
        "accumulated_operating_revenue": 444972, 
        "long_term_average": 54973, 
        "date": "2014-08-31", 
        "operating_revenue": 59743, 
        "short_term_average": 56829
    }, 
    {
        "accumulated_operating_revenue_yoy": 0.053998145798964114, 
        "accumulated_operating_revenue": 503993, 
        "long_term_average": 55627, 
        "date": "2014-09-30", 
        "operating_revenue": 59021, 
        "short_term_average": 58270
    }, 
    {
        "accumulated_operating_revenue_yoy": -2.7757043476711765, 
        "accumulated_operating_revenue": 545754, 
        "long_term_average": 54306, 
        "date": "2014-10-31", 
        "operating_revenue": 41761, 
        "short_term_average": 53508
    }, 
    {
        "accumulated_operating_revenue_yoy": -2.615674748238034, 
        "accumulated_operating_revenue": 595399, 
        "long_term_average": 54272, 
        "date": "2014-11-30", 
        "operating_revenue": 49645, 
        "short_term_average": 50142
    }, 
    {
        "accumulated_operating_revenue_yoy": -2.8731101706091815, 
        "accumulated_operating_revenue": 648085, 
        "long_term_average": 54007, 
        "date": "2014-12-31", 
        "operating_revenue": 52686, 
        "short_term_average": 48030
    }, 
    {
        "accumulated_operating_revenue_yoy": -11.293156055254544, 
        "accumulated_operating_revenue": 47970, 
        "long_term_average": 53498, 
        "date": "2015-01-31", 
        "operating_revenue": 47970, 
        "short_term_average": 50100
    }, 
    {
        "accumulated_operating_revenue_yoy": -14.087290447905321, 
        "accumulated_operating_revenue": 76513, 
        "long_term_average": 52961, 
        "date": "2015-02-28", 
        "operating_revenue": 28543, 
        "short_term_average": 43066
    }, 
    {
        "accumulated_operating_revenue_yoy": -18.393979501147705, 
        "accumulated_operating_revenue": 127631, 
        "long_term_average": 51609, 
        "date": "2015-03-31", 
        "operating_revenue": 51118, 
        "short_term_average": 42543
    }, 
    {
        "accumulated_operating_revenue_yoy": -12.936262836731657, 
        "accumulated_operating_revenue": 187194, 
        "long_term_average": 51689, 
        "date": "2015-04-30", 
        "operating_revenue": 59563, 
        "short_term_average": 46408
    }, 
    {
        "accumulated_operating_revenue_yoy": -8.455501960041387, 
        "accumulated_operating_revenue": 251275, 
        "long_term_average": 52073, 
        "date": "2015-05-31", 
        "operating_revenue": 64081, 
        "short_term_average": 58254
    }, 
    {
        "accumulated_operating_revenue_yoy": -5.915894295235752, 
        "accumulated_operating_revenue": 309707, 
        "long_term_average": 52384, 
        "date": "2015-06-30", 
        "operating_revenue": 58432, 
        "short_term_average": 60692
    }, 
    {
        "accumulated_operating_revenue_yoy": -5.302560295304871, 
        "accumulated_operating_revenue": 364802, 
        "long_term_average": 52304, 
        "date": "2015-07-31", 
        "operating_revenue": 55095, 
        "short_term_average": 59202
    }, 
    {
        "accumulated_operating_revenue_yoy": -5.881718400258892, 
        "accumulated_operating_revenue": 418800, 
        "long_term_average": 51826, 
        "date": "2015-08-31", 
        "operating_revenue": 53998, 
        "short_term_average": 55841
    }
]