[
    {
        "date": "2011-09-30", 
        "operating_revenue": 192388, 
        "accumulated_operating_revenue": 192388, 
        "long_term_average": 192388, 
        "short_term_average": 192388
    }, 
    {
        "date": "2011-10-31", 
        "operating_revenue": 182577, 
        "accumulated_operating_revenue": 374965, 
        "long_term_average": 187482, 
        "short_term_average": 187482
    }, 
    {
        "date": "2011-11-30", 
        "operating_revenue": 199403, 
        "accumulated_operating_revenue": 574368, 
        "long_term_average": 191456, 
        "short_term_average": 191456
    }, 
    {
        "date": "2011-12-31", 
        "operating_revenue": 181850, 
        "accumulated_operating_revenue": 756218, 
        "long_term_average": 189054, 
        "short_term_average": 187943
    }, 
    {
        "date": "2012-01-31", 
        "operating_revenue": 170374, 
        "accumulated_operating_revenue": 170374, 
        "long_term_average": 185318, 
        "short_term_average": 183875
    }, 
    {
        "date": "2012-02-29", 
        "operating_revenue": 161471, 
        "accumulated_operating_revenue": 331845, 
        "long_term_average": 181343, 
        "short_term_average": 171231
    }, 
    {
        "date": "2012-03-31", 
        "operating_revenue": 204685, 
        "accumulated_operating_revenue": 536530, 
        "long_term_average": 184678, 
        "short_term_average": 178843
    }, 
    {
        "date": "2012-04-30", 
        "operating_revenue": 230964, 
        "accumulated_operating_revenue": 767494, 
        "long_term_average": 190464, 
        "short_term_average": 199040
    }, 
    {
        "date": "2012-05-31", 
        "operating_revenue": 204500, 
        "accumulated_operating_revenue": 971994, 
        "long_term_average": 192023, 
        "short_term_average": 213383
    }, 
    {
        "date": "2012-06-30", 
        "operating_revenue": 210607, 
        "accumulated_operating_revenue": 1182601, 
        "long_term_average": 193881, 
        "short_term_average": 215357
    }, 
    {
        "date": "2012-07-31", 
        "operating_revenue": 204806, 
        "accumulated_operating_revenue": 1387407, 
        "long_term_average": 194875, 
        "short_term_average": 206637
    }, 
    {
        "date": "2012-08-31", 
        "operating_revenue": 229277, 
        "accumulated_operating_revenue": 1616684, 
        "long_term_average": 197741, 
        "short_term_average": 214896
    }, 
    {
        "accumulated_operating_revenue_yoy": 854.7877206478574, 
        "accumulated_operating_revenue": 1836897, 
        "long_term_average": 200060, 
        "date": "2012-09-30", 
        "operating_revenue": 220213, 
        "short_term_average": 218098
    }, 
    {
        "accumulated_operating_revenue_yoy": 443.0712199805315, 
        "accumulated_operating_revenue": 2036327, 
        "long_term_average": 201465, 
        "date": "2012-10-31", 
        "operating_revenue": 199430, 
        "short_term_average": 216306
    }, 
    {
        "accumulated_operating_revenue_yoy": 291.64821159953203, 
        "accumulated_operating_revenue": 2249502, 
        "long_term_average": 202612, 
        "date": "2012-11-30", 
        "operating_revenue": 213175, 
        "short_term_average": 210939
    }, 
    {
        "accumulated_operating_revenue_yoy": 219.93605018658639, 
        "accumulated_operating_revenue": 2419414, 
        "long_term_average": 201617, 
        "date": "2012-12-31", 
        "operating_revenue": 169912, 
        "short_term_average": 194172
    }, 
    {
        "accumulated_operating_revenue_yoy": 30.921384718325566, 
        "accumulated_operating_revenue": 223056, 
        "long_term_average": 206008, 
        "date": "2013-01-31", 
        "operating_revenue": 223056, 
        "short_term_average": 202047
    }, 
    {
        "accumulated_operating_revenue_yoy": 11.003028522352302, 
        "accumulated_operating_revenue": 368358, 
        "long_term_average": 204660, 
        "date": "2013-02-28", 
        "operating_revenue": 145302, 
        "short_term_average": 179423
    }, 
    {
        "accumulated_operating_revenue_yoy": 5.8637914002944855, 
        "accumulated_operating_revenue": 567991, 
        "long_term_average": 204239, 
        "date": "2013-03-31", 
        "operating_revenue": 199633, 
        "short_term_average": 189330
    }, 
    {
        "accumulated_operating_revenue_yoy": 2.3098551910503535, 
        "accumulated_operating_revenue": 785222, 
        "long_term_average": 203095, 
        "date": "2013-04-30", 
        "operating_revenue": 217231, 
        "short_term_average": 187388
    }, 
    {
        "accumulated_operating_revenue_yoy": 1.8664724267845274, 
        "accumulated_operating_revenue": 990136, 
        "long_term_average": 203129, 
        "date": "2013-05-31", 
        "operating_revenue": 204914, 
        "short_term_average": 207259
    }, 
    {
        "accumulated_operating_revenue_yoy": -1.1370698993151538, 
        "accumulated_operating_revenue": 1169154, 
        "long_term_average": 200497, 
        "date": "2013-06-30", 
        "operating_revenue": 179018, 
        "short_term_average": 200387
    }, 
    {
        "accumulated_operating_revenue_yoy": -1.391732923359908, 
        "accumulated_operating_revenue": 1368098, 
        "long_term_average": 200008, 
        "date": "2013-07-31", 
        "operating_revenue": 198944, 
        "short_term_average": 194292
    }, 
    {
        "accumulated_operating_revenue_yoy": -2.2900579210284757, 
        "accumulated_operating_revenue": 1579661, 
        "long_term_average": 198532, 
        "date": "2013-08-31", 
        "operating_revenue": 211563, 
        "short_term_average": 196508
    }, 
    {
        "accumulated_operating_revenue_yoy": -2.784097311934202, 
        "accumulated_operating_revenue": 1785756, 
        "long_term_average": 197356, 
        "date": "2013-09-30", 
        "operating_revenue": 206095, 
        "short_term_average": 205534
    }, 
    {
        "accumulated_operating_revenue_yoy": -3.211812248229287, 
        "accumulated_operating_revenue": 1970924, 
        "long_term_average": 196167, 
        "date": "2013-10-31", 
        "operating_revenue": 185168, 
        "short_term_average": 200942
    }, 
    {
        "accumulated_operating_revenue_yoy": -4.473123384642467, 
        "accumulated_operating_revenue": 2148879, 
        "long_term_average": 193232, 
        "date": "2013-11-30", 
        "operating_revenue": 177955, 
        "short_term_average": 189739
    }, 
    {
        "accumulated_operating_revenue_yoy": -3.7330527144176235, 
        "accumulated_operating_revenue": 2329096, 
        "long_term_average": 194091, 
        "date": "2013-12-31", 
        "operating_revenue": 180217, 
        "short_term_average": 181113
    }, 
    {
        "accumulated_operating_revenue_yoy": -10.044114482461804, 
        "accumulated_operating_revenue": 200652, 
        "long_term_average": 192224, 
        "date": "2014-01-31", 
        "operating_revenue": 200652, 
        "short_term_average": 186274
    }, 
    {
        "accumulated_operating_revenue_yoy": -7.499226296157542, 
        "accumulated_operating_revenue": 340734, 
        "long_term_average": 191789, 
        "date": "2014-02-28", 
        "operating_revenue": 140082, 
        "short_term_average": 173650
    }, 
    {
        "accumulated_operating_revenue_yoy": -0.6890954258078034, 
        "accumulated_operating_revenue": 564077, 
        "long_term_average": 193765, 
        "date": "2014-03-31", 
        "operating_revenue": 223343, 
        "short_term_average": 188025
    }, 
    {
        "accumulated_operating_revenue_yoy": 5.151154705293535, 
        "accumulated_operating_revenue": 825670, 
        "long_term_average": 197462, 
        "date": "2014-04-30", 
        "operating_revenue": 261593, 
        "short_term_average": 208339
    }, 
    {
        "accumulated_operating_revenue_yoy": 7.534823498994078, 
        "accumulated_operating_revenue": 1064741, 
        "long_term_average": 200308, 
        "date": "2014-05-31", 
        "operating_revenue": 239071, 
        "short_term_average": 241335
    }, 
    {
        "accumulated_operating_revenue_yoy": 7.556660628112293, 
        "accumulated_operating_revenue": 1257503, 
        "long_term_average": 201453, 
        "date": "2014-06-30", 
        "operating_revenue": 192762, 
        "short_term_average": 231142
    }, 
    {
        "accumulated_operating_revenue_yoy": 6.9272815251539, 
        "accumulated_operating_revenue": 1462870, 
        "long_term_average": 201989, 
        "date": "2014-07-31", 
        "operating_revenue": 205367, 
        "short_term_average": 212400
    }, 
    {
        "accumulated_operating_revenue_yoy": 5.123694260983844, 
        "accumulated_operating_revenue": 1660598, 
        "long_term_average": 200836, 
        "date": "2014-08-31", 
        "operating_revenue": 197728, 
        "short_term_average": 198619
    }, 
    {
        "accumulated_operating_revenue_yoy": 5.364450686431965, 
        "accumulated_operating_revenue": 1881552, 
        "long_term_average": 202074, 
        "date": "2014-09-30", 
        "operating_revenue": 220954, 
        "short_term_average": 208016
    }, 
    {
        "accumulated_operating_revenue_yoy": 7.421189249306416, 
        "accumulated_operating_revenue": 2117190, 
        "long_term_average": 206280, 
        "date": "2014-10-31", 
        "operating_revenue": 235638, 
        "short_term_average": 218106
    }, 
    {
        "accumulated_operating_revenue_yoy": 8.19752996795073, 
        "accumulated_operating_revenue": 2325034, 
        "long_term_average": 208770, 
        "date": "2014-11-30", 
        "operating_revenue": 207844, 
        "short_term_average": 221478
    }, 
    {
        "accumulated_operating_revenue_yoy": 8.6932440740957, 
        "accumulated_operating_revenue": 2531570, 
        "long_term_average": 210964, 
        "date": "2014-12-31", 
        "operating_revenue": 206536, 
        "short_term_average": 216672
    }, 
    {
        "accumulated_operating_revenue_yoy": 16.361162609891753, 
        "accumulated_operating_revenue": 233481, 
        "long_term_average": 213699, 
        "date": "2015-01-31", 
        "operating_revenue": 233481, 
        "short_term_average": 215953
    }, 
    {
        "accumulated_operating_revenue_yoy": 15.863400775971872, 
        "accumulated_operating_revenue": 394786, 
        "long_term_average": 215468, 
        "date": "2015-02-28", 
        "operating_revenue": 161305, 
        "short_term_average": 200440
    }, 
    {
        "accumulated_operating_revenue_yoy": 3.024232507264079, 
        "accumulated_operating_revenue": 581136, 
        "long_term_average": 212385, 
        "date": "2015-03-31", 
        "operating_revenue": 186350, 
        "short_term_average": 193712
    }, 
    {
        "accumulated_operating_revenue_yoy": -6.351690142550898, 
        "accumulated_operating_revenue": 773226, 
        "long_term_average": 206593, 
        "date": "2015-04-30", 
        "operating_revenue": 192090, 
        "short_term_average": 179915
    }, 
    {
        "accumulated_operating_revenue_yoy": -10.159559930537098, 
        "accumulated_operating_revenue": 956568, 
        "long_term_average": 201949, 
        "date": "2015-05-31", 
        "operating_revenue": 183342, 
        "short_term_average": 187260
    }, 
    {
        "accumulated_operating_revenue_yoy": -11.390907218511606, 
        "accumulated_operating_revenue": 1114262, 
        "long_term_average": 199027, 
        "date": "2015-06-30", 
        "operating_revenue": 157694, 
        "short_term_average": 177708
    }, 
    {
        "accumulated_operating_revenue_yoy": -11.304558846650762, 
        "accumulated_operating_revenue": 1297499, 
        "long_term_average": 197183, 
        "date": "2015-07-31", 
        "operating_revenue": 183237, 
        "short_term_average": 174757
    }, 
    {
        "accumulated_operating_revenue_yoy": -10.517235357383305, 
        "accumulated_operating_revenue": 1485949, 
        "long_term_average": 196410, 
        "date": "2015-08-31", 
        "operating_revenue": 188450, 
        "short_term_average": 176460
    }, 
    {
        "accumulated_operating_revenue_yoy": -11.450812945908485, 
        "accumulated_operating_revenue": 1666099, 
        "long_term_average": 193009, 
        "date": "2015-09-30", 
        "operating_revenue": 180150, 
        "short_term_average": 183945
    }, 
    {
        "accumulated_operating_revenue_yoy": -12.806880818443314, 
        "accumulated_operating_revenue": 1846044, 
        "long_term_average": 188368, 
        "date": "2015-10-31", 
        "operating_revenue": 179945, 
        "short_term_average": 182848
    }
]