[
    {
        "date": "2012-01-31", 
        "operating_revenue": 237041, 
        "accumulated_operating_revenue": 237041, 
        "long_term_average": 237041, 
        "short_term_average": 237041
    }, 
    {
        "date": "2012-02-29", 
        "operating_revenue": 286694, 
        "accumulated_operating_revenue": 523735, 
        "long_term_average": 261867, 
        "short_term_average": 261867
    }, 
    {
        "date": "2012-03-31", 
        "operating_revenue": 308087, 
        "accumulated_operating_revenue": 831822, 
        "long_term_average": 277274, 
        "short_term_average": 277274
    }, 
    {
        "date": "2012-04-30", 
        "operating_revenue": 310403, 
        "accumulated_operating_revenue": 1142225, 
        "long_term_average": 285556, 
        "short_term_average": 301728
    }, 
    {
        "date": "2012-05-31", 
        "operating_revenue": 327984, 
        "accumulated_operating_revenue": 1470209, 
        "long_term_average": 294041, 
        "short_term_average": 315491
    }, 
    {
        "date": "2012-06-30", 
        "operating_revenue": 297281, 
        "accumulated_operating_revenue": 1767490, 
        "long_term_average": 294581, 
        "short_term_average": 311889
    }, 
    {
        "date": "2012-07-31", 
        "operating_revenue": 292615, 
        "accumulated_operating_revenue": 2060105, 
        "long_term_average": 294300, 
        "short_term_average": 305960
    }, 
    {
        "date": "2012-08-31", 
        "operating_revenue": 317512, 
        "accumulated_operating_revenue": 2377617, 
        "long_term_average": 297202, 
        "short_term_average": 302469
    }, 
    {
        "date": "2012-09-30", 
        "operating_revenue": 290407, 
        "accumulated_operating_revenue": 2668024, 
        "long_term_average": 296447, 
        "short_term_average": 300178
    }, 
    {
        "date": "2012-10-31", 
        "operating_revenue": 291281, 
        "accumulated_operating_revenue": 2959305, 
        "long_term_average": 295930, 
        "short_term_average": 299733
    }, 
    {
        "date": "2012-11-30", 
        "operating_revenue": 295317, 
        "accumulated_operating_revenue": 3254622, 
        "long_term_average": 295874, 
        "short_term_average": 292335
    }, 
    {
        "date": "2012-12-31", 
        "operating_revenue": 323272, 
        "accumulated_operating_revenue": 3577894, 
        "long_term_average": 298157, 
        "short_term_average": 303290
    }, 
    {
        "accumulated_operating_revenue_yoy": 51.02914685645099, 
        "accumulated_operating_revenue": 358001, 
        "long_term_average": 308237, 
        "date": "2013-01-31", 
        "operating_revenue": 358001, 
        "short_term_average": 325530
    }, 
    {
        "accumulated_operating_revenue_yoy": 21.842725805989673, 
        "accumulated_operating_revenue": 638133, 
        "long_term_average": 307691, 
        "date": "2013-02-28", 
        "operating_revenue": 280132, 
        "short_term_average": 320468
    }, 
    {
        "accumulated_operating_revenue_yoy": 14.72129854704492, 
        "accumulated_operating_revenue": 954277, 
        "long_term_average": 308362, 
        "date": "2013-03-31", 
        "operating_revenue": 316144, 
        "short_term_average": 318092
    }, 
    {
        "accumulated_operating_revenue_yoy": 13.636892906388844, 
        "accumulated_operating_revenue": 1297989, 
        "long_term_average": 311138, 
        "date": "2013-04-30", 
        "operating_revenue": 343712, 
        "short_term_average": 313329
    }, 
    {
        "accumulated_operating_revenue_yoy": 12.518016146003733, 
        "accumulated_operating_revenue": 1654250, 
        "long_term_average": 313494, 
        "date": "2013-05-31", 
        "operating_revenue": 356261, 
        "short_term_average": 338705
    }, 
    {
        "accumulated_operating_revenue_yoy": 14.514424409756208, 
        "accumulated_operating_revenue": 2024031, 
        "long_term_average": 319536, 
        "date": "2013-06-30", 
        "operating_revenue": 369781, 
        "short_term_average": 356584
    }, 
    {
        "accumulated_operating_revenue_yoy": 13.586006538501676, 
        "accumulated_operating_revenue": 2339991, 
        "long_term_average": 321481, 
        "date": "2013-07-31", 
        "operating_revenue": 315960, 
        "short_term_average": 347334
    }, 
    {
        "accumulated_operating_revenue_yoy": 13.301048907372381, 
        "accumulated_operating_revenue": 2693865, 
        "long_term_average": 324511, 
        "date": "2013-08-31", 
        "operating_revenue": 353874, 
        "short_term_average": 346538
    }, 
    {
        "accumulated_operating_revenue_yoy": 15.215867623379701, 
        "accumulated_operating_revenue": 3073987, 
        "long_term_average": 331988, 
        "date": "2013-09-30", 
        "operating_revenue": 380122, 
        "short_term_average": 349985
    }, 
    {
        "accumulated_operating_revenue_yoy": 15.16207352739917, 
        "accumulated_operating_revenue": 3407997, 
        "long_term_average": 335548, 
        "date": "2013-10-31", 
        "operating_revenue": 334010, 
        "short_term_average": 356002
    }, 
    {
        "accumulated_operating_revenue_yoy": 14.943578701305405, 
        "accumulated_operating_revenue": 3740979, 
        "long_term_average": 338687, 
        "date": "2013-11-30", 
        "operating_revenue": 332982, 
        "short_term_average": 349038
    }, 
    {
        "accumulated_operating_revenue_yoy": 13.637994865135747, 
        "accumulated_operating_revenue": 4065847, 
        "long_term_average": 338820, 
        "date": "2013-12-31", 
        "operating_revenue": 324868, 
        "short_term_average": 330620
    }, 
    {
        "accumulated_operating_revenue_yoy": -10.525110265055124, 
        "accumulated_operating_revenue": 320321, 
        "long_term_average": 335680, 
        "date": "2014-01-31", 
        "operating_revenue": 320321, 
        "short_term_average": 326057
    }, 
    {
        "accumulated_operating_revenue_yoy": 0.20434611593507937, 
        "accumulated_operating_revenue": 639437, 
        "long_term_average": 338929, 
        "date": "2014-02-28", 
        "operating_revenue": 319116, 
        "short_term_average": 321435
    }, 
    {
        "accumulated_operating_revenue_yoy": 4.091474488015534, 
        "accumulated_operating_revenue": 993321, 
        "long_term_average": 342074, 
        "date": "2014-03-31", 
        "operating_revenue": 353884, 
        "short_term_average": 331107
    }, 
    {
        "accumulated_operating_revenue_yoy": 5.721466052485806, 
        "accumulated_operating_revenue": 1372253, 
        "long_term_average": 345009, 
        "date": "2014-04-30", 
        "operating_revenue": 378932, 
        "short_term_average": 350644
    }, 
    {
        "accumulated_operating_revenue_yoy": 7.20828169865498, 
        "accumulated_operating_revenue": 1773493, 
        "long_term_average": 348757, 
        "date": "2014-05-31", 
        "operating_revenue": 401240, 
        "short_term_average": 378018
    }, 
    {
        "accumulated_operating_revenue_yoy": 7.798645376478917, 
        "accumulated_operating_revenue": 2181878, 
        "long_term_average": 351974, 
        "date": "2014-06-30", 
        "operating_revenue": 408385, 
        "short_term_average": 396185
    }, 
    {
        "accumulated_operating_revenue_yoy": 11.1700856969108, 
        "accumulated_operating_revenue": 2601370, 
        "long_term_average": 360602, 
        "date": "2014-07-31", 
        "operating_revenue": 419492, 
        "short_term_average": 409705
    }, 
    {
        "accumulated_operating_revenue_yoy": 13.294058907925974, 
        "accumulated_operating_revenue": 3051989, 
        "long_term_average": 368664, 
        "date": "2014-08-31", 
        "operating_revenue": 450619, 
        "short_term_average": 426165
    }, 
    {
        "accumulated_operating_revenue_yoy": 13.897293645028427, 
        "accumulated_operating_revenue": 3501188, 
        "long_term_average": 374420, 
        "date": "2014-09-30", 
        "operating_revenue": 449199, 
        "short_term_average": 439770
    }, 
    {
        "accumulated_operating_revenue_yoy": 15.662191017186927, 
        "accumulated_operating_revenue": 3941764, 
        "long_term_average": 383301, 
        "date": "2014-10-31", 
        "operating_revenue": 440576, 
        "short_term_average": 446798
    }, 
    {
        "accumulated_operating_revenue_yoy": 16.099823067705003, 
        "accumulated_operating_revenue": 4343270, 
        "long_term_average": 389011, 
        "date": "2014-11-30", 
        "operating_revenue": 401506, 
        "short_term_average": 430427
    }, 
    {
        "accumulated_operating_revenue_yoy": 16.80100111981587, 
        "accumulated_operating_revenue": 4748950, 
        "long_term_average": 395745, 
        "date": "2014-12-31", 
        "operating_revenue": 405680, 
        "short_term_average": 415920
    }, 
    {
        "accumulated_operating_revenue_yoy": 26.984493679777472, 
        "accumulated_operating_revenue": 406758, 
        "long_term_average": 402948, 
        "date": "2015-01-31", 
        "operating_revenue": 406758, 
        "short_term_average": 404648
    }, 
    {
        "accumulated_operating_revenue_yoy": 14.242059811990861, 
        "accumulated_operating_revenue": 730506, 
        "long_term_average": 403334, 
        "date": "2015-02-28", 
        "operating_revenue": 323748, 
        "short_term_average": 378728
    }, 
    {
        "accumulated_operating_revenue_yoy": 18.58432470470271, 
        "accumulated_operating_revenue": 1177923, 
        "long_term_average": 411129, 
        "date": "2015-03-31", 
        "operating_revenue": 447417, 
        "short_term_average": 392641
    }, 
    {
        "accumulated_operating_revenue_yoy": 16.987027902289157, 
        "accumulated_operating_revenue": 1605358, 
        "long_term_average": 415171, 
        "date": "2015-04-30", 
        "operating_revenue": 427435, 
        "short_term_average": 399533
    }, 
    {
        "accumulated_operating_revenue_yoy": 19.004473093494028, 
        "accumulated_operating_revenue": 2110536, 
        "long_term_average": 423832, 
        "date": "2015-05-31", 
        "operating_revenue": 505178, 
        "short_term_average": 460010
    }, 
    {
        "accumulated_operating_revenue_yoy": 18.05389668899911, 
        "accumulated_operating_revenue": 2575792, 
        "long_term_average": 428572, 
        "date": "2015-06-30", 
        "operating_revenue": 465256, 
        "short_term_average": 465956
    }, 
    {
        "accumulated_operating_revenue_yoy": 16.661682113655495, 
        "accumulated_operating_revenue": 3034802, 
        "long_term_average": 431865, 
        "date": "2015-07-31", 
        "operating_revenue": 459010, 
        "short_term_average": 476481
    }, 
    {
        "accumulated_operating_revenue_yoy": 12.73002622224392, 
        "accumulated_operating_revenue": 3440508, 
        "long_term_average": 428122, 
        "date": "2015-08-31", 
        "operating_revenue": 405706, 
        "short_term_average": 443324
    }
]