[
    {
        "date": "2011-09-30", 
        "operating_revenue": 150900, 
        "accumulated_operating_revenue": 150900, 
        "long_term_average": 150900, 
        "short_term_average": 150900
    }, 
    {
        "date": "2011-10-31", 
        "operating_revenue": 135982, 
        "accumulated_operating_revenue": 286882, 
        "long_term_average": 143441, 
        "short_term_average": 143441
    }, 
    {
        "date": "2011-11-30", 
        "operating_revenue": 114592, 
        "accumulated_operating_revenue": 401474, 
        "long_term_average": 133824, 
        "short_term_average": 133824
    }, 
    {
        "date": "2011-12-31", 
        "operating_revenue": 160461, 
        "accumulated_operating_revenue": 561935, 
        "long_term_average": 140483, 
        "short_term_average": 137011
    }, 
    {
        "date": "2012-01-31", 
        "operating_revenue": 121118, 
        "accumulated_operating_revenue": 121118, 
        "long_term_average": 136610, 
        "short_term_average": 132057
    }, 
    {
        "date": "2012-02-29", 
        "operating_revenue": 154462, 
        "accumulated_operating_revenue": 275580, 
        "long_term_average": 139585, 
        "short_term_average": 145347
    }, 
    {
        "date": "2012-03-31", 
        "operating_revenue": 199896, 
        "accumulated_operating_revenue": 475476, 
        "long_term_average": 148201, 
        "short_term_average": 158492
    }, 
    {
        "date": "2012-04-30", 
        "operating_revenue": 202082, 
        "accumulated_operating_revenue": 677558, 
        "long_term_average": 154936, 
        "short_term_average": 185480
    }, 
    {
        "date": "2012-05-31", 
        "operating_revenue": 194896, 
        "accumulated_operating_revenue": 872454, 
        "long_term_average": 159376, 
        "short_term_average": 198958
    }, 
    {
        "date": "2012-06-30", 
        "operating_revenue": 211132, 
        "accumulated_operating_revenue": 1083586, 
        "long_term_average": 164552, 
        "short_term_average": 202703
    }, 
    {
        "date": "2012-07-31", 
        "operating_revenue": 270462, 
        "accumulated_operating_revenue": 1354048, 
        "long_term_average": 174180, 
        "short_term_average": 225496
    }, 
    {
        "date": "2012-08-31", 
        "operating_revenue": 216737, 
        "accumulated_operating_revenue": 1570785, 
        "long_term_average": 177726, 
        "short_term_average": 232777
    }, 
    {
        "accumulated_operating_revenue_yoy": 1047.230616302187, 
        "accumulated_operating_revenue": 1731171, 
        "long_term_average": 178517, 
        "date": "2012-09-30", 
        "operating_revenue": 160386, 
        "short_term_average": 215861
    }, 
    {
        "accumulated_operating_revenue_yoy": 559.4680042665626, 
        "accumulated_operating_revenue": 1891895, 
        "long_term_average": 180579, 
        "date": "2012-10-31", 
        "operating_revenue": 160724, 
        "short_term_average": 179282
    }, 
    {
        "accumulated_operating_revenue_yoy": 407.7016195320245, 
        "accumulated_operating_revenue": 2038290, 
        "long_term_average": 183229, 
        "date": "2012-11-30", 
        "operating_revenue": 146395, 
        "short_term_average": 155835
    }, 
    {
        "accumulated_operating_revenue_yoy": 289.7445434080454, 
        "accumulated_operating_revenue": 2190111, 
        "long_term_average": 182509, 
        "date": "2012-12-31", 
        "operating_revenue": 151821, 
        "short_term_average": 152980
    }, 
    {
        "accumulated_operating_revenue_yoy": 37.128255090077445, 
        "accumulated_operating_revenue": 166087, 
        "long_term_average": 186256, 
        "date": "2013-01-31", 
        "operating_revenue": 166087, 
        "short_term_average": 154767
    }, 
    {
        "accumulated_operating_revenue_yoy": 19.621525509833802, 
        "accumulated_operating_revenue": 329653, 
        "long_term_average": 187015, 
        "date": "2013-02-28", 
        "operating_revenue": 163566, 
        "short_term_average": 160491
    }, 
    {
        "accumulated_operating_revenue_yoy": 2.699820811145042, 
        "accumulated_operating_revenue": 488313, 
        "long_term_average": 183579, 
        "date": "2013-03-31", 
        "operating_revenue": 158660, 
        "short_term_average": 162771
    }, 
    {
        "accumulated_operating_revenue_yoy": -1.785529799662907, 
        "accumulated_operating_revenue": 665460, 
        "long_term_average": 181501, 
        "date": "2013-04-30", 
        "operating_revenue": 177147, 
        "short_term_average": 166457
    }, 
    {
        "accumulated_operating_revenue_yoy": -2.819059801433657, 
        "accumulated_operating_revenue": 847859, 
        "long_term_average": 180459, 
        "date": "2013-05-31", 
        "operating_revenue": 182399, 
        "short_term_average": 172735
    }, 
    {
        "accumulated_operating_revenue_yoy": -8.0745782983538, 
        "accumulated_operating_revenue": 996091, 
        "long_term_average": 175218, 
        "date": "2013-06-30", 
        "operating_revenue": 148232, 
        "short_term_average": 169259
    }, 
    {
        "accumulated_operating_revenue_yoy": -13.140154558774874, 
        "accumulated_operating_revenue": 1176124, 
        "long_term_average": 167682, 
        "date": "2013-07-31", 
        "operating_revenue": 180033, 
        "short_term_average": 170221
    }, 
    {
        "accumulated_operating_revenue_yoy": -12.602743214380071, 
        "accumulated_operating_revenue": 1372823, 
        "long_term_average": 166012, 
        "date": "2013-08-31", 
        "operating_revenue": 196699, 
        "short_term_average": 174988
    }, 
    {
        "accumulated_operating_revenue_yoy": -11.589207536401661, 
        "accumulated_operating_revenue": 1530542, 
        "long_term_average": 165790, 
        "date": "2013-09-30", 
        "operating_revenue": 157719, 
        "short_term_average": 178150
    }, 
    {
        "accumulated_operating_revenue_yoy": -12.785117567306854, 
        "accumulated_operating_revenue": 1650014, 
        "long_term_average": 162352, 
        "date": "2013-10-31", 
        "operating_revenue": 119472, 
        "short_term_average": 157963
    }, 
    {
        "accumulated_operating_revenue_yoy": -13.154850389296909, 
        "accumulated_operating_revenue": 1770156, 
        "long_term_average": 160164, 
        "date": "2013-11-30", 
        "operating_revenue": 120142, 
        "short_term_average": 132444
    }, 
    {
        "accumulated_operating_revenue_yoy": -12.892862507882022, 
        "accumulated_operating_revenue": 1907743, 
        "long_term_average": 158978, 
        "date": "2013-12-31", 
        "operating_revenue": 137587, 
        "short_term_average": 125733
    }, 
    {
        "accumulated_operating_revenue_yoy": -30.147452840980932, 
        "accumulated_operating_revenue": 116016, 
        "long_term_average": 154806, 
        "date": "2014-01-31", 
        "operating_revenue": 116016, 
        "short_term_average": 124581
    }, 
    {
        "accumulated_operating_revenue_yoy": -30.75051645214817, 
        "accumulated_operating_revenue": 228283, 
        "long_term_average": 150531, 
        "date": "2014-02-28", 
        "operating_revenue": 112267, 
        "short_term_average": 121956
    }, 
    {
        "accumulated_operating_revenue_yoy": -21.24620888651336, 
        "accumulated_operating_revenue": 384565, 
        "long_term_average": 150332, 
        "date": "2014-03-31", 
        "operating_revenue": 156282, 
        "short_term_average": 128188
    }, 
    {
        "accumulated_operating_revenue_yoy": -25.440747753433712, 
        "accumulated_operating_revenue": 496162, 
        "long_term_average": 144870, 
        "date": "2014-04-30", 
        "operating_revenue": 111597, 
        "short_term_average": 126715
    }, 
    {
        "accumulated_operating_revenue_yoy": -25.49185654690226, 
        "accumulated_operating_revenue": 631724, 
        "long_term_average": 140967, 
        "date": "2014-05-31", 
        "operating_revenue": 135562, 
        "short_term_average": 134480
    }, 
    {
        "accumulated_operating_revenue_yoy": -21.097670795138196, 
        "accumulated_operating_revenue": 785939, 
        "long_term_average": 141465, 
        "date": "2014-06-30", 
        "operating_revenue": 154215, 
        "short_term_average": 133791
    }, 
    {
        "accumulated_operating_revenue_yoy": -20.99948644870779, 
        "accumulated_operating_revenue": 929144, 
        "long_term_average": 138396, 
        "date": "2014-07-31", 
        "operating_revenue": 143205, 
        "short_term_average": 144327
    }, 
    {
        "accumulated_operating_revenue_yoy": -20.87588858869643, 
        "accumulated_operating_revenue": 1086234, 
        "long_term_average": 135096, 
        "date": "2014-08-31", 
        "operating_revenue": 157090, 
        "short_term_average": 151503
    }, 
    {
        "accumulated_operating_revenue_yoy": -16.404384851902137, 
        "accumulated_operating_revenue": 1279466, 
        "long_term_average": 138055, 
        "date": "2014-09-30", 
        "operating_revenue": 193232, 
        "short_term_average": 164509
    }, 
    {
        "accumulated_operating_revenue_yoy": -11.722324780274592, 
        "accumulated_operating_revenue": 1456594, 
        "long_term_average": 142860, 
        "date": "2014-10-31", 
        "operating_revenue": 177128, 
        "short_term_average": 175816
    }, 
    {
        "accumulated_operating_revenue_yoy": -6.355711022079411, 
        "accumulated_operating_revenue": 1657650, 
        "long_term_average": 149603, 
        "date": "2014-11-30", 
        "operating_revenue": 201056, 
        "short_term_average": 190472
    }, 
    {
        "accumulated_operating_revenue_yoy": 1.792589463046123, 
        "accumulated_operating_revenue": 1941941, 
        "long_term_average": 161828, 
        "date": "2014-12-31", 
        "operating_revenue": 284291, 
        "short_term_average": 220825
    }, 
    {
        "accumulated_operating_revenue_yoy": 70.38598124396634, 
        "accumulated_operating_revenue": 197675, 
        "long_term_average": 168633, 
        "date": "2015-01-31", 
        "operating_revenue": 197675, 
        "short_term_average": 227674
    }, 
    {
        "accumulated_operating_revenue_yoy": 47.263703385709846, 
        "accumulated_operating_revenue": 336178, 
        "long_term_average": 170819, 
        "date": "2015-02-28", 
        "operating_revenue": 138503, 
        "short_term_average": 206823
    }, 
    {
        "accumulated_operating_revenue_yoy": 28.358795002145282, 
        "accumulated_operating_revenue": 493623, 
        "long_term_average": 170916, 
        "date": "2015-03-31", 
        "operating_revenue": 157445, 
        "short_term_average": 164541
    }, 
    {
        "accumulated_operating_revenue_yoy": 38.75629330742781, 
        "accumulated_operating_revenue": 688456, 
        "long_term_average": 177852, 
        "date": "2015-04-30", 
        "operating_revenue": 194833, 
        "short_term_average": 163593
    }, 
    {
        "accumulated_operating_revenue_yoy": 32.29068390626286, 
        "accumulated_operating_revenue": 835712, 
        "long_term_average": 178827, 
        "date": "2015-05-31", 
        "operating_revenue": 147256, 
        "short_term_average": 166511
    }, 
    {
        "accumulated_operating_revenue_yoy": 28.857964803884272, 
        "accumulated_operating_revenue": 1012745, 
        "long_term_average": 180728, 
        "date": "2015-06-30", 
        "operating_revenue": 177033, 
        "short_term_average": 173040
    }, 
    {
        "accumulated_operating_revenue_yoy": 28.395598529399102, 
        "accumulated_operating_revenue": 1192980, 
        "long_term_average": 183814, 
        "date": "2015-07-31", 
        "operating_revenue": 180235, 
        "short_term_average": 168174
    }, 
    {
        "accumulated_operating_revenue_yoy": 26.358408961604958, 
        "accumulated_operating_revenue": 1372548, 
        "long_term_average": 185687, 
        "date": "2015-08-31", 
        "operating_revenue": 179568, 
        "short_term_average": 178945
    }, 
    {
        "accumulated_operating_revenue_yoy": 20.179277917506212, 
        "accumulated_operating_revenue": 1537653, 
        "long_term_average": 183344, 
        "date": "2015-09-30", 
        "operating_revenue": 165105, 
        "short_term_average": 174969
    }
]