[
    {
        "date": "2011-09-30", 
        "operating_revenue": 175094, 
        "accumulated_operating_revenue": 175094, 
        "long_term_average": 175094, 
        "short_term_average": 175094
    }, 
    {
        "date": "2011-10-31", 
        "operating_revenue": 140345, 
        "accumulated_operating_revenue": 315439, 
        "long_term_average": 157719, 
        "short_term_average": 157719
    }, 
    {
        "date": "2011-11-30", 
        "operating_revenue": 164549, 
        "accumulated_operating_revenue": 479988, 
        "long_term_average": 159996, 
        "short_term_average": 159996
    }, 
    {
        "date": "2011-12-31", 
        "operating_revenue": 126936, 
        "accumulated_operating_revenue": 606924, 
        "long_term_average": 151731, 
        "short_term_average": 143943
    }, 
    {
        "date": "2012-01-31", 
        "operating_revenue": 87434, 
        "accumulated_operating_revenue": 87434, 
        "long_term_average": 138871, 
        "short_term_average": 126306
    }, 
    {
        "date": "2012-02-29", 
        "operating_revenue": 84072, 
        "accumulated_operating_revenue": 171506, 
        "long_term_average": 129738, 
        "short_term_average": 99480
    }, 
    {
        "date": "2012-03-31", 
        "operating_revenue": 95757, 
        "accumulated_operating_revenue": 267263, 
        "long_term_average": 124883, 
        "short_term_average": 89087
    }, 
    {
        "date": "2012-04-30", 
        "operating_revenue": 92924, 
        "accumulated_operating_revenue": 360187, 
        "long_term_average": 120888, 
        "short_term_average": 90917
    }, 
    {
        "date": "2012-05-31", 
        "operating_revenue": 91299, 
        "accumulated_operating_revenue": 451486, 
        "long_term_average": 117601, 
        "short_term_average": 93326
    }, 
    {
        "date": "2012-06-30", 
        "operating_revenue": 113484, 
        "accumulated_operating_revenue": 564970, 
        "long_term_average": 117189, 
        "short_term_average": 99235
    }, 
    {
        "date": "2012-07-31", 
        "operating_revenue": 86360, 
        "accumulated_operating_revenue": 651330, 
        "long_term_average": 114386, 
        "short_term_average": 97047
    }, 
    {
        "date": "2012-08-31", 
        "operating_revenue": 109816, 
        "accumulated_operating_revenue": 761146, 
        "long_term_average": 114005, 
        "short_term_average": 103220
    }, 
    {
        "accumulated_operating_revenue_yoy": 410.1653968725371, 
        "accumulated_operating_revenue": 893269, 
        "long_term_average": 110424, 
        "date": "2012-09-30", 
        "operating_revenue": 132123, 
        "short_term_average": 109433
    }, 
    {
        "accumulated_operating_revenue_yoy": 218.67334096291202, 
        "accumulated_operating_revenue": 1005220, 
        "long_term_average": 108058, 
        "date": "2012-10-31", 
        "operating_revenue": 111951, 
        "short_term_average": 117963
    }, 
    {
        "accumulated_operating_revenue_yoy": 130.1728376542747, 
        "accumulated_operating_revenue": 1104802, 
        "long_term_average": 102644, 
        "date": "2012-11-30", 
        "operating_revenue": 99582, 
        "short_term_average": 114552
    }, 
    {
        "accumulated_operating_revenue_yoy": 107.53850564485833, 
        "accumulated_operating_revenue": 1259601, 
        "long_term_average": 104966, 
        "date": "2012-12-31", 
        "operating_revenue": 154799, 
        "short_term_average": 122110
    }, 
    {
        "accumulated_operating_revenue_yoy": 18.123384495733923, 
        "accumulated_operating_revenue": 103280, 
        "long_term_average": 106287, 
        "date": "2013-01-31", 
        "operating_revenue": 103280, 
        "short_term_average": 119220
    }, 
    {
        "accumulated_operating_revenue_yoy": -3.180646741221881, 
        "accumulated_operating_revenue": 166051, 
        "long_term_average": 104512, 
        "date": "2013-02-28", 
        "operating_revenue": 62771, 
        "short_term_average": 106950
    }, 
    {
        "accumulated_operating_revenue_yoy": 4.198111972102386, 
        "accumulated_operating_revenue": 278483, 
        "long_term_average": 105901, 
        "date": "2013-03-31", 
        "operating_revenue": 112432, 
        "short_term_average": 92827
    }, 
    {
        "accumulated_operating_revenue_yoy": 3.9063042253051883, 
        "accumulated_operating_revenue": 374257, 
        "long_term_average": 106139, 
        "date": "2013-04-30", 
        "operating_revenue": 95774, 
        "short_term_average": 90325
    }, 
    {
        "accumulated_operating_revenue_yoy": 6.848495855906939, 
        "accumulated_operating_revenue": 482406, 
        "long_term_average": 107543, 
        "date": "2013-05-31", 
        "operating_revenue": 108149, 
        "short_term_average": 105451
    }, 
    {
        "accumulated_operating_revenue_yoy": 8.325220808184506, 
        "accumulated_operating_revenue": 612005, 
        "long_term_average": 108886, 
        "date": "2013-06-30", 
        "operating_revenue": 129599, 
        "short_term_average": 111174
    }, 
    {
        "accumulated_operating_revenue_yoy": 16.79041346168609, 
        "accumulated_operating_revenue": 760691, 
        "long_term_average": 114080, 
        "date": "2013-07-31", 
        "operating_revenue": 148686, 
        "short_term_average": 128811
    }, 
    {
        "accumulated_operating_revenue_yoy": 13.347636327327479, 
        "accumulated_operating_revenue": 862741, 
        "long_term_average": 113433, 
        "date": "2013-08-31", 
        "operating_revenue": 102050, 
        "short_term_average": 126778
    }, 
    {
        "accumulated_operating_revenue_yoy": 11.252153606584354, 
        "accumulated_operating_revenue": 993781, 
        "long_term_average": 113342, 
        "date": "2013-09-30", 
        "operating_revenue": 131040, 
        "short_term_average": 127258
    }, 
    {
        "accumulated_operating_revenue_yoy": 9.491852529794473, 
        "accumulated_operating_revenue": 1100634, 
        "long_term_average": 112917, 
        "date": "2013-10-31", 
        "operating_revenue": 106853, 
        "short_term_average": 113314
    }, 
    {
        "accumulated_operating_revenue_yoy": 12.547135142767662, 
        "accumulated_operating_revenue": 1243423, 
        "long_term_average": 116518, 
        "date": "2013-11-30", 
        "operating_revenue": 142789, 
        "short_term_average": 126894
    }, 
    {
        "accumulated_operating_revenue_yoy": 7.4559324738548165, 
        "accumulated_operating_revenue": 1353516, 
        "long_term_average": 112793, 
        "date": "2013-12-31", 
        "operating_revenue": 110093, 
        "short_term_average": 119911
    }, 
    {
        "accumulated_operating_revenue_yoy": -1.6072811773818745, 
        "accumulated_operating_revenue": 101620, 
        "long_term_average": 112654, 
        "date": "2014-01-31", 
        "operating_revenue": 101620, 
        "short_term_average": 118167
    }, 
    {
        "accumulated_operating_revenue_yoy": 20.986323478931173, 
        "accumulated_operating_revenue": 200899, 
        "long_term_average": 115697, 
        "date": "2014-02-28", 
        "operating_revenue": 99279, 
        "short_term_average": 103664
    }, 
    {
        "accumulated_operating_revenue_yoy": 16.12055313968896, 
        "accumulated_operating_revenue": 323376, 
        "long_term_average": 116534, 
        "date": "2014-03-31", 
        "operating_revenue": 122477, 
        "short_term_average": 107792
    }, 
    {
        "accumulated_operating_revenue_yoy": 23.50710875147292, 
        "accumulated_operating_revenue": 462234, 
        "long_term_average": 120124, 
        "date": "2014-04-30", 
        "operating_revenue": 138858, 
        "short_term_average": 120204
    }, 
    {
        "accumulated_operating_revenue_yoy": 17.21019224470674, 
        "accumulated_operating_revenue": 565429, 
        "long_term_average": 119711, 
        "date": "2014-05-31", 
        "operating_revenue": 103195, 
        "short_term_average": 121510
    }, 
    {
        "accumulated_operating_revenue_yoy": 10.755140889371818, 
        "accumulated_operating_revenue": 677827, 
        "long_term_average": 118278, 
        "date": "2014-06-30", 
        "operating_revenue": 112398, 
        "short_term_average": 118150
    }, 
    {
        "accumulated_operating_revenue_yoy": 4.545866850008743, 
        "accumulated_operating_revenue": 795271, 
        "long_term_average": 115674, 
        "date": "2014-07-31", 
        "operating_revenue": 117444, 
        "short_term_average": 111012
    }, 
    {
        "accumulated_operating_revenue_yoy": 6.4413305963203324, 
        "accumulated_operating_revenue": 918313, 
        "long_term_average": 117424, 
        "date": "2014-08-31", 
        "operating_revenue": 123042, 
        "short_term_average": 117628
    }, 
    {
        "accumulated_operating_revenue_yoy": 4.739072290575087, 
        "accumulated_operating_revenue": 1040877, 
        "long_term_average": 116717, 
        "date": "2014-09-30", 
        "operating_revenue": 122564, 
        "short_term_average": 121016
    }, 
    {
        "accumulated_operating_revenue_yoy": 7.868464902955933, 
        "accumulated_operating_revenue": 1187237, 
        "long_term_average": 120009, 
        "date": "2014-10-31", 
        "operating_revenue": 146360, 
        "short_term_average": 130655
    }, 
    {
        "accumulated_operating_revenue_yoy": 4.481821552279474, 
        "accumulated_operating_revenue": 1299151, 
        "long_term_average": 117437, 
        "date": "2014-11-30", 
        "operating_revenue": 111914, 
        "short_term_average": 126946
    }, 
    {
        "accumulated_operating_revenue_yoy": 3.938187653489135, 
        "accumulated_operating_revenue": 1406820, 
        "long_term_average": 117235, 
        "date": "2014-12-31", 
        "operating_revenue": 107669, 
        "short_term_average": 121981
    }, 
    {
        "accumulated_operating_revenue_yoy": 8.93524896673883, 
        "accumulated_operating_revenue": 110700, 
        "long_term_average": 117991, 
        "date": "2015-01-31", 
        "operating_revenue": 110700, 
        "short_term_average": 110094
    }, 
    {
        "accumulated_operating_revenue_yoy": -2.1299259827077286, 
        "accumulated_operating_revenue": 196620, 
        "long_term_average": 116878, 
        "date": "2015-02-28", 
        "operating_revenue": 85920, 
        "short_term_average": 101429
    }, 
    {
        "accumulated_operating_revenue_yoy": -6.259277126317351, 
        "accumulated_operating_revenue": 303135, 
        "long_term_average": 115548, 
        "date": "2015-03-31", 
        "operating_revenue": 106515, 
        "short_term_average": 101045
    }, 
    {
        "accumulated_operating_revenue_yoy": -9.824028522350153, 
        "accumulated_operating_revenue": 416824, 
        "long_term_average": 113450, 
        "date": "2015-04-30", 
        "operating_revenue": 113689, 
        "short_term_average": 102041
    }, 
    {
        "accumulated_operating_revenue_yoy": -6.3116677779172985, 
        "accumulated_operating_revenue": 529741, 
        "long_term_average": 114261, 
        "date": "2015-05-31", 
        "operating_revenue": 112917, 
        "short_term_average": 111040
    }, 
    {
        "accumulated_operating_revenue_yoy": -6.884942618101669, 
        "accumulated_operating_revenue": 631159, 
        "long_term_average": 113346, 
        "date": "2015-06-30", 
        "operating_revenue": 101418, 
        "short_term_average": 109341
    }, 
    {
        "accumulated_operating_revenue_yoy": -6.09339457870336, 
        "accumulated_operating_revenue": 746812, 
        "long_term_average": 113196, 
        "date": "2015-07-31", 
        "operating_revenue": 115653, 
        "short_term_average": 109996
    }, 
    {
        "accumulated_operating_revenue_yoy": -8.36087477798964, 
        "accumulated_operating_revenue": 841534, 
        "long_term_average": 110836, 
        "date": "2015-08-31", 
        "operating_revenue": 94722, 
        "short_term_average": 103931
    }, 
    {
        "accumulated_operating_revenue_yoy": -7.737321508689307, 
        "accumulated_operating_revenue": 960341, 
        "long_term_average": 110523, 
        "date": "2015-09-30", 
        "operating_revenue": 118807, 
        "short_term_average": 109727
    }
]