[
    {
        "date": "2011-09-30", 
        "operating_revenue": 574431, 
        "accumulated_operating_revenue": 574431, 
        "long_term_average": 574431, 
        "short_term_average": 574431
    }, 
    {
        "date": "2011-10-31", 
        "operating_revenue": 651393, 
        "accumulated_operating_revenue": 1225824, 
        "long_term_average": 612912, 
        "short_term_average": 612912
    }, 
    {
        "date": "2011-11-30", 
        "operating_revenue": 603439, 
        "accumulated_operating_revenue": 1829263, 
        "long_term_average": 609754, 
        "short_term_average": 609754
    }, 
    {
        "date": "2011-12-31", 
        "operating_revenue": 578371, 
        "accumulated_operating_revenue": 2407634, 
        "long_term_average": 601908, 
        "short_term_average": 611067
    }, 
    {
        "date": "2012-01-31", 
        "operating_revenue": 321733, 
        "accumulated_operating_revenue": 321733, 
        "long_term_average": 545873, 
        "short_term_average": 501181
    }, 
    {
        "date": "2012-02-29", 
        "operating_revenue": 469200, 
        "accumulated_operating_revenue": 790933, 
        "long_term_average": 533094, 
        "short_term_average": 456434
    }, 
    {
        "date": "2012-03-31", 
        "operating_revenue": 600084, 
        "accumulated_operating_revenue": 1391017, 
        "long_term_average": 542664, 
        "short_term_average": 463672
    }, 
    {
        "date": "2012-04-30", 
        "operating_revenue": 582047, 
        "accumulated_operating_revenue": 1973064, 
        "long_term_average": 547587, 
        "short_term_average": 550443
    }, 
    {
        "date": "2012-05-31", 
        "operating_revenue": 597573, 
        "accumulated_operating_revenue": 2570637, 
        "long_term_average": 553141, 
        "short_term_average": 593234
    }, 
    {
        "date": "2012-06-30", 
        "operating_revenue": 584789, 
        "accumulated_operating_revenue": 3155426, 
        "long_term_average": 556306, 
        "short_term_average": 588136
    }, 
    {
        "date": "2012-07-31", 
        "operating_revenue": 656632, 
        "accumulated_operating_revenue": 3812058, 
        "long_term_average": 565426, 
        "short_term_average": 612998
    }, 
    {
        "date": "2012-08-31", 
        "operating_revenue": 683223, 
        "accumulated_operating_revenue": 4495281, 
        "long_term_average": 575242, 
        "short_term_average": 641548
    }, 
    {
        "accumulated_operating_revenue_yoy": 812.9220045575535, 
        "accumulated_operating_revenue": 5244107, 
        "long_term_average": 589775, 
        "date": "2012-09-30", 
        "operating_revenue": 748826, 
        "short_term_average": 696227
    }, 
    {
        "accumulated_operating_revenue_yoy": 377.24387840342496, 
        "accumulated_operating_revenue": 5850170, 
        "long_term_average": 585998, 
        "date": "2012-10-31", 
        "operating_revenue": 606063, 
        "short_term_average": 679370
    }, 
    {
        "accumulated_operating_revenue_yoy": 246.5044118860984, 
        "accumulated_operating_revenue": 6338477, 
        "long_term_average": 576404, 
        "date": "2012-11-30", 
        "operating_revenue": 488307, 
        "short_term_average": 614398
    }, 
    {
        "accumulated_operating_revenue_yoy": 180.0939428501176, 
        "accumulated_operating_revenue": 6743637, 
        "long_term_average": 561969, 
        "date": "2012-12-31", 
        "operating_revenue": 405160, 
        "short_term_average": 499843
    }, 
    {
        "accumulated_operating_revenue_yoy": 51.0805543727252, 
        "accumulated_operating_revenue": 486076, 
        "long_term_average": 575665, 
        "date": "2013-01-31", 
        "operating_revenue": 486076, 
        "short_term_average": 459847
    }, 
    {
        "accumulated_operating_revenue_yoy": -5.557107871336763, 
        "accumulated_operating_revenue": 746980, 
        "long_term_average": 558307, 
        "date": "2013-02-28", 
        "operating_revenue": 260904, 
        "short_term_average": 384046
    }, 
    {
        "accumulated_operating_revenue_yoy": -15.677162824034502, 
        "accumulated_operating_revenue": 1172945, 
        "long_term_average": 543797, 
        "date": "2013-03-31", 
        "operating_revenue": 425965, 
        "short_term_average": 390981
    }, 
    {
        "accumulated_operating_revenue_yoy": -18.471220396297333, 
        "accumulated_operating_revenue": 1608615, 
        "long_term_average": 531599, 
        "date": "2013-04-30", 
        "operating_revenue": 435670, 
        "short_term_average": 374179
    }, 
    {
        "accumulated_operating_revenue_yoy": -18.137566680943284, 
        "accumulated_operating_revenue": 2104386, 
        "long_term_average": 523115, 
        "date": "2013-05-31", 
        "operating_revenue": 495771, 
        "short_term_average": 452468
    }, 
    {
        "accumulated_operating_revenue_yoy": -19.114059401171186, 
        "accumulated_operating_revenue": 2552296, 
        "long_term_average": 511708, 
        "date": "2013-06-30", 
        "operating_revenue": 447910, 
        "short_term_average": 459783
    }, 
    {
        "accumulated_operating_revenue_yoy": -19.797101723006314, 
        "accumulated_operating_revenue": 3057381, 
        "long_term_average": 499080, 
        "date": "2013-07-31", 
        "operating_revenue": 505085, 
        "short_term_average": 482922
    }, 
    {
        "accumulated_operating_revenue_yoy": -21.090405694327004, 
        "accumulated_operating_revenue": 3547208, 
        "long_term_average": 482963, 
        "date": "2013-08-31", 
        "operating_revenue": 489827, 
        "short_term_average": 480940
    }, 
    {
        "accumulated_operating_revenue_yoy": -23.267755596901434, 
        "accumulated_operating_revenue": 4023921, 
        "long_term_average": 460287, 
        "date": "2013-09-30", 
        "operating_revenue": 476713, 
        "short_term_average": 490541
    }, 
    {
        "accumulated_operating_revenue_yoy": -22.454390214301466, 
        "accumulated_operating_revenue": 4536550, 
        "long_term_average": 452501, 
        "date": "2013-10-31", 
        "operating_revenue": 512629, 
        "short_term_average": 493056
    }, 
    {
        "accumulated_operating_revenue_yoy": -20.965052014860984, 
        "accumulated_operating_revenue": 5009612, 
        "long_term_average": 451231, 
        "date": "2013-11-30", 
        "operating_revenue": 473062, 
        "short_term_average": 487468
    }, 
    {
        "accumulated_operating_revenue_yoy": -19.551764129652884, 
        "accumulated_operating_revenue": 5425137, 
        "long_term_average": 452094, 
        "date": "2013-12-31", 
        "operating_revenue": 415525, 
        "short_term_average": 467072
    }, 
    {
        "accumulated_operating_revenue_yoy": -23.19575539627548, 
        "accumulated_operating_revenue": 373327, 
        "long_term_average": 442699, 
        "date": "2014-01-31", 
        "operating_revenue": 373327, 
        "short_term_average": 420638
    }, 
    {
        "accumulated_operating_revenue_yoy": -12.379180165466277, 
        "accumulated_operating_revenue": 654510, 
        "long_term_average": 444388, 
        "date": "2014-02-28", 
        "operating_revenue": 281183, 
        "short_term_average": 356678
    }, 
    {
        "accumulated_operating_revenue_yoy": -10.776038092152659, 
        "accumulated_operating_revenue": 1046548, 
        "long_term_average": 441561, 
        "date": "2014-03-31", 
        "operating_revenue": 392038, 
        "short_term_average": 348849
    }, 
    {
        "accumulated_operating_revenue_yoy": -11.493738402290168, 
        "accumulated_operating_revenue": 1423725, 
        "long_term_average": 436687, 
        "date": "2014-04-30", 
        "operating_revenue": 377177, 
        "short_term_average": 350132
    }, 
    {
        "accumulated_operating_revenue_yoy": -14.999244435193923, 
        "accumulated_operating_revenue": 1788744, 
        "long_term_average": 425791, 
        "date": "2014-05-31", 
        "operating_revenue": 365019, 
        "short_term_average": 378078
    }, 
    {
        "accumulated_operating_revenue_yoy": -15.626557421239543, 
        "accumulated_operating_revenue": 2153460, 
        "long_term_average": 418858, 
        "date": "2014-06-30", 
        "operating_revenue": 364716, 
        "short_term_average": 368970
    }, 
    {
        "accumulated_operating_revenue_yoy": -16.859462396083448, 
        "accumulated_operating_revenue": 2541923, 
        "long_term_average": 409139, 
        "date": "2014-07-31", 
        "operating_revenue": 388463, 
        "short_term_average": 372732
    }, 
    {
        "accumulated_operating_revenue_yoy": -18.144805717623548, 
        "accumulated_operating_revenue": 2903574, 
        "long_term_average": 398458, 
        "date": "2014-08-31", 
        "operating_revenue": 361651, 
        "short_term_average": 371610
    }, 
    {
        "accumulated_operating_revenue_yoy": -18.39775184453174, 
        "accumulated_operating_revenue": 3283610, 
        "long_term_average": 390402, 
        "date": "2014-09-30", 
        "operating_revenue": 380036, 
        "short_term_average": 376716
    }, 
    {
        "accumulated_operating_revenue_yoy": -20.524319141197605, 
        "accumulated_operating_revenue": 3605454, 
        "long_term_average": 374503, 
        "date": "2014-10-31", 
        "operating_revenue": 321844, 
        "short_term_average": 354510
    }, 
    {
        "accumulated_operating_revenue_yoy": -21.258352942303716, 
        "accumulated_operating_revenue": 3944651, 
        "long_term_average": 363348, 
        "date": "2014-11-30", 
        "operating_revenue": 339197, 
        "short_term_average": 347025
    }, 
    {
        "accumulated_operating_revenue_yoy": -21.328677967026454, 
        "accumulated_operating_revenue": 4268027, 
        "long_term_average": 355668, 
        "date": "2014-12-31", 
        "operating_revenue": 323376, 
        "short_term_average": 328139
    }, 
    {
        "accumulated_operating_revenue_yoy": -2.9226388661950513, 
        "accumulated_operating_revenue": 362416, 
        "long_term_average": 354759, 
        "date": "2015-01-31", 
        "operating_revenue": 362416, 
        "short_term_average": 341663
    }, 
    {
        "accumulated_operating_revenue_yoy": -8.115536813799636, 
        "accumulated_operating_revenue": 601393, 
        "long_term_average": 351242, 
        "date": "2015-02-28", 
        "operating_revenue": 238977, 
        "short_term_average": 308256
    }, 
    {
        "accumulated_operating_revenue_yoy": -9.692436467319226, 
        "accumulated_operating_revenue": 945112, 
        "long_term_average": 347215, 
        "date": "2015-03-31", 
        "operating_revenue": 343719, 
        "short_term_average": 315037
    }, 
    {
        "accumulated_operating_revenue_yoy": -9.225096138650372, 
        "accumulated_operating_revenue": 1292385, 
        "long_term_average": 344723, 
        "date": "2015-04-30", 
        "operating_revenue": 347273, 
        "short_term_average": 309989
    }, 
    {
        "accumulated_operating_revenue_yoy": -9.712122025287016, 
        "accumulated_operating_revenue": 1615019, 
        "long_term_average": 341191, 
        "date": "2015-05-31", 
        "operating_revenue": 322634, 
        "short_term_average": 337875
    }, 
    {
        "accumulated_operating_revenue_yoy": -8.519498853008646, 
        "accumulated_operating_revenue": 1969996, 
        "long_term_average": 340380, 
        "date": "2015-06-30", 
        "operating_revenue": 354977, 
        "short_term_average": 341628
    }, 
    {
        "accumulated_operating_revenue_yoy": -7.04289626397023, 
        "accumulated_operating_revenue": 2362898, 
        "long_term_average": 340750, 
        "date": "2015-07-31", 
        "operating_revenue": 392902, 
        "short_term_average": 356837
    }, 
    {
        "accumulated_operating_revenue_yoy": -5.616664152523752, 
        "accumulated_operating_revenue": 2740490, 
        "long_term_average": 342078, 
        "date": "2015-08-31", 
        "operating_revenue": 377592, 
        "short_term_average": 375157
    }, 
    {
        "accumulated_operating_revenue_yoy": -4.719774881913503, 
        "accumulated_operating_revenue": 3128631, 
        "long_term_average": 342754, 
        "date": "2015-09-30", 
        "operating_revenue": 388141, 
        "short_term_average": 386211
    }
]