[
    {
        "date": "2012-01-31", 
        "operating_revenue": 70328, 
        "accumulated_operating_revenue": 70328, 
        "long_term_average": 70328, 
        "short_term_average": 70328
    }, 
    {
        "date": "2012-02-29", 
        "operating_revenue": 81363, 
        "accumulated_operating_revenue": 151691, 
        "long_term_average": 75845, 
        "short_term_average": 75845
    }, 
    {
        "date": "2012-03-31", 
        "operating_revenue": 101750, 
        "accumulated_operating_revenue": 253441, 
        "long_term_average": 84480, 
        "short_term_average": 84480
    }, 
    {
        "date": "2012-04-30", 
        "operating_revenue": 99705, 
        "accumulated_operating_revenue": 353146, 
        "long_term_average": 88286, 
        "short_term_average": 94272
    }, 
    {
        "date": "2012-05-31", 
        "operating_revenue": 113464, 
        "accumulated_operating_revenue": 466610, 
        "long_term_average": 93322, 
        "short_term_average": 104973
    }, 
    {
        "date": "2012-06-30", 
        "operating_revenue": 87839, 
        "accumulated_operating_revenue": 554449, 
        "long_term_average": 92408, 
        "short_term_average": 100336
    }, 
    {
        "date": "2012-07-31", 
        "operating_revenue": 97986, 
        "accumulated_operating_revenue": 652435, 
        "long_term_average": 93205, 
        "short_term_average": 99763
    }, 
    {
        "date": "2012-08-31", 
        "operating_revenue": 89408, 
        "accumulated_operating_revenue": 741843, 
        "long_term_average": 92730, 
        "short_term_average": 91744
    }, 
    {
        "date": "2012-09-30", 
        "operating_revenue": 72982, 
        "accumulated_operating_revenue": 814825, 
        "long_term_average": 90536, 
        "short_term_average": 86792
    }, 
    {
        "date": "2012-10-31", 
        "operating_revenue": 81923, 
        "accumulated_operating_revenue": 896748, 
        "long_term_average": 89674, 
        "short_term_average": 81437
    }, 
    {
        "date": "2012-11-30", 
        "operating_revenue": 78141, 
        "accumulated_operating_revenue": 974889, 
        "long_term_average": 88626, 
        "short_term_average": 77682
    }, 
    {
        "date": "2012-12-31", 
        "operating_revenue": 60235, 
        "accumulated_operating_revenue": 1035124, 
        "long_term_average": 86260, 
        "short_term_average": 73433
    }, 
    {
        "accumulated_operating_revenue_yoy": 42.76248435900353, 
        "accumulated_operating_revenue": 100402, 
        "long_term_average": 88766, 
        "date": "2013-01-31", 
        "operating_revenue": 100402, 
        "short_term_average": 79592
    }, 
    {
        "accumulated_operating_revenue_yoy": 1.672478920964329, 
        "accumulated_operating_revenue": 154228, 
        "long_term_average": 86471, 
        "date": "2013-02-28", 
        "operating_revenue": 53826, 
        "short_term_average": 71487
    }, 
    {
        "accumulated_operating_revenue_yoy": 1.0329820352665906, 
        "accumulated_operating_revenue": 256059, 
        "long_term_average": 86478, 
        "date": "2013-03-31", 
        "operating_revenue": 101831, 
        "short_term_average": 85353
    }, 
    {
        "accumulated_operating_revenue_yoy": -0.6864016582376694, 
        "accumulated_operating_revenue": 350722, 
        "long_term_average": 86058, 
        "date": "2013-04-30", 
        "operating_revenue": 94663, 
        "short_term_average": 83440
    }, 
    {
        "accumulated_operating_revenue_yoy": -4.799511369237694, 
        "accumulated_operating_revenue": 444215, 
        "long_term_average": 84394, 
        "date": "2013-05-31", 
        "operating_revenue": 93493, 
        "short_term_average": 96662
    }, 
    {
        "accumulated_operating_revenue_yoy": -8.551733342471534, 
        "accumulated_operating_revenue": 507034, 
        "long_term_average": 82309, 
        "date": "2013-06-30", 
        "operating_revenue": 62819, 
        "short_term_average": 83658
    }, 
    {
        "accumulated_operating_revenue_yoy": -9.071708292780125, 
        "accumulated_operating_revenue": 593248, 
        "long_term_average": 81328, 
        "date": "2013-07-31", 
        "operating_revenue": 86214, 
        "short_term_average": 80842
    }, 
    {
        "accumulated_operating_revenue_yoy": -9.074831197436655, 
        "accumulated_operating_revenue": 674522, 
        "long_term_average": 80650, 
        "date": "2013-08-31", 
        "operating_revenue": 81274, 
        "short_term_average": 76769
    }, 
    {
        "accumulated_operating_revenue_yoy": -8.560488448439848, 
        "accumulated_operating_revenue": 745072, 
        "long_term_average": 80447, 
        "date": "2013-09-30", 
        "operating_revenue": 70550, 
        "short_term_average": 79346
    }, 
    {
        "accumulated_operating_revenue_yoy": -8.044065891421, 
        "accumulated_operating_revenue": 824613, 
        "long_term_average": 80249, 
        "date": "2013-10-31", 
        "operating_revenue": 79541, 
        "short_term_average": 77121
    }, 
    {
        "accumulated_operating_revenue_yoy": -6.190038045356959, 
        "accumulated_operating_revenue": 914543, 
        "long_term_average": 81231, 
        "date": "2013-11-30", 
        "operating_revenue": 89930, 
        "short_term_average": 80007
    }, 
    {
        "accumulated_operating_revenue_yoy": -3.6411096641561786, 
        "accumulated_operating_revenue": 997434, 
        "long_term_average": 83119, 
        "date": "2013-12-31", 
        "operating_revenue": 82891, 
        "short_term_average": 84120
    }, 
    {
        "accumulated_operating_revenue_yoy": -20.62409115356268, 
        "accumulated_operating_revenue": 79695, 
        "long_term_average": 81393, 
        "date": "2014-01-31", 
        "operating_revenue": 79695, 
        "short_term_average": 84172
    }, 
    {
        "accumulated_operating_revenue_yoy": -8.633322094561299, 
        "accumulated_operating_revenue": 140913, 
        "long_term_average": 82009, 
        "date": "2014-02-28", 
        "operating_revenue": 61218, 
        "short_term_average": 74601
    }, 
    {
        "accumulated_operating_revenue_yoy": -9.908653864929567, 
        "accumulated_operating_revenue": 230687, 
        "long_term_average": 81005, 
        "date": "2014-03-31", 
        "operating_revenue": 89774, 
        "short_term_average": 76895
    }, 
    {
        "accumulated_operating_revenue_yoy": -10.728440189095636, 
        "accumulated_operating_revenue": 313095, 
        "long_term_average": 79983, 
        "date": "2014-04-30", 
        "operating_revenue": 82408, 
        "short_term_average": 77800
    }, 
    {
        "accumulated_operating_revenue_yoy": -8.608894341703904, 
        "accumulated_operating_revenue": 405973, 
        "long_term_average": 79932, 
        "date": "2014-05-31", 
        "operating_revenue": 92878, 
        "short_term_average": 88353
    }, 
    {
        "accumulated_operating_revenue_yoy": -5.157247837423131, 
        "accumulated_operating_revenue": 480885, 
        "long_term_average": 80940, 
        "date": "2014-06-30", 
        "operating_revenue": 74912, 
        "short_term_average": 83399
    }, 
    {
        "accumulated_operating_revenue_yoy": -4.576163762878257, 
        "accumulated_operating_revenue": 566100, 
        "long_term_average": 80857, 
        "date": "2014-07-31", 
        "operating_revenue": 85215, 
        "short_term_average": 84335
    }, 
    {
        "accumulated_operating_revenue_yoy": -4.888350565289198, 
        "accumulated_operating_revenue": 641549, 
        "long_term_average": 80371, 
        "date": "2014-08-31", 
        "operating_revenue": 75449, 
        "short_term_average": 78525
    }, 
    {
        "accumulated_operating_revenue_yoy": 0.5818229647604527, 
        "accumulated_operating_revenue": 749407, 
        "long_term_average": 83480, 
        "date": "2014-09-30", 
        "operating_revenue": 107858, 
        "short_term_average": 89507
    }, 
    {
        "accumulated_operating_revenue_yoy": 3.325074913929322, 
        "accumulated_operating_revenue": 852032, 
        "long_term_average": 85404, 
        "date": "2014-10-31", 
        "operating_revenue": 102625, 
        "short_term_average": 95310
    }, 
    {
        "accumulated_operating_revenue_yoy": 4.090676982930272, 
        "accumulated_operating_revenue": 951954, 
        "long_term_average": 86237, 
        "date": "2014-11-30", 
        "operating_revenue": 99922, 
        "short_term_average": 103468
    }, 
    {
        "accumulated_operating_revenue_yoy": 4.289206102859939, 
        "accumulated_operating_revenue": 1040216, 
        "long_term_average": 86684, 
        "date": "2014-12-31", 
        "operating_revenue": 88262, 
        "short_term_average": 96936
    }, 
    {
        "accumulated_operating_revenue_yoy": 40.112930547713155, 
        "accumulated_operating_revenue": 111663, 
        "long_term_average": 89348, 
        "date": "2015-01-31", 
        "operating_revenue": 111663, 
        "short_term_average": 99949
    }, 
    {
        "accumulated_operating_revenue_yoy": 35.72842817908923, 
        "accumulated_operating_revenue": 191259, 
        "long_term_average": 90880, 
        "date": "2015-02-28", 
        "operating_revenue": 79596, 
        "short_term_average": 93173
    }, 
    {
        "accumulated_operating_revenue_yoy": 29.849102896998964, 
        "accumulated_operating_revenue": 299545, 
        "long_term_average": 92422, 
        "date": "2015-03-31", 
        "operating_revenue": 108286, 
        "short_term_average": 99848
    }, 
    {
        "accumulated_operating_revenue_yoy": 24.957920120091345, 
        "accumulated_operating_revenue": 391237, 
        "long_term_average": 93196, 
        "date": "2015-04-30", 
        "operating_revenue": 91692, 
        "short_term_average": 93191
    }, 
    {
        "accumulated_operating_revenue_yoy": 15.11282770036431, 
        "accumulated_operating_revenue": 467327, 
        "long_term_average": 91797, 
        "date": "2015-05-31", 
        "operating_revenue": 76090, 
        "short_term_average": 92022
    }, 
    {
        "accumulated_operating_revenue_yoy": 12.345363236532643, 
        "accumulated_operating_revenue": 540252, 
        "long_term_average": 91631, 
        "date": "2015-06-30", 
        "operating_revenue": 72925, 
        "short_term_average": 80235
    }, 
    {
        "accumulated_operating_revenue_yoy": 8.945416004239535, 
        "accumulated_operating_revenue": 616740, 
        "long_term_average": 90904, 
        "date": "2015-07-31", 
        "operating_revenue": 76488, 
        "short_term_average": 75167
    }, 
    {
        "accumulated_operating_revenue_yoy": 7.46723944702587, 
        "accumulated_operating_revenue": 689455, 
        "long_term_average": 90676, 
        "date": "2015-08-31", 
        "operating_revenue": 72715, 
        "short_term_average": 74042
    }, 
    {
        "accumulated_operating_revenue_yoy": 0.6410401824375807, 
        "accumulated_operating_revenue": 754211, 
        "long_term_average": 87085, 
        "date": "2015-09-30", 
        "operating_revenue": 64756, 
        "short_term_average": 71319
    }
]