[
    {
        "date": "2011-09-30", 
        "operating_revenue": 67426, 
        "accumulated_operating_revenue": 67426, 
        "long_term_average": 67426, 
        "short_term_average": 67426
    }, 
    {
        "date": "2011-10-31", 
        "operating_revenue": 49167, 
        "accumulated_operating_revenue": 116593, 
        "long_term_average": 58296, 
        "short_term_average": 58296
    }, 
    {
        "date": "2011-11-30", 
        "operating_revenue": 49401, 
        "accumulated_operating_revenue": 165994, 
        "long_term_average": 55331, 
        "short_term_average": 55331
    }, 
    {
        "date": "2011-12-31", 
        "operating_revenue": 52123, 
        "accumulated_operating_revenue": 218117, 
        "long_term_average": 54529, 
        "short_term_average": 50230
    }, 
    {
        "date": "2012-01-31", 
        "operating_revenue": 12538, 
        "accumulated_operating_revenue": 12538, 
        "long_term_average": 46131, 
        "short_term_average": 38020
    }, 
    {
        "date": "2012-02-29", 
        "operating_revenue": 14676, 
        "accumulated_operating_revenue": 27214, 
        "long_term_average": 40888, 
        "short_term_average": 26445
    }, 
    {
        "date": "2012-03-31", 
        "operating_revenue": 40336, 
        "accumulated_operating_revenue": 67550, 
        "long_term_average": 40809, 
        "short_term_average": 22516
    }, 
    {
        "date": "2012-04-30", 
        "operating_revenue": 21825, 
        "accumulated_operating_revenue": 89375, 
        "long_term_average": 38436, 
        "short_term_average": 25612
    }, 
    {
        "date": "2012-05-31", 
        "operating_revenue": 33709, 
        "accumulated_operating_revenue": 123084, 
        "long_term_average": 37911, 
        "short_term_average": 31956
    }, 
    {
        "date": "2012-06-30", 
        "operating_revenue": 56415, 
        "accumulated_operating_revenue": 179499, 
        "long_term_average": 39761, 
        "short_term_average": 37316
    }, 
    {
        "date": "2012-07-31", 
        "operating_revenue": 36067, 
        "accumulated_operating_revenue": 215566, 
        "long_term_average": 39425, 
        "short_term_average": 42063
    }, 
    {
        "date": "2012-08-31", 
        "operating_revenue": 29013, 
        "accumulated_operating_revenue": 244579, 
        "long_term_average": 38558, 
        "short_term_average": 40498
    }, 
    {
        "accumulated_operating_revenue_yoy": 331.191231869012, 
        "accumulated_operating_revenue": 290735, 
        "long_term_average": 36785, 
        "date": "2012-09-30", 
        "operating_revenue": 46156, 
        "short_term_average": 37078
    }, 
    {
        "accumulated_operating_revenue_yoy": 171.49657355072773, 
        "accumulated_operating_revenue": 316546, 
        "long_term_average": 34839, 
        "date": "2012-10-31", 
        "operating_revenue": 25811, 
        "short_term_average": 33660
    }, 
    {
        "accumulated_operating_revenue_yoy": 110.85340433991591, 
        "accumulated_operating_revenue": 350004, 
        "long_term_average": 33510, 
        "date": "2012-11-30", 
        "operating_revenue": 33458, 
        "short_term_average": 35141
    }, 
    {
        "accumulated_operating_revenue_yoy": 83.58908292338516, 
        "accumulated_operating_revenue": 400439, 
        "long_term_average": 33369, 
        "date": "2012-12-31", 
        "operating_revenue": 50435, 
        "short_term_average": 36568
    }, 
    {
        "accumulated_operating_revenue_yoy": 193.92247567395117, 
        "accumulated_operating_revenue": 36852, 
        "long_term_average": 35396, 
        "date": "2013-01-31", 
        "operating_revenue": 36852, 
        "short_term_average": 40248
    }, 
    {
        "accumulated_operating_revenue_yoy": 121.5550819431175, 
        "accumulated_operating_revenue": 60294, 
        "long_term_average": 36126, 
        "date": "2013-02-28", 
        "operating_revenue": 23442, 
        "short_term_average": 36909
    }, 
    {
        "accumulated_operating_revenue_yoy": 60.50925240562546, 
        "accumulated_operating_revenue": 108424, 
        "long_term_average": 36776, 
        "date": "2013-03-31", 
        "operating_revenue": 48130, 
        "short_term_average": 36141
    }, 
    {
        "accumulated_operating_revenue_yoy": 55.67104895104895, 
        "accumulated_operating_revenue": 139131, 
        "long_term_average": 37516, 
        "date": "2013-04-30", 
        "operating_revenue": 30707, 
        "short_term_average": 34093
    }, 
    {
        "accumulated_operating_revenue_yoy": 39.63309609697443, 
        "accumulated_operating_revenue": 171866, 
        "long_term_average": 37435, 
        "date": "2013-05-31", 
        "operating_revenue": 32735, 
        "short_term_average": 37190
    }, 
    {
        "accumulated_operating_revenue_yoy": 20.34941698839548, 
        "accumulated_operating_revenue": 216026, 
        "long_term_average": 36413, 
        "date": "2013-06-30", 
        "operating_revenue": 44160, 
        "short_term_average": 35867
    }, 
    {
        "accumulated_operating_revenue_yoy": 10.16997114572799, 
        "accumulated_operating_revenue": 237489, 
        "long_term_average": 35196, 
        "date": "2013-07-31", 
        "operating_revenue": 21463, 
        "short_term_average": 32786
    }, 
    {
        "accumulated_operating_revenue_yoy": 7.829780970565747, 
        "accumulated_operating_revenue": 263729, 
        "long_term_average": 34965, 
        "date": "2013-08-31", 
        "operating_revenue": 26240, 
        "short_term_average": 30621
    }, 
    {
        "accumulated_operating_revenue_yoy": 7.522658090701154, 
        "accumulated_operating_revenue": 312606, 
        "long_term_average": 35192, 
        "date": "2013-09-30", 
        "operating_revenue": 48877, 
        "short_term_average": 32193
    }, 
    {
        "accumulated_operating_revenue_yoy": 7.450102038882185, 
        "accumulated_operating_revenue": 340129, 
        "long_term_average": 35335, 
        "date": "2013-10-31", 
        "operating_revenue": 27523, 
        "short_term_average": 34213
    }, 
    {
        "accumulated_operating_revenue_yoy": 6.866492954366237, 
        "accumulated_operating_revenue": 374037, 
        "long_term_average": 35372, 
        "date": "2013-11-30", 
        "operating_revenue": 33908, 
        "short_term_average": 36769
    }, 
    {
        "accumulated_operating_revenue_yoy": 6.613241966941281, 
        "accumulated_operating_revenue": 426921, 
        "long_term_average": 35576, 
        "date": "2013-12-31", 
        "operating_revenue": 52884, 
        "short_term_average": 38105
    }, 
    {
        "accumulated_operating_revenue_yoy": 21.586345381526105, 
        "accumulated_operating_revenue": 44807, 
        "long_term_average": 36239, 
        "date": "2014-01-31", 
        "operating_revenue": 44807, 
        "short_term_average": 43866
    }, 
    {
        "accumulated_operating_revenue_yoy": 1.41307592795303, 
        "accumulated_operating_revenue": 61146, 
        "long_term_average": 35647, 
        "date": "2014-02-28", 
        "operating_revenue": 16339, 
        "short_term_average": 38010
    }, 
    {
        "accumulated_operating_revenue_yoy": 5.106802921862318, 
        "accumulated_operating_revenue": 113961, 
        "long_term_average": 36038, 
        "date": "2014-03-31", 
        "operating_revenue": 52815, 
        "short_term_average": 37987
    }, 
    {
        "accumulated_operating_revenue_yoy": 1.9485233341239552, 
        "accumulated_operating_revenue": 141842, 
        "long_term_average": 35802, 
        "date": "2014-04-30", 
        "operating_revenue": 27881, 
        "short_term_average": 32345
    }, 
    {
        "accumulated_operating_revenue_yoy": 2.4245633225885284, 
        "accumulated_operating_revenue": 176033, 
        "long_term_average": 35924, 
        "date": "2014-05-31", 
        "operating_revenue": 34191, 
        "short_term_average": 38295
    }, 
    {
        "accumulated_operating_revenue_yoy": 2.0363289604029147, 
        "accumulated_operating_revenue": 220425, 
        "long_term_average": 35943, 
        "date": "2014-06-30", 
        "operating_revenue": 44392, 
        "short_term_average": 35488
    }, 
    {
        "accumulated_operating_revenue_yoy": 9.470754434942249, 
        "accumulated_operating_revenue": 259981, 
        "long_term_average": 37451, 
        "date": "2014-07-31", 
        "operating_revenue": 39556, 
        "short_term_average": 39379
    }, 
    {
        "accumulated_operating_revenue_yoy": 15.267187150446102, 
        "accumulated_operating_revenue": 303993, 
        "long_term_average": 38932, 
        "date": "2014-08-31", 
        "operating_revenue": 44012, 
        "short_term_average": 42653
    }, 
    {
        "accumulated_operating_revenue_yoy": 10.352648381668939, 
        "accumulated_operating_revenue": 344969, 
        "long_term_average": 38273, 
        "date": "2014-09-30", 
        "operating_revenue": 40976, 
        "short_term_average": 41514
    }, 
    {
        "accumulated_operating_revenue_yoy": 8.558811509750711, 
        "accumulated_operating_revenue": 369240, 
        "long_term_average": 38002, 
        "date": "2014-10-31", 
        "operating_revenue": 24271, 
        "short_term_average": 36419
    }, 
    {
        "accumulated_operating_revenue_yoy": 5.240390656539326, 
        "accumulated_operating_revenue": 393638, 
        "long_term_average": 37210, 
        "date": "2014-11-30", 
        "operating_revenue": 24398, 
        "short_term_average": 29881
    }, 
    {
        "accumulated_operating_revenue_yoy": -0.7542379034997106, 
        "accumulated_operating_revenue": 423701, 
        "long_term_average": 35308, 
        "date": "2014-12-31", 
        "operating_revenue": 30063, 
        "short_term_average": 26244
    }, 
    {
        "accumulated_operating_revenue_yoy": -47.039525074207155, 
        "accumulated_operating_revenue": 23730, 
        "long_term_average": 33552, 
        "date": "2015-01-31", 
        "operating_revenue": 23730, 
        "short_term_average": 26063
    }, 
    {
        "accumulated_operating_revenue_yoy": -14.345991561181433, 
        "accumulated_operating_revenue": 52374, 
        "long_term_average": 34577, 
        "date": "2015-02-28", 
        "operating_revenue": 28644, 
        "short_term_average": 27479
    }, 
    {
        "accumulated_operating_revenue_yoy": -30.724546116653944, 
        "accumulated_operating_revenue": 78947, 
        "long_term_average": 32390, 
        "date": "2015-03-31", 
        "operating_revenue": 26573, 
        "short_term_average": 26315
    }, 
    {
        "accumulated_operating_revenue_yoy": -27.131597129200095, 
        "accumulated_operating_revenue": 103358, 
        "long_term_average": 32101, 
        "date": "2015-04-30", 
        "operating_revenue": 24411, 
        "short_term_average": 26542
    }, 
    {
        "accumulated_operating_revenue_yoy": -28.62133804457119, 
        "accumulated_operating_revenue": 125650, 
        "long_term_average": 31109, 
        "date": "2015-05-31", 
        "operating_revenue": 22292, 
        "short_term_average": 24425
    }, 
    {
        "accumulated_operating_revenue_yoy": -29.207213337870026, 
        "accumulated_operating_revenue": 156045, 
        "long_term_average": 29943, 
        "date": "2015-06-30", 
        "operating_revenue": 30395, 
        "short_term_average": 25699
    }, 
    {
        "accumulated_operating_revenue_yoy": -32.8004738807836, 
        "accumulated_operating_revenue": 174706, 
        "long_term_average": 28202, 
        "date": "2015-07-31", 
        "operating_revenue": 18661, 
        "short_term_average": 23782
    }, 
    {
        "accumulated_operating_revenue_yoy": -36.330112864440956, 
        "accumulated_operating_revenue": 193552, 
        "long_term_average": 26105, 
        "date": "2015-08-31", 
        "operating_revenue": 18846, 
        "short_term_average": 22634
    }
]