[
    {
        "date": "2012-04-30", 
        "operating_revenue": 16990, 
        "accumulated_operating_revenue": 16990, 
        "long_term_average": 16990, 
        "short_term_average": 16990
    }, 
    {
        "date": "2012-05-31", 
        "operating_revenue": 14248, 
        "accumulated_operating_revenue": 31238, 
        "long_term_average": 15619, 
        "short_term_average": 15619
    }, 
    {
        "date": "2012-10-31", 
        "operating_revenue": 806541, 
        "accumulated_operating_revenue": 837779, 
        "long_term_average": 279259, 
        "short_term_average": 279259
    }, 
    {
        "date": "2012-11-30", 
        "operating_revenue": 47929, 
        "accumulated_operating_revenue": 885708, 
        "long_term_average": 221427, 
        "short_term_average": 289572
    }, 
    {
        "date": "2013-02-28", 
        "operating_revenue": 514, 
        "accumulated_operating_revenue": 514, 
        "long_term_average": 177244, 
        "short_term_average": 284994
    }, 
    {
        "date": "2014-05-31", 
        "operating_revenue": 267, 
        "accumulated_operating_revenue": 267, 
        "long_term_average": 147748, 
        "short_term_average": 16236
    }, 
    {
        "date": "2014-06-30", 
        "operating_revenue": 1324, 
        "accumulated_operating_revenue": 1591, 
        "long_term_average": 126830, 
        "short_term_average": 701
    }, 
    {
        "date": "2014-09-30", 
        "operating_revenue": 1542, 
        "accumulated_operating_revenue": 3133, 
        "long_term_average": 111169, 
        "short_term_average": 1044
    }, 
    {
        "accumulated_operating_revenue_yoy": 72098.36580766813, 
        "accumulated_operating_revenue": 1148676, 
        "long_term_average": 226447, 
        "date": "2015-06-30", 
        "operating_revenue": 1148676, 
        "short_term_average": 383847
    }, 
    {
        "date": "2015-07-31", 
        "operating_revenue": 85493, 
        "accumulated_operating_revenue": 1234169, 
        "long_term_average": 212352, 
        "short_term_average": 411903
    }, 
    {
        "date": "2015-08-31", 
        "operating_revenue": 63219, 
        "accumulated_operating_revenue": 1297388, 
        "long_term_average": 198794, 
        "short_term_average": 432462
    }
]