[
    {
        "date": "2011-09-30", 
        "operating_revenue": 1710866, 
        "accumulated_operating_revenue": 1710866, 
        "long_term_average": 1710866, 
        "short_term_average": 1710866
    }, 
    {
        "date": "2011-10-31", 
        "operating_revenue": 1547123, 
        "accumulated_operating_revenue": 3257989, 
        "long_term_average": 1628994, 
        "short_term_average": 1628994
    }, 
    {
        "date": "2011-11-30", 
        "operating_revenue": 1557485, 
        "accumulated_operating_revenue": 4815474, 
        "long_term_average": 1605158, 
        "short_term_average": 1605158
    }, 
    {
        "date": "2011-12-31", 
        "operating_revenue": 1579308, 
        "accumulated_operating_revenue": 6394782, 
        "long_term_average": 1598695, 
        "short_term_average": 1561305
    }, 
    {
        "date": "2012-01-31", 
        "operating_revenue": 1312884, 
        "accumulated_operating_revenue": 1312884, 
        "long_term_average": 1541533, 
        "short_term_average": 1483225
    }, 
    {
        "date": "2012-02-29", 
        "operating_revenue": 1713544, 
        "accumulated_operating_revenue": 3026428, 
        "long_term_average": 1570201, 
        "short_term_average": 1535245
    }, 
    {
        "date": "2012-03-31", 
        "operating_revenue": 1862704, 
        "accumulated_operating_revenue": 4889132, 
        "long_term_average": 1611987, 
        "short_term_average": 1629710
    }, 
    {
        "date": "2012-04-30", 
        "operating_revenue": 1720168, 
        "accumulated_operating_revenue": 6609300, 
        "long_term_average": 1625510, 
        "short_term_average": 1765472
    }, 
    {
        "date": "2012-05-31", 
        "operating_revenue": 1716048, 
        "accumulated_operating_revenue": 8325348, 
        "long_term_average": 1635570, 
        "short_term_average": 1766306
    }, 
    {
        "date": "2012-06-30", 
        "operating_revenue": 1534166, 
        "accumulated_operating_revenue": 9859514, 
        "long_term_average": 1625429, 
        "short_term_average": 1656794
    }, 
    {
        "date": "2012-07-31", 
        "operating_revenue": 1640338, 
        "accumulated_operating_revenue": 11499852, 
        "long_term_average": 1626784, 
        "short_term_average": 1630184
    }, 
    {
        "date": "2012-08-31", 
        "operating_revenue": 1618447, 
        "accumulated_operating_revenue": 13118299, 
        "long_term_average": 1626090, 
        "short_term_average": 1597650
    }, 
    {
        "accumulated_operating_revenue_yoy": 757.6503945954855, 
        "accumulated_operating_revenue": 14673249, 
        "long_term_average": 1613097, 
        "date": "2012-09-30", 
        "operating_revenue": 1554950, 
        "short_term_average": 1604578
    }, 
    {
        "accumulated_operating_revenue_yoy": 399.4388256068391, 
        "accumulated_operating_revenue": 16271662, 
        "long_term_average": 1617371, 
        "date": "2012-10-31", 
        "operating_revenue": 1598413, 
        "short_term_average": 1590603
    }, 
    {
        "accumulated_operating_revenue_yoy": 269.03332880626084, 
        "accumulated_operating_revenue": 17770704, 
        "long_term_average": 1612501, 
        "date": "2012-11-30", 
        "operating_revenue": 1499042, 
        "short_term_average": 1550801
    }, 
    {
        "accumulated_operating_revenue_yoy": 201.21295768956625, 
        "accumulated_operating_revenue": 19261912, 
        "long_term_average": 1605159, 
        "date": "2012-12-31", 
        "operating_revenue": 1491208, 
        "short_term_average": 1529554
    }, 
    {
        "accumulated_operating_revenue_yoy": 32.991109648681835, 
        "accumulated_operating_revenue": 1746019, 
        "long_term_average": 1641253, 
        "date": "2013-01-31", 
        "operating_revenue": 1746019, 
        "short_term_average": 1578756
    }, 
    {
        "accumulated_operating_revenue_yoy": 6.950636195541411, 
        "accumulated_operating_revenue": 3236784, 
        "long_term_average": 1622689, 
        "date": "2013-02-28", 
        "operating_revenue": 1490765, 
        "short_term_average": 1575997
    }, 
    {
        "accumulated_operating_revenue_yoy": 2.1678694704908765, 
        "accumulated_operating_revenue": 4995122, 
        "long_term_average": 1613991, 
        "date": "2013-03-31", 
        "operating_revenue": 1758338, 
        "short_term_average": 1665040
    }, 
    {
        "accumulated_operating_revenue_yoy": 2.217330125731923, 
        "accumulated_operating_revenue": 6755850, 
        "long_term_average": 1617371, 
        "date": "2013-04-30", 
        "operating_revenue": 1760728, 
        "short_term_average": 1669943
    }, 
    {
        "accumulated_operating_revenue_yoy": 0.16197521112630966, 
        "accumulated_operating_revenue": 8338833, 
        "long_term_average": 1606283, 
        "date": "2013-05-31", 
        "operating_revenue": 1582983, 
        "short_term_average": 1700683
    }, 
    {
        "accumulated_operating_revenue_yoy": 0.17519119096539645, 
        "accumulated_operating_revenue": 9876787, 
        "long_term_average": 1606598, 
        "date": "2013-06-30", 
        "operating_revenue": 1537954, 
        "short_term_average": 1627221
    }, 
    {
        "accumulated_operating_revenue_yoy": -0.15486286258292714, 
        "accumulated_operating_revenue": 11482043, 
        "long_term_average": 1603675, 
        "date": "2013-07-31", 
        "operating_revenue": 1605256, 
        "short_term_average": 1575397
    }, 
    {
        "accumulated_operating_revenue_yoy": 0.7149478754829418, 
        "accumulated_operating_revenue": 13212088, 
        "long_term_average": 1612975, 
        "date": "2013-08-31", 
        "operating_revenue": 1730045, 
        "short_term_average": 1624418
    }, 
    {
        "accumulated_operating_revenue_yoy": 1.5886597440008003, 
        "accumulated_operating_revenue": 14906357, 
        "long_term_average": 1624585, 
        "date": "2013-09-30", 
        "operating_revenue": 1694269, 
        "short_term_average": 1676523
    }, 
    {
        "accumulated_operating_revenue_yoy": 1.3675185730873711, 
        "accumulated_operating_revenue": 16494180, 
        "long_term_average": 1623702, 
        "date": "2013-10-31", 
        "operating_revenue": 1587823, 
        "short_term_average": 1670712
    }, 
    {
        "accumulated_operating_revenue_yoy": 1.768416152787194, 
        "accumulated_operating_revenue": 18084964, 
        "long_term_average": 1631347, 
        "date": "2013-11-30", 
        "operating_revenue": 1590784, 
        "short_term_average": 1624292
    }, 
    {
        "accumulated_operating_revenue_yoy": 3.0978544601387443, 
        "accumulated_operating_revenue": 19858618, 
        "long_term_average": 1654884, 
        "date": "2013-12-31", 
        "operating_revenue": 1773654, 
        "short_term_average": 1650753
    }, 
    {
        "accumulated_operating_revenue_yoy": -2.1432183727668486, 
        "accumulated_operating_revenue": 1708598, 
        "long_term_average": 1651766, 
        "date": "2014-01-31", 
        "operating_revenue": 1708598, 
        "short_term_average": 1691012
    }, 
    {
        "accumulated_operating_revenue_yoy": -0.29739395647037303, 
        "accumulated_operating_revenue": 3227158, 
        "long_term_average": 1654082, 
        "date": "2014-02-28", 
        "operating_revenue": 1518560, 
        "short_term_average": 1666937
    }, 
    {
        "accumulated_operating_revenue_yoy": -1.093446766665559, 
        "accumulated_operating_revenue": 4940503, 
        "long_term_average": 1650333, 
        "date": "2014-03-31", 
        "operating_revenue": 1713345, 
        "short_term_average": 1646834
    }, 
    {
        "accumulated_operating_revenue_yoy": -0.7819593389432863, 
        "accumulated_operating_revenue": 6703022, 
        "long_term_average": 1650482, 
        "date": "2014-04-30", 
        "operating_revenue": 1762519, 
        "short_term_average": 1664808
    }, 
    {
        "accumulated_operating_revenue_yoy": 1.5241341324379563, 
        "accumulated_operating_revenue": 8465928, 
        "long_term_average": 1665476, 
        "date": "2014-05-31", 
        "operating_revenue": 1762906, 
        "short_term_average": 1746256
    }, 
    {
        "accumulated_operating_revenue_yoy": 1.7387942050385414, 
        "accumulated_operating_revenue": 10048524, 
        "long_term_average": 1669196, 
        "date": "2014-06-30", 
        "operating_revenue": 1582596, 
        "short_term_average": 1702673
    }, 
    {
        "accumulated_operating_revenue_yoy": 2.33108341433663, 
        "accumulated_operating_revenue": 11749699, 
        "long_term_average": 1677189, 
        "date": "2014-07-31", 
        "operating_revenue": 1701175, 
        "short_term_average": 1682225
    }, 
    {
        "accumulated_operating_revenue_yoy": 1.432513922099217, 
        "accumulated_operating_revenue": 13401353, 
        "long_term_average": 1670656, 
        "date": "2014-08-31", 
        "operating_revenue": 1651654, 
        "short_term_average": 1645141
    }, 
    {
        "accumulated_operating_revenue_yoy": 1.404467905873984, 
        "accumulated_operating_revenue": 15115712, 
        "long_term_average": 1672331, 
        "date": "2014-09-30", 
        "operating_revenue": 1714359, 
        "short_term_average": 1689062
    }, 
    {
        "accumulated_operating_revenue_yoy": 1.82374025262244, 
        "accumulated_operating_revenue": 16794991, 
        "long_term_average": 1679952, 
        "date": "2014-10-31", 
        "operating_revenue": 1679279, 
        "short_term_average": 1681764
    }, 
    {
        "accumulated_operating_revenue_yoy": 1.946379323729923, 
        "accumulated_operating_revenue": 18436966, 
        "long_term_average": 1684218, 
        "date": "2014-11-30", 
        "operating_revenue": 1641975, 
        "short_term_average": 1678537
    }, 
    {
        "accumulated_operating_revenue_yoy": 1.579208583396891, 
        "accumulated_operating_revenue": 20172227, 
        "long_term_average": 1681018, 
        "date": "2014-12-31", 
        "operating_revenue": 1735261, 
        "short_term_average": 1685505
    }, 
    {
        "accumulated_operating_revenue_yoy": 3.3207928371682516, 
        "accumulated_operating_revenue": 1765337, 
        "long_term_average": 1685747, 
        "date": "2015-01-31", 
        "operating_revenue": 1765337, 
        "short_term_average": 1714191
    }, 
    {
        "accumulated_operating_revenue_yoy": -5.51891168638164, 
        "accumulated_operating_revenue": 3049054, 
        "long_term_average": 1666176, 
        "date": "2015-02-28", 
        "operating_revenue": 1283717, 
        "short_term_average": 1594771
    }, 
    {
        "accumulated_operating_revenue_yoy": -7.922330985326798, 
        "accumulated_operating_revenue": 4549100, 
        "long_term_average": 1648402, 
        "date": "2015-03-31", 
        "operating_revenue": 1500046, 
        "short_term_average": 1516366
    }, 
    {
        "accumulated_operating_revenue_yoy": -9.957911521101973, 
        "accumulated_operating_revenue": 6035541, 
        "long_term_average": 1625395, 
        "date": "2015-04-30", 
        "operating_revenue": 1486441, 
        "short_term_average": 1423401
    }, 
    {
        "accumulated_operating_revenue_yoy": -11.11977328415739, 
        "accumulated_operating_revenue": 7524536, 
        "long_term_average": 1602569, 
        "date": "2015-05-31", 
        "operating_revenue": 1488995, 
        "short_term_average": 1491827
    }, 
    {
        "accumulated_operating_revenue_yoy": -11.401555094061576, 
        "accumulated_operating_revenue": 8902836, 
        "long_term_average": 1585544, 
        "date": "2015-06-30", 
        "operating_revenue": 1378300, 
        "short_term_average": 1451245
    }, 
    {
        "accumulated_operating_revenue_yoy": -10.422054216027151, 
        "accumulated_operating_revenue": 10525139, 
        "long_term_average": 1578972, 
        "date": "2015-07-31", 
        "operating_revenue": 1622303, 
        "short_term_average": 1496532
    }, 
    {
        "accumulated_operating_revenue_yoy": -8.535212825152803, 
        "accumulated_operating_revenue": 12257519, 
        "long_term_average": 1585699, 
        "date": "2015-08-31", 
        "operating_revenue": 1732380, 
        "short_term_average": 1577661
    }
]