[
    {
        "date": "2011-09-30", 
        "operating_revenue": 1341983, 
        "accumulated_operating_revenue": 1341983, 
        "long_term_average": 1341983, 
        "short_term_average": 1341983
    }, 
    {
        "date": "2011-10-31", 
        "operating_revenue": 1022859, 
        "accumulated_operating_revenue": 2364842, 
        "long_term_average": 1182421, 
        "short_term_average": 1182421
    }, 
    {
        "date": "2011-11-30", 
        "operating_revenue": 1020139, 
        "accumulated_operating_revenue": 3384981, 
        "long_term_average": 1128327, 
        "short_term_average": 1128327
    }, 
    {
        "date": "2011-12-31", 
        "operating_revenue": 2025962, 
        "accumulated_operating_revenue": 5410943, 
        "long_term_average": 1352735, 
        "short_term_average": 1356320
    }, 
    {
        "date": "2012-01-31", 
        "operating_revenue": 943091, 
        "accumulated_operating_revenue": 943091, 
        "long_term_average": 1270806, 
        "short_term_average": 1329730
    }, 
    {
        "date": "2012-02-29", 
        "operating_revenue": 1275066, 
        "accumulated_operating_revenue": 2218157, 
        "long_term_average": 1271516, 
        "short_term_average": 1414706
    }, 
    {
        "date": "2012-03-31", 
        "operating_revenue": 1207978, 
        "accumulated_operating_revenue": 3426135, 
        "long_term_average": 1262439, 
        "short_term_average": 1142045
    }, 
    {
        "date": "2012-04-30", 
        "operating_revenue": 949600, 
        "accumulated_operating_revenue": 4375735, 
        "long_term_average": 1223334, 
        "short_term_average": 1144214
    }, 
    {
        "date": "2012-05-31", 
        "operating_revenue": 967287, 
        "accumulated_operating_revenue": 5343022, 
        "long_term_average": 1194885, 
        "short_term_average": 1041621
    }, 
    {
        "date": "2012-06-30", 
        "operating_revenue": 1393106, 
        "accumulated_operating_revenue": 6736128, 
        "long_term_average": 1214707, 
        "short_term_average": 1103331
    }, 
    {
        "date": "2012-07-31", 
        "operating_revenue": 1004191, 
        "accumulated_operating_revenue": 7740319, 
        "long_term_average": 1195569, 
        "short_term_average": 1121528
    }, 
    {
        "date": "2012-08-31", 
        "operating_revenue": 1054987, 
        "accumulated_operating_revenue": 8795306, 
        "long_term_average": 1183854, 
        "short_term_average": 1150761
    }, 
    {
        "accumulated_operating_revenue_yoy": 650.4589104332916, 
        "accumulated_operating_revenue": 10071031, 
        "long_term_average": 1178332, 
        "date": "2012-09-30", 
        "operating_revenue": 1275725, 
        "short_term_average": 1111634
    }, 
    {
        "accumulated_operating_revenue_yoy": 376.47162051418235, 
        "accumulated_operating_revenue": 11267801, 
        "long_term_average": 1192825, 
        "date": "2012-10-31", 
        "operating_revenue": 1196770, 
        "short_term_average": 1175827
    }, 
    {
        "accumulated_operating_revenue_yoy": 268.06983554708285, 
        "accumulated_operating_revenue": 12459094, 
        "long_term_average": 1207088, 
        "date": "2012-11-30", 
        "operating_revenue": 1191293, 
        "short_term_average": 1221262
    }, 
    {
        "accumulated_operating_revenue_yoy": 168.8823371452998, 
        "accumulated_operating_revenue": 14549070, 
        "long_term_average": 1212422, 
        "date": "2012-12-31", 
        "operating_revenue": 2089976, 
        "short_term_average": 1492679
    }, 
    {
        "accumulated_operating_revenue_yoy": 38.65374603299151, 
        "accumulated_operating_revenue": 1307631, 
        "long_term_average": 1242800, 
        "date": "2013-01-31", 
        "operating_revenue": 1307631, 
        "short_term_average": 1529633
    }, 
    {
        "accumulated_operating_revenue_yoy": -1.2343580729407342, 
        "accumulated_operating_revenue": 2190777, 
        "long_term_average": 1210140, 
        "date": "2013-02-28", 
        "operating_revenue": 883146, 
        "short_term_average": 1426917
    }, 
    {
        "accumulated_operating_revenue_yoy": 6.104692313642048, 
        "accumulated_operating_revenue": 3635290, 
        "long_term_average": 1229852, 
        "date": "2013-03-31", 
        "operating_revenue": 1444513, 
        "short_term_average": 1211763
    }, 
    {
        "accumulated_operating_revenue_yoy": 7.82423981342563, 
        "accumulated_operating_revenue": 4718103, 
        "long_term_average": 1240953, 
        "date": "2013-04-30", 
        "operating_revenue": 1082813, 
        "short_term_average": 1136824
    }, 
    {
        "accumulated_operating_revenue_yoy": 10.054066780934086, 
        "accumulated_operating_revenue": 5880213, 
        "long_term_average": 1257188, 
        "date": "2013-05-31", 
        "operating_revenue": 1162110, 
        "short_term_average": 1229812
    }, 
    {
        "accumulated_operating_revenue_yoy": 10.227433326682627, 
        "accumulated_operating_revenue": 7425061, 
        "long_term_average": 1269833, 
        "date": "2013-06-30", 
        "operating_revenue": 1544848, 
        "short_term_average": 1263257
    }, 
    {
        "accumulated_operating_revenue_yoy": 10.924045895266074, 
        "accumulated_operating_revenue": 8585875, 
        "long_term_average": 1282885, 
        "date": "2013-07-31", 
        "operating_revenue": 1160814, 
        "short_term_average": 1289257
    }, 
    {
        "accumulated_operating_revenue_yoy": 8.930900186986104, 
        "accumulated_operating_revenue": 9580806, 
        "long_term_average": 1277880, 
        "date": "2013-08-31", 
        "operating_revenue": 994931, 
        "short_term_average": 1233531
    }, 
    {
        "accumulated_operating_revenue_yoy": 9.562993103685214, 
        "accumulated_operating_revenue": 11034123, 
        "long_term_average": 1292680, 
        "date": "2013-09-30", 
        "operating_revenue": 1453317, 
        "short_term_average": 1203020
    }, 
    {
        "accumulated_operating_revenue_yoy": 7.873000242017053, 
        "accumulated_operating_revenue": 12154915, 
        "long_term_average": 1286348, 
        "date": "2013-10-31", 
        "operating_revenue": 1120792, 
        "short_term_average": 1189680
    }, 
    {
        "accumulated_operating_revenue_yoy": 5.800357554088604, 
        "accumulated_operating_revenue": 13181766, 
        "long_term_average": 1272645, 
        "date": "2013-11-30", 
        "operating_revenue": 1026851, 
        "short_term_average": 1200320
    }, 
    {
        "accumulated_operating_revenue_yoy": 8.19057163103896, 
        "accumulated_operating_revenue": 15740722, 
        "long_term_average": 1311726, 
        "date": "2013-12-31", 
        "operating_revenue": 2558956, 
        "short_term_average": 1568866
    }, 
    {
        "accumulated_operating_revenue_yoy": 12.249480166805467, 
        "accumulated_operating_revenue": 1467809, 
        "long_term_average": 1325075, 
        "date": "2014-01-31", 
        "operating_revenue": 1467809, 
        "short_term_average": 1684538
    }, 
    {
        "accumulated_operating_revenue_yoy": 17.553224267006637, 
        "accumulated_operating_revenue": 2575329, 
        "long_term_average": 1343772, 
        "date": "2014-02-28", 
        "operating_revenue": 1107520, 
        "short_term_average": 1711428
    }, 
    {
        "accumulated_operating_revenue_yoy": 9.130990925070627, 
        "accumulated_operating_revenue": 3967228, 
        "long_term_average": 1339388, 
        "date": "2014-03-31", 
        "operating_revenue": 1391899, 
        "short_term_average": 1322409
    }, 
    {
        "accumulated_operating_revenue_yoy": 6.596782647602224, 
        "accumulated_operating_revenue": 5029346, 
        "long_term_average": 1337663, 
        "date": "2014-04-30", 
        "operating_revenue": 1062118, 
        "short_term_average": 1187179
    }, 
    {
        "accumulated_operating_revenue_yoy": 2.986507461549437, 
        "accumulated_operating_revenue": 6055826, 
        "long_term_average": 1326361, 
        "date": "2014-05-31", 
        "operating_revenue": 1026480, 
        "short_term_average": 1160165
    }, 
    {
        "accumulated_operating_revenue_yoy": 1.4189109018767658, 
        "accumulated_operating_revenue": 7530416, 
        "long_term_average": 1320506, 
        "date": "2014-06-30", 
        "operating_revenue": 1474590, 
        "short_term_average": 1187729
    }, 
    {
        "accumulated_operating_revenue_yoy": 2.015193559188784, 
        "accumulated_operating_revenue": 8758897, 
        "long_term_average": 1326145, 
        "date": "2014-07-31", 
        "operating_revenue": 1228481, 
        "short_term_average": 1243183
    }, 
    {
        "accumulated_operating_revenue_yoy": 3.1238812266942886, 
        "accumulated_operating_revenue": 9880099, 
        "long_term_average": 1336667, 
        "date": "2014-08-31", 
        "operating_revenue": 1121202, 
        "short_term_average": 1274757
    }, 
    {
        "accumulated_operating_revenue_yoy": 2.608689426427456, 
        "accumulated_operating_revenue": 11321969, 
        "long_term_average": 1335714, 
        "date": "2014-09-30", 
        "operating_revenue": 1441870, 
        "short_term_average": 1263851
    }, 
    {
        "accumulated_operating_revenue_yoy": 2.719122264532496, 
        "accumulated_operating_revenue": 12485422, 
        "long_term_average": 1339269, 
        "date": "2014-10-31", 
        "operating_revenue": 1163453, 
        "short_term_average": 1242175
    }, 
    {
        "accumulated_operating_revenue_yoy": 3.716391263507485, 
        "accumulated_operating_revenue": 13671652, 
        "long_term_average": 1352550, 
        "date": "2014-11-30", 
        "operating_revenue": 1186230, 
        "short_term_average": 1263851
    }, 
    {
        "accumulated_operating_revenue_yoy": 0.43350616318616136, 
        "accumulated_operating_revenue": 15808959, 
        "long_term_average": 1317413, 
        "date": "2014-12-31", 
        "operating_revenue": 2137307, 
        "short_term_average": 1495663
    }, 
    {
        "accumulated_operating_revenue_yoy": -9.802910324163431, 
        "accumulated_operating_revenue": 1323921, 
        "long_term_average": 1305422, 
        "date": "2015-01-31", 
        "operating_revenue": 1323921, 
        "short_term_average": 1549152
    }, 
    {
        "accumulated_operating_revenue_yoy": -14.37451292630961, 
        "accumulated_operating_revenue": 2205138, 
        "long_term_average": 1286564, 
        "date": "2015-02-28", 
        "operating_revenue": 881217, 
        "short_term_average": 1447481
    }, 
    {
        "accumulated_operating_revenue_yoy": -4.49099471973882, 
        "accumulated_operating_revenue": 3789060, 
        "long_term_average": 1302565, 
        "date": "2015-03-31", 
        "operating_revenue": 1583922, 
        "short_term_average": 1263020
    }, 
    {
        "accumulated_operating_revenue_yoy": -2.5638323551412054, 
        "accumulated_operating_revenue": 4900402, 
        "long_term_average": 1306667, 
        "date": "2015-04-30", 
        "operating_revenue": 1111342, 
        "short_term_average": 1192160
    }, 
    {
        "accumulated_operating_revenue_yoy": -1.0399737376866507, 
        "accumulated_operating_revenue": 5992847, 
        "long_term_average": 1312165, 
        "date": "2015-05-31", 
        "operating_revenue": 1092445, 
        "short_term_average": 1262569
    }, 
    {
        "accumulated_operating_revenue_yoy": 2.38572477270844, 
        "accumulated_operating_revenue": 7710071, 
        "long_term_average": 1332384, 
        "date": "2015-06-30", 
        "operating_revenue": 1717224, 
        "short_term_average": 1307003
    }, 
    {
        "accumulated_operating_revenue_yoy": 0.24576153823934682, 
        "accumulated_operating_revenue": 8780423, 
        "long_term_average": 1319207, 
        "date": "2015-07-31", 
        "operating_revenue": 1070352, 
        "short_term_average": 1293340
    }, 
    {
        "accumulated_operating_revenue_yoy": 1.0249087585053551, 
        "accumulated_operating_revenue": 9981361, 
        "long_term_average": 1325851, 
        "date": "2015-08-31", 
        "operating_revenue": 1200938, 
        "short_term_average": 1329504
    }, 
    {
        "accumulated_operating_revenue_yoy": 2.1578932074447477, 
        "accumulated_operating_revenue": 11566285, 
        "long_term_average": 1337772, 
        "date": "2015-09-30", 
        "operating_revenue": 1584924, 
        "short_term_average": 1285404
    }, 
    {
        "accumulated_operating_revenue_yoy": 1.9776984710648946, 
        "accumulated_operating_revenue": 12732346, 
        "long_term_average": 1337990, 
        "date": "2015-10-31", 
        "operating_revenue": 1166061, 
        "short_term_average": 1317307
    }
]