[
    {
        "date": "2012-01-31", 
        "operating_revenue": 41390, 
        "accumulated_operating_revenue": 41390, 
        "long_term_average": 41390, 
        "short_term_average": 41390
    }, 
    {
        "date": "2012-02-29", 
        "operating_revenue": 72761, 
        "accumulated_operating_revenue": 114151, 
        "long_term_average": 57075, 
        "short_term_average": 57075
    }, 
    {
        "date": "2012-03-31", 
        "operating_revenue": 88327, 
        "accumulated_operating_revenue": 202478, 
        "long_term_average": 67492, 
        "short_term_average": 67492
    }, 
    {
        "date": "2012-04-30", 
        "operating_revenue": 76456, 
        "accumulated_operating_revenue": 278934, 
        "long_term_average": 69733, 
        "short_term_average": 79181
    }, 
    {
        "date": "2012-05-31", 
        "operating_revenue": 73333, 
        "accumulated_operating_revenue": 352267, 
        "long_term_average": 70453, 
        "short_term_average": 79372
    }, 
    {
        "date": "2012-06-30", 
        "operating_revenue": 68210, 
        "accumulated_operating_revenue": 420477, 
        "long_term_average": 70079, 
        "short_term_average": 72666
    }, 
    {
        "date": "2012-07-31", 
        "operating_revenue": 75016, 
        "accumulated_operating_revenue": 495493, 
        "long_term_average": 70784, 
        "short_term_average": 72186
    }, 
    {
        "date": "2012-08-31", 
        "operating_revenue": 66494, 
        "accumulated_operating_revenue": 561987, 
        "long_term_average": 70248, 
        "short_term_average": 69906
    }, 
    {
        "date": "2012-09-30", 
        "operating_revenue": 68891, 
        "accumulated_operating_revenue": 630878, 
        "long_term_average": 70097, 
        "short_term_average": 70133
    }, 
    {
        "date": "2012-10-31", 
        "operating_revenue": 51901, 
        "accumulated_operating_revenue": 682779, 
        "long_term_average": 68277, 
        "short_term_average": 62428
    }, 
    {
        "date": "2012-11-30", 
        "operating_revenue": 73072, 
        "accumulated_operating_revenue": 755851, 
        "long_term_average": 68713, 
        "short_term_average": 64621
    }, 
    {
        "date": "2012-12-31", 
        "operating_revenue": 53950, 
        "accumulated_operating_revenue": 809801, 
        "long_term_average": 67483, 
        "short_term_average": 59641
    }, 
    {
        "accumulated_operating_revenue_yoy": 46.49432230007248, 
        "accumulated_operating_revenue": 60634, 
        "long_term_average": 69087, 
        "date": "2013-01-31", 
        "operating_revenue": 60634, 
        "short_term_average": 62552
    }, 
    {
        "accumulated_operating_revenue_yoy": 0.30748745083266904, 
        "accumulated_operating_revenue": 114502, 
        "long_term_average": 67512, 
        "date": "2013-02-28", 
        "operating_revenue": 53868, 
        "short_term_average": 56150
    }, 
    {
        "accumulated_operating_revenue_yoy": -4.412331216230899, 
        "accumulated_operating_revenue": 193544, 
        "long_term_average": 66738, 
        "date": "2013-03-31", 
        "operating_revenue": 79042, 
        "short_term_average": 64514
    }, 
    {
        "accumulated_operating_revenue_yoy": -3.62021123276474, 
        "accumulated_operating_revenue": 268836, 
        "long_term_average": 66641, 
        "date": "2013-04-30", 
        "operating_revenue": 75292, 
        "short_term_average": 69400
    }, 
    {
        "accumulated_operating_revenue_yoy": -8.248572815506419, 
        "accumulated_operating_revenue": 323210, 
        "long_term_average": 65062, 
        "date": "2013-05-31", 
        "operating_revenue": 54374, 
        "short_term_average": 69569
    }, 
    {
        "accumulated_operating_revenue_yoy": -8.90060574062315, 
        "accumulated_operating_revenue": 383052, 
        "long_term_average": 64364, 
        "date": "2013-06-30", 
        "operating_revenue": 59842, 
        "short_term_average": 63169
    }, 
    {
        "accumulated_operating_revenue_yoy": -8.433822475796832, 
        "accumulated_operating_revenue": 453704, 
        "long_term_average": 64001, 
        "date": "2013-07-31", 
        "operating_revenue": 70652, 
        "short_term_average": 61622
    }, 
    {
        "accumulated_operating_revenue_yoy": -8.698421849615738, 
        "accumulated_operating_revenue": 513103, 
        "long_term_average": 63409, 
        "date": "2013-08-31", 
        "operating_revenue": 59399, 
        "short_term_average": 63297
    }, 
    {
        "accumulated_operating_revenue_yoy": -6.610628362377511, 
        "accumulated_operating_revenue": 589173, 
        "long_term_average": 64008, 
        "date": "2013-09-30", 
        "operating_revenue": 76070, 
        "short_term_average": 68707
    }, 
    {
        "accumulated_operating_revenue_yoy": -2.523510535619871, 
        "accumulated_operating_revenue": 665549, 
        "long_term_average": 66047, 
        "date": "2013-10-31", 
        "operating_revenue": 76376, 
        "short_term_average": 70615
    }, 
    {
        "accumulated_operating_revenue_yoy": -1.7119776252197854, 
        "accumulated_operating_revenue": 742911, 
        "long_term_average": 66405, 
        "date": "2013-11-30", 
        "operating_revenue": 77362, 
        "short_term_average": 76602
    }, 
    {
        "accumulated_operating_revenue_yoy": 2.272533622457863, 
        "accumulated_operating_revenue": 828204, 
        "long_term_average": 69017, 
        "date": "2013-12-31", 
        "operating_revenue": 85293, 
        "short_term_average": 79677
    }, 
    {
        "accumulated_operating_revenue_yoy": 21.245505821816142, 
        "accumulated_operating_revenue": 73516, 
        "long_term_average": 70090, 
        "date": "2014-01-31", 
        "operating_revenue": 73516, 
        "short_term_average": 78723
    }, 
    {
        "accumulated_operating_revenue_yoy": 33.41339015912386, 
        "accumulated_operating_revenue": 152761, 
        "long_term_average": 72205, 
        "date": "2014-02-28", 
        "operating_revenue": 79245, 
        "short_term_average": 79351
    }, 
    {
        "accumulated_operating_revenue_yoy": 21.79814409126607, 
        "accumulated_operating_revenue": 235733, 
        "long_term_average": 72532, 
        "date": "2014-03-31", 
        "operating_revenue": 82972, 
        "short_term_average": 78577
    }, 
    {
        "accumulated_operating_revenue_yoy": 19.29801068309304, 
        "accumulated_operating_revenue": 320716, 
        "long_term_average": 73340, 
        "date": "2014-04-30", 
        "operating_revenue": 84983, 
        "short_term_average": 82400
    }, 
    {
        "accumulated_operating_revenue_yoy": 24.242442993719255, 
        "accumulated_operating_revenue": 401564, 
        "long_term_average": 75546, 
        "date": "2014-05-31", 
        "operating_revenue": 80848, 
        "short_term_average": 82934
    }, 
    {
        "accumulated_operating_revenue_yoy": 28.879890980858995, 
        "accumulated_operating_revenue": 493677, 
        "long_term_average": 78235, 
        "date": "2014-06-30", 
        "operating_revenue": 92113, 
        "short_term_average": 85981
    }, 
    {
        "accumulated_operating_revenue_yoy": 27.156912877118124, 
        "accumulated_operating_revenue": 576916, 
        "long_term_average": 79284, 
        "date": "2014-07-31", 
        "operating_revenue": 83239, 
        "short_term_average": 85400
    }, 
    {
        "accumulated_operating_revenue_yoy": 30.44203600446694, 
        "accumulated_operating_revenue": 669302, 
        "long_term_average": 82033, 
        "date": "2014-08-31", 
        "operating_revenue": 92386, 
        "short_term_average": 89246
    }, 
    {
        "accumulated_operating_revenue_yoy": 28.87148596422443, 
        "accumulated_operating_revenue": 759276, 
        "long_term_average": 83192, 
        "date": "2014-09-30", 
        "operating_revenue": 89974, 
        "short_term_average": 88533
    }, 
    {
        "accumulated_operating_revenue_yoy": 27.726283113640015, 
        "accumulated_operating_revenue": 850081, 
        "long_term_average": 84394, 
        "date": "2014-10-31", 
        "operating_revenue": 90805, 
        "short_term_average": 91055
    }, 
    {
        "accumulated_operating_revenue_yoy": 25.48528693208204, 
        "accumulated_operating_revenue": 932244, 
        "long_term_average": 84794, 
        "date": "2014-11-30", 
        "operating_revenue": 82163, 
        "short_term_average": 87647
    }, 
    {
        "accumulated_operating_revenue_yoy": 24.55445759740354, 
        "accumulated_operating_revenue": 1031565, 
        "long_term_average": 85963, 
        "date": "2014-12-31", 
        "operating_revenue": 99321, 
        "short_term_average": 90763
    }, 
    {
        "accumulated_operating_revenue_yoy": 3.2645954622123075, 
        "accumulated_operating_revenue": 75916, 
        "long_term_average": 86163, 
        "date": "2015-01-31", 
        "operating_revenue": 75916, 
        "short_term_average": 85800
    }, 
    {
        "accumulated_operating_revenue_yoy": -8.847808013825519, 
        "accumulated_operating_revenue": 139245, 
        "long_term_average": 84837, 
        "date": "2015-02-28", 
        "operating_revenue": 63329, 
        "short_term_average": 79522
    }, 
    {
        "accumulated_operating_revenue_yoy": 12.434830931604825, 
        "accumulated_operating_revenue": 265046, 
        "long_term_average": 88406, 
        "date": "2015-03-31", 
        "operating_revenue": 125801, 
        "short_term_average": 88348
    }, 
    {
        "accumulated_operating_revenue_yoy": 20.809688322378676, 
        "accumulated_operating_revenue": 387456, 
        "long_term_average": 91525, 
        "date": "2015-04-30", 
        "operating_revenue": 122410, 
        "short_term_average": 103846
    }, 
    {
        "accumulated_operating_revenue_yoy": 25.439282405793346, 
        "accumulated_operating_revenue": 503719, 
        "long_term_average": 94476, 
        "date": "2015-05-31", 
        "operating_revenue": 116263, 
        "short_term_average": 121491
    }, 
    {
        "accumulated_operating_revenue_yoy": 23.831168962702336, 
        "accumulated_operating_revenue": 611326, 
        "long_term_average": 95767, 
        "date": "2015-06-30", 
        "operating_revenue": 107607, 
        "short_term_average": 115426
    }, 
    {
        "accumulated_operating_revenue_yoy": 19.279409827427216, 
        "accumulated_operating_revenue": 688142, 
        "long_term_average": 95232, 
        "date": "2015-07-31", 
        "operating_revenue": 76816, 
        "short_term_average": 100228
    }, 
    {
        "accumulated_operating_revenue_yoy": 17.108719232872456, 
        "accumulated_operating_revenue": 783811, 
        "long_term_average": 95506, 
        "date": "2015-08-31", 
        "operating_revenue": 95669, 
        "short_term_average": 93364
    }
]