[
    {
        "date": "2012-01-31", 
        "operating_revenue": 62321, 
        "accumulated_operating_revenue": 62321, 
        "long_term_average": 62321, 
        "short_term_average": 62321
    }, 
    {
        "date": "2012-02-29", 
        "operating_revenue": 72331, 
        "accumulated_operating_revenue": 134652, 
        "long_term_average": 67326, 
        "short_term_average": 67326
    }, 
    {
        "date": "2012-03-31", 
        "operating_revenue": 85637, 
        "accumulated_operating_revenue": 220289, 
        "long_term_average": 73429, 
        "short_term_average": 73429
    }, 
    {
        "date": "2012-04-30", 
        "operating_revenue": 105778, 
        "accumulated_operating_revenue": 326067, 
        "long_term_average": 81516, 
        "short_term_average": 87915
    }, 
    {
        "date": "2012-05-31", 
        "operating_revenue": 103734, 
        "accumulated_operating_revenue": 429801, 
        "long_term_average": 85960, 
        "short_term_average": 98383
    }, 
    {
        "date": "2012-06-30", 
        "operating_revenue": 102972, 
        "accumulated_operating_revenue": 532773, 
        "long_term_average": 88795, 
        "short_term_average": 104161
    }, 
    {
        "date": "2012-07-31", 
        "operating_revenue": 84611, 
        "accumulated_operating_revenue": 617384, 
        "long_term_average": 88197, 
        "short_term_average": 97105
    }, 
    {
        "date": "2012-08-31", 
        "operating_revenue": 106840, 
        "accumulated_operating_revenue": 724224, 
        "long_term_average": 90528, 
        "short_term_average": 98141
    }, 
    {
        "date": "2012-09-30", 
        "operating_revenue": 140344, 
        "accumulated_operating_revenue": 864568, 
        "long_term_average": 96063, 
        "short_term_average": 110598
    }, 
    {
        "date": "2012-10-31", 
        "operating_revenue": 122236, 
        "accumulated_operating_revenue": 986804, 
        "long_term_average": 98680, 
        "short_term_average": 123140
    }, 
    {
        "date": "2012-11-30", 
        "operating_revenue": 112469, 
        "accumulated_operating_revenue": 1099273, 
        "long_term_average": 99933, 
        "short_term_average": 125016
    }, 
    {
        "date": "2012-12-31", 
        "operating_revenue": 95615, 
        "accumulated_operating_revenue": 1194888, 
        "long_term_average": 99574, 
        "short_term_average": 110106
    }, 
    {
        "accumulated_operating_revenue_yoy": 108.41770831661879, 
        "accumulated_operating_revenue": 129888, 
        "long_term_average": 105204, 
        "date": "2013-01-31", 
        "operating_revenue": 129888, 
        "short_term_average": 112657
    }, 
    {
        "accumulated_operating_revenue_yoy": 53.06048183465526, 
        "accumulated_operating_revenue": 206099, 
        "long_term_average": 105527, 
        "date": "2013-02-28", 
        "operating_revenue": 76211, 
        "short_term_average": 100571
    }, 
    {
        "accumulated_operating_revenue_yoy": 27.163862017622304, 
        "accumulated_operating_revenue": 280128, 
        "long_term_average": 104560, 
        "date": "2013-03-31", 
        "operating_revenue": 74029, 
        "short_term_average": 93376
    }, 
    {
        "accumulated_operating_revenue_yoy": 8.843581227171104, 
        "accumulated_operating_revenue": 354903, 
        "long_term_average": 101977, 
        "date": "2013-04-30", 
        "operating_revenue": 74775, 
        "short_term_average": 75005
    }, 
    {
        "accumulated_operating_revenue_yoy": 0.2954855851894249, 
        "accumulated_operating_revenue": 431071, 
        "long_term_average": 99679, 
        "date": "2013-05-31", 
        "operating_revenue": 76168, 
        "short_term_average": 74990
    }, 
    {
        "accumulated_operating_revenue_yoy": -3.9072925992871257, 
        "accumulated_operating_revenue": 511956, 
        "long_term_average": 97839, 
        "date": "2013-06-30", 
        "operating_revenue": 80885, 
        "short_term_average": 77276
    }, 
    {
        "accumulated_operating_revenue_yoy": -3.1531429385925134, 
        "accumulated_operating_revenue": 597917, 
        "long_term_average": 97951, 
        "date": "2013-07-31", 
        "operating_revenue": 85961, 
        "short_term_average": 81004
    }, 
    {
        "accumulated_operating_revenue_yoy": -5.639553508306823, 
        "accumulated_operating_revenue": 683381, 
        "long_term_average": 96170, 
        "date": "2013-08-31", 
        "operating_revenue": 85464, 
        "short_term_average": 84103
    }, 
    {
        "accumulated_operating_revenue_yoy": -8.692318013158017, 
        "accumulated_operating_revenue": 789417, 
        "long_term_average": 93311, 
        "date": "2013-09-30", 
        "operating_revenue": 106036, 
        "short_term_average": 92487
    }, 
    {
        "accumulated_operating_revenue_yoy": -11.054880199107421, 
        "accumulated_operating_revenue": 877714, 
        "long_term_average": 90483, 
        "date": "2013-10-31", 
        "operating_revenue": 88297, 
        "short_term_average": 93265
    }, 
    {
        "accumulated_operating_revenue_yoy": -11.117165617640023, 
        "accumulated_operating_revenue": 977065, 
        "long_term_average": 89390, 
        "date": "2013-11-30", 
        "operating_revenue": 99351, 
        "short_term_average": 97894
    }, 
    {
        "accumulated_operating_revenue_yoy": -9.686096102730968, 
        "accumulated_operating_revenue": 1079150, 
        "long_term_average": 89929, 
        "date": "2013-12-31", 
        "operating_revenue": 102085, 
        "short_term_average": 96577
    }, 
    {
        "accumulated_operating_revenue_yoy": -44.756251539788124, 
        "accumulated_operating_revenue": 71755, 
        "long_term_average": 85084, 
        "date": "2014-01-31", 
        "operating_revenue": 71755, 
        "short_term_average": 91063
    }, 
    {
        "accumulated_operating_revenue_yoy": -28.058845506285813, 
        "accumulated_operating_revenue": 148270, 
        "long_term_average": 85110, 
        "date": "2014-02-28", 
        "operating_revenue": 76515, 
        "short_term_average": 83451
    }, 
    {
        "accumulated_operating_revenue_yoy": -12.729894905186201, 
        "accumulated_operating_revenue": 244468, 
        "long_term_average": 86957, 
        "date": "2014-03-31", 
        "operating_revenue": 96198, 
        "short_term_average": 81489
    }, 
    {
        "accumulated_operating_revenue_yoy": 8.725482737536735, 
        "accumulated_operating_revenue": 385870, 
        "long_term_average": 92509, 
        "date": "2014-04-30", 
        "operating_revenue": 141402, 
        "short_term_average": 104705
    }, 
    {
        "accumulated_operating_revenue_yoy": 15.083130157213082, 
        "accumulated_operating_revenue": 496090, 
        "long_term_average": 95347, 
        "date": "2014-05-31", 
        "operating_revenue": 110220, 
        "short_term_average": 115940
    }, 
    {
        "accumulated_operating_revenue_yoy": 19.54367172178859, 
        "accumulated_operating_revenue": 612011, 
        "long_term_average": 98267, 
        "date": "2014-06-30", 
        "operating_revenue": 115921, 
        "short_term_average": 122514
    }, 
    {
        "accumulated_operating_revenue_yoy": 24.09431409376218, 
        "accumulated_operating_revenue": 741981, 
        "long_term_average": 101934, 
        "date": "2014-07-31", 
        "operating_revenue": 129970, 
        "short_term_average": 118703
    }, 
    {
        "accumulated_operating_revenue_yoy": 29.203914068433274, 
        "accumulated_operating_revenue": 882955, 
        "long_term_average": 106560, 
        "date": "2014-08-31", 
        "operating_revenue": 140974, 
        "short_term_average": 128955
    }, 
    {
        "accumulated_operating_revenue_yoy": 29.018376852791363, 
        "accumulated_operating_revenue": 1018493, 
        "long_term_average": 109018, 
        "date": "2014-09-30", 
        "operating_revenue": 135538, 
        "short_term_average": 135494
    }, 
    {
        "accumulated_operating_revenue_yoy": 30.95871775999927, 
        "accumulated_operating_revenue": 1149443, 
        "long_term_average": 112573, 
        "date": "2014-10-31", 
        "operating_revenue": 130950, 
        "short_term_average": 135820
    }, 
    {
        "accumulated_operating_revenue_yoy": 31.9243857880489, 
        "accumulated_operating_revenue": 1288987, 
        "long_term_average": 115922, 
        "date": "2014-11-30", 
        "operating_revenue": 139544, 
        "short_term_average": 135344
    }, 
    {
        "accumulated_operating_revenue_yoy": 32.37084742621508, 
        "accumulated_operating_revenue": 1428480, 
        "long_term_average": 119040, 
        "date": "2014-12-31", 
        "operating_revenue": 139493, 
        "short_term_average": 136662
    }, 
    {
        "accumulated_operating_revenue_yoy": 85.45049125496482, 
        "accumulated_operating_revenue": 133070, 
        "long_term_average": 124149, 
        "date": "2015-01-31", 
        "operating_revenue": 133070, 
        "short_term_average": 137369
    }, 
    {
        "accumulated_operating_revenue_yoy": 57.17002765225602, 
        "accumulated_operating_revenue": 233036, 
        "long_term_average": 126103, 
        "date": "2015-02-28", 
        "operating_revenue": 99966, 
        "short_term_average": 124176
    }, 
    {
        "accumulated_operating_revenue_yoy": 57.85747009833598, 
        "accumulated_operating_revenue": 385911, 
        "long_term_average": 130826, 
        "date": "2015-03-31", 
        "operating_revenue": 152875, 
        "short_term_average": 128637
    }, 
    {
        "accumulated_operating_revenue_yoy": 32.57210977790447, 
        "accumulated_operating_revenue": 511556, 
        "long_term_average": 129513, 
        "date": "2015-04-30", 
        "operating_revenue": 125645, 
        "short_term_average": 126162
    }, 
    {
        "accumulated_operating_revenue_yoy": 29.854461891995403, 
        "accumulated_operating_revenue": 644195, 
        "long_term_average": 131382, 
        "date": "2015-05-31", 
        "operating_revenue": 132639, 
        "short_term_average": 137053
    }, 
    {
        "accumulated_operating_revenue_yoy": 28.765986232273605, 
        "accumulated_operating_revenue": 788062, 
        "long_term_average": 133710, 
        "date": "2015-06-30", 
        "operating_revenue": 143867, 
        "short_term_average": 134050
    }, 
    {
        "accumulated_operating_revenue_yoy": 26.597177016662148, 
        "accumulated_operating_revenue": 939327, 
        "long_term_average": 135485, 
        "date": "2015-07-31", 
        "operating_revenue": 151265, 
        "short_term_average": 142590
    }, 
    {
        "accumulated_operating_revenue_yoy": 24.08899660798115, 
        "accumulated_operating_revenue": 1095650, 
        "long_term_average": 136764, 
        "date": "2015-08-31", 
        "operating_revenue": 156323, 
        "short_term_average": 150485
    }, 
    {
        "accumulated_operating_revenue_yoy": 22.82519369303471, 
        "accumulated_operating_revenue": 1250966, 
        "long_term_average": 138412, 
        "date": "2015-09-30", 
        "operating_revenue": 155316, 
        "short_term_average": 154301
    }, 
    {
        "accumulated_operating_revenue_yoy": 24.71901607996221, 
        "accumulated_operating_revenue": 1433574, 
        "long_term_average": 142717, 
        "date": "2015-10-31", 
        "operating_revenue": 182608, 
        "short_term_average": 164749
    }
]