[
    {
        "date": "2012-01-31", 
        "operating_revenue": 88160, 
        "accumulated_operating_revenue": 88160, 
        "long_term_average": 88160, 
        "short_term_average": 88160
    }, 
    {
        "date": "2012-02-29", 
        "operating_revenue": 112341, 
        "accumulated_operating_revenue": 200501, 
        "long_term_average": 100250, 
        "short_term_average": 100250
    }, 
    {
        "date": "2012-03-31", 
        "operating_revenue": 73322, 
        "accumulated_operating_revenue": 273823, 
        "long_term_average": 91274, 
        "short_term_average": 91274
    }, 
    {
        "date": "2012-04-30", 
        "operating_revenue": 86795, 
        "accumulated_operating_revenue": 360618, 
        "long_term_average": 90154, 
        "short_term_average": 90819
    }, 
    {
        "date": "2012-05-31", 
        "operating_revenue": 125255, 
        "accumulated_operating_revenue": 485873, 
        "long_term_average": 97174, 
        "short_term_average": 95124
    }, 
    {
        "date": "2012-06-30", 
        "operating_revenue": 95670, 
        "accumulated_operating_revenue": 581543, 
        "long_term_average": 96923, 
        "short_term_average": 102573
    }, 
    {
        "date": "2012-07-31", 
        "operating_revenue": 110538, 
        "accumulated_operating_revenue": 692081, 
        "long_term_average": 98868, 
        "short_term_average": 110487
    }, 
    {
        "date": "2012-08-31", 
        "operating_revenue": 83347, 
        "accumulated_operating_revenue": 775428, 
        "long_term_average": 96928, 
        "short_term_average": 96518
    }, 
    {
        "date": "2012-09-30", 
        "operating_revenue": 75711, 
        "accumulated_operating_revenue": 851139, 
        "long_term_average": 94571, 
        "short_term_average": 89865
    }, 
    {
        "date": "2012-10-31", 
        "operating_revenue": 59317, 
        "accumulated_operating_revenue": 910456, 
        "long_term_average": 91045, 
        "short_term_average": 72791
    }, 
    {
        "date": "2012-11-30", 
        "operating_revenue": 106379, 
        "accumulated_operating_revenue": 1016835, 
        "long_term_average": 92439, 
        "short_term_average": 80469
    }, 
    {
        "date": "2012-12-31", 
        "operating_revenue": 140561, 
        "accumulated_operating_revenue": 1157396, 
        "long_term_average": 96449, 
        "short_term_average": 102085
    }, 
    {
        "accumulated_operating_revenue_yoy": 27.233439201451905, 
        "accumulated_operating_revenue": 112169, 
        "long_term_average": 98450, 
        "date": "2013-01-31", 
        "operating_revenue": 112169, 
        "short_term_average": 119703
    }, 
    {
        "accumulated_operating_revenue_yoy": 5.519673218587438, 
        "accumulated_operating_revenue": 211568, 
        "long_term_average": 97371, 
        "date": "2013-02-28", 
        "operating_revenue": 99399, 
        "short_term_average": 117376
    }, 
    {
        "accumulated_operating_revenue_yoy": 6.303707139283405, 
        "accumulated_operating_revenue": 291084, 
        "long_term_average": 97888, 
        "date": "2013-03-31", 
        "operating_revenue": 79516, 
        "short_term_average": 97028
    }, 
    {
        "accumulated_operating_revenue_yoy": 5.07406729558702, 
        "accumulated_operating_revenue": 378916, 
        "long_term_average": 97974, 
        "date": "2013-04-30", 
        "operating_revenue": 87832, 
        "short_term_average": 88915
    }, 
    {
        "accumulated_operating_revenue_yoy": -7.312610496981721, 
        "accumulated_operating_revenue": 450343, 
        "long_term_average": 93488, 
        "date": "2013-05-31", 
        "operating_revenue": 71427, 
        "short_term_average": 79591
    }, 
    {
        "accumulated_operating_revenue_yoy": -0.40770845835991487, 
        "accumulated_operating_revenue": 579172, 
        "long_term_average": 96252, 
        "date": "2013-06-30", 
        "operating_revenue": 128829, 
        "short_term_average": 96029
    }, 
    {
        "accumulated_operating_revenue_yoy": -5.622029791310554, 
        "accumulated_operating_revenue": 653172, 
        "long_term_average": 93207, 
        "date": "2013-07-31", 
        "operating_revenue": 74000, 
        "short_term_average": 91418
    }, 
    {
        "accumulated_operating_revenue_yoy": -6.344109317692939, 
        "accumulated_operating_revenue": 726234, 
        "long_term_average": 92350, 
        "date": "2013-08-31", 
        "operating_revenue": 73062, 
        "short_term_average": 91963
    }, 
    {
        "accumulated_operating_revenue_yoy": 1.1167388640398337, 
        "accumulated_operating_revenue": 860644, 
        "long_term_average": 97241, 
        "date": "2013-09-30", 
        "operating_revenue": 134410, 
        "short_term_average": 93824
    }, 
    {
        "accumulated_operating_revenue_yoy": 2.407145430421679, 
        "accumulated_operating_revenue": 932372, 
        "long_term_average": 98276, 
        "date": "2013-10-31", 
        "operating_revenue": 71728, 
        "short_term_average": 93066
    }, 
    {
        "accumulated_operating_revenue_yoy": 0.39868808607099476, 
        "accumulated_operating_revenue": 1020889, 
        "long_term_average": 96787, 
        "date": "2013-11-30", 
        "operating_revenue": 88517, 
        "short_term_average": 98218
    }, 
    {
        "accumulated_operating_revenue_yoy": -3.6950188181054715, 
        "accumulated_operating_revenue": 1114630, 
        "long_term_average": 92885, 
        "date": "2013-12-31", 
        "operating_revenue": 93741, 
        "short_term_average": 84662
    }, 
    {
        "accumulated_operating_revenue_yoy": -25.52755217573483, 
        "accumulated_operating_revenue": 83535, 
        "long_term_average": 90499, 
        "date": "2014-01-31", 
        "operating_revenue": 83535, 
        "short_term_average": 88597
    }, 
    {
        "accumulated_operating_revenue_yoy": -21.383195946456933, 
        "accumulated_operating_revenue": 166328, 
        "long_term_average": 89115, 
        "date": "2014-02-28", 
        "operating_revenue": 82793, 
        "short_term_average": 86689
    }, 
    {
        "accumulated_operating_revenue_yoy": -13.203748746066427, 
        "accumulated_operating_revenue": 252650, 
        "long_term_average": 89683, 
        "date": "2014-03-31", 
        "operating_revenue": 86322, 
        "short_term_average": 84216
    }, 
    {
        "accumulated_operating_revenue_yoy": -10.088779571197838, 
        "accumulated_operating_revenue": 340688, 
        "long_term_average": 89700, 
        "date": "2014-04-30", 
        "operating_revenue": 88038, 
        "short_term_average": 85717
    }, 
    {
        "accumulated_operating_revenue_yoy": -1.2867969525450602, 
        "accumulated_operating_revenue": 444548, 
        "long_term_average": 92402, 
        "date": "2014-05-31", 
        "operating_revenue": 103860, 
        "short_term_average": 92740
    }, 
    {
        "accumulated_operating_revenue_yoy": -6.254791322784942, 
        "accumulated_operating_revenue": 542946, 
        "long_term_average": 89867, 
        "date": "2014-06-30", 
        "operating_revenue": 98398, 
        "short_term_average": 96765
    }, 
    {
        "accumulated_operating_revenue_yoy": -5.53315206408113, 
        "accumulated_operating_revenue": 617031, 
        "long_term_average": 89874, 
        "date": "2014-07-31", 
        "operating_revenue": 74085, 
        "short_term_average": 92114
    }, 
    {
        "accumulated_operating_revenue_yoy": -2.1241087583340907, 
        "accumulated_operating_revenue": 710808, 
        "long_term_average": 91600, 
        "date": "2014-08-31", 
        "operating_revenue": 93777, 
        "short_term_average": 88753
    }, 
    {
        "accumulated_operating_revenue_yoy": -9.389480435580797, 
        "accumulated_operating_revenue": 779834, 
        "long_term_average": 86151, 
        "date": "2014-09-30", 
        "operating_revenue": 69026, 
        "short_term_average": 78962
    }, 
    {
        "accumulated_operating_revenue_yoy": -7.838394975396086, 
        "accumulated_operating_revenue": 859289, 
        "long_term_average": 86795, 
        "date": "2014-10-31", 
        "operating_revenue": 79455, 
        "short_term_average": 80752
    }, 
    {
        "accumulated_operating_revenue_yoy": -6.91358218180429, 
        "accumulated_operating_revenue": 950309, 
        "long_term_average": 87004, 
        "date": "2014-11-30", 
        "operating_revenue": 91020, 
        "short_term_average": 79833
    }, 
    {
        "accumulated_operating_revenue_yoy": -5.806769959538142, 
        "accumulated_operating_revenue": 1049906, 
        "long_term_average": 87492, 
        "date": "2014-12-31", 
        "operating_revenue": 99597, 
        "short_term_average": 90024
    }, 
    {
        "accumulated_operating_revenue_yoy": 2.0410606332674925, 
        "accumulated_operating_revenue": 85240, 
        "long_term_average": 87634, 
        "date": "2015-01-31", 
        "operating_revenue": 85240, 
        "short_term_average": 91952
    }, 
    {
        "accumulated_operating_revenue_yoy": -4.667885142609783, 
        "accumulated_operating_revenue": 158564, 
        "long_term_average": 86845, 
        "date": "2015-02-28", 
        "operating_revenue": 73324, 
        "short_term_average": 86053
    }, 
    {
        "accumulated_operating_revenue_yoy": 11.307737977439144, 
        "accumulated_operating_revenue": 281219, 
        "long_term_average": 89872, 
        "date": "2015-03-31", 
        "operating_revenue": 122655, 
        "short_term_average": 93739
    }, 
    {
        "accumulated_operating_revenue_yoy": 5.1988916545343535, 
        "accumulated_operating_revenue": 358400, 
        "long_term_average": 88968, 
        "date": "2015-04-30", 
        "operating_revenue": 77181, 
        "short_term_average": 91053
    }, 
    {
        "accumulated_operating_revenue_yoy": -3.4968102432133317, 
        "accumulated_operating_revenue": 429003, 
        "long_term_average": 86196, 
        "date": "2015-05-31", 
        "operating_revenue": 70603, 
        "short_term_average": 90146
    }, 
    {
        "accumulated_operating_revenue_yoy": -6.789809667996449, 
        "accumulated_operating_revenue": 506081, 
        "long_term_average": 84420, 
        "date": "2015-06-30", 
        "operating_revenue": 77078, 
        "short_term_average": 74954
    }, 
    {
        "accumulated_operating_revenue_yoy": -0.6654446859233977, 
        "accumulated_operating_revenue": 612925, 
        "long_term_average": 87150, 
        "date": "2015-07-31", 
        "operating_revenue": 106844, 
        "short_term_average": 84841
    }, 
    {
        "accumulated_operating_revenue_yoy": -4.325922049273503, 
        "accumulated_operating_revenue": 680059, 
        "long_term_average": 84929, 
        "date": "2015-08-31", 
        "operating_revenue": 67134, 
        "short_term_average": 83685
    }
]