[
    {
        "date": "2012-01-31", 
        "operating_revenue": 9468, 
        "accumulated_operating_revenue": 9468, 
        "long_term_average": 9468, 
        "short_term_average": 9468
    }, 
    {
        "date": "2012-02-29", 
        "operating_revenue": 369664, 
        "accumulated_operating_revenue": 379132, 
        "long_term_average": 189566, 
        "short_term_average": 189566
    }, 
    {
        "date": "2012-03-31", 
        "operating_revenue": 70473, 
        "accumulated_operating_revenue": 449605, 
        "long_term_average": 149868, 
        "short_term_average": 149868
    }, 
    {
        "date": "2012-04-30", 
        "operating_revenue": 19177, 
        "accumulated_operating_revenue": 468782, 
        "long_term_average": 117195, 
        "short_term_average": 153104
    }, 
    {
        "date": "2012-05-31", 
        "operating_revenue": 581238, 
        "accumulated_operating_revenue": 1050020, 
        "long_term_average": 210004, 
        "short_term_average": 223629
    }, 
    {
        "date": "2012-06-30", 
        "operating_revenue": 19636, 
        "accumulated_operating_revenue": 1069656, 
        "long_term_average": 178276, 
        "short_term_average": 206683
    }, 
    {
        "date": "2012-07-31", 
        "operating_revenue": 31048, 
        "accumulated_operating_revenue": 1100704, 
        "long_term_average": 157243, 
        "short_term_average": 210640
    }, 
    {
        "date": "2012-08-31", 
        "operating_revenue": 17084, 
        "accumulated_operating_revenue": 1117788, 
        "long_term_average": 139723, 
        "short_term_average": 22589
    }, 
    {
        "date": "2012-09-30", 
        "operating_revenue": 369564, 
        "accumulated_operating_revenue": 1487352, 
        "long_term_average": 165261, 
        "short_term_average": 139232
    }, 
    {
        "date": "2012-10-31", 
        "operating_revenue": 25105, 
        "accumulated_operating_revenue": 1512457, 
        "long_term_average": 151245, 
        "short_term_average": 137251
    }, 
    {
        "date": "2012-11-30", 
        "operating_revenue": 588589, 
        "accumulated_operating_revenue": 2101046, 
        "long_term_average": 191004, 
        "short_term_average": 327752
    }, 
    {
        "date": "2012-12-31", 
        "operating_revenue": 198201, 
        "accumulated_operating_revenue": 2299247, 
        "long_term_average": 191603, 
        "short_term_average": 270631
    }, 
    {
        "accumulated_operating_revenue_yoy": 42.80735107731306, 
        "accumulated_operating_revenue": 13521, 
        "long_term_average": 191941, 
        "date": "2013-01-31", 
        "operating_revenue": 13521, 
        "short_term_average": 266770
    }, 
    {
        "accumulated_operating_revenue_yoy": -94.52407077218488, 
        "accumulated_operating_revenue": 20761, 
        "long_term_average": 161739, 
        "date": "2013-02-28", 
        "operating_revenue": 7240, 
        "short_term_average": 72987
    }, 
    {
        "accumulated_operating_revenue_yoy": 8.408936733354833, 
        "accumulated_operating_revenue": 487412, 
        "long_term_average": 194754, 
        "date": "2013-03-31", 
        "operating_revenue": 466651, 
        "short_term_average": 162470
    }, 
    {
        "accumulated_operating_revenue_yoy": 4.45729571527917, 
        "accumulated_operating_revenue": 489677, 
        "long_term_average": 193345, 
        "date": "2013-04-30", 
        "operating_revenue": 2265, 
        "short_term_average": 158718
    }, 
    {
        "accumulated_operating_revenue_yoy": -43.70831031789871, 
        "accumulated_operating_revenue": 591074, 
        "long_term_average": 153358, 
        "date": "2013-05-31", 
        "operating_revenue": 101397, 
        "short_term_average": 190104
    }, 
    {
        "accumulated_operating_revenue_yoy": -31.528921447642983, 
        "accumulated_operating_revenue": 732405, 
        "long_term_average": 163499, 
        "date": "2013-06-30", 
        "operating_revenue": 141331, 
        "short_term_average": 81664
    }, 
    {
        "accumulated_operating_revenue_yoy": -32.73959211559148, 
        "accumulated_operating_revenue": 740338, 
        "long_term_average": 161573, 
        "date": "2013-07-31", 
        "operating_revenue": 7933, 
        "short_term_average": 83553
    }, 
    {
        "accumulated_operating_revenue_yoy": -13.220395996378562, 
        "accumulated_operating_revenue": 970012, 
        "long_term_average": 179289, 
        "date": "2013-08-31", 
        "operating_revenue": 229674, 
        "short_term_average": 126312
    }, 
    {
        "accumulated_operating_revenue_yoy": -34.27218304745615, 
        "accumulated_operating_revenue": 977604, 
        "long_term_average": 149124, 
        "date": "2013-09-30", 
        "operating_revenue": 7592, 
        "short_term_average": 81733
    }, 
    {
        "accumulated_operating_revenue_yoy": -31.34105630771652, 
        "accumulated_operating_revenue": 1038437, 
        "long_term_average": 152102, 
        "date": "2013-10-31", 
        "operating_revenue": 60833, 
        "short_term_average": 99366
    }, 
    {
        "accumulated_operating_revenue_yoy": -42.009170670228066, 
        "accumulated_operating_revenue": 1218414, 
        "long_term_average": 118051, 
        "date": "2013-11-30", 
        "operating_revenue": 179977, 
        "short_term_average": 82800
    }, 
    {
        "accumulated_operating_revenue_yoy": -17.468327674234217, 
        "accumulated_operating_revenue": 1897607, 
        "long_term_average": 158133, 
        "date": "2013-12-31", 
        "operating_revenue": 679193, 
        "short_term_average": 306667
    }, 
    {
        "accumulated_operating_revenue_yoy": 21.899267805635677, 
        "accumulated_operating_revenue": 16482, 
        "long_term_average": 158380, 
        "date": "2014-01-31", 
        "operating_revenue": 16482, 
        "short_term_average": 291884
    }, 
    {
        "accumulated_operating_revenue_yoy": 216.59361302442076, 
        "accumulated_operating_revenue": 65728, 
        "long_term_average": 161881, 
        "date": "2014-02-28", 
        "operating_revenue": 49246, 
        "short_term_average": 248307
    }, 
    {
        "accumulated_operating_revenue_yoy": 60.30832232279878, 
        "accumulated_operating_revenue": 781362, 
        "long_term_average": 182629, 
        "date": "2014-03-31", 
        "operating_revenue": 715634, 
        "short_term_average": 260454
    }, 
    {
        "accumulated_operating_revenue_yoy": 90.59196164001985, 
        "accumulated_operating_revenue": 933285, 
        "long_term_average": 195101, 
        "date": "2014-04-30", 
        "operating_revenue": 151923, 
        "short_term_average": 305601
    }, 
    {
        "accumulated_operating_revenue_yoy": 61.222452687819114, 
        "accumulated_operating_revenue": 952944, 
        "long_term_average": 188289, 
        "date": "2014-05-31", 
        "operating_revenue": 19659, 
        "short_term_average": 295738
    }, 
    {
        "accumulated_operating_revenue_yoy": 33.052750868713346, 
        "accumulated_operating_revenue": 974485, 
        "long_term_average": 178307, 
        "date": "2014-06-30", 
        "operating_revenue": 21541, 
        "short_term_average": 64374
    }, 
    {
        "accumulated_operating_revenue_yoy": 31.713352549781316, 
        "accumulated_operating_revenue": 975124, 
        "long_term_average": 177699, 
        "date": "2014-07-31", 
        "operating_revenue": 639, 
        "short_term_average": 13946
    }, 
    {
        "accumulated_operating_revenue_yoy": 3.195939844043166, 
        "accumulated_operating_revenue": 1001013, 
        "long_term_average": 160717, 
        "date": "2014-08-31", 
        "operating_revenue": 25889, 
        "short_term_average": 16023
    }, 
    {
        "accumulated_operating_revenue_yoy": 4.971235796907542, 
        "accumulated_operating_revenue": 1026203, 
        "long_term_average": 162183, 
        "date": "2014-09-30", 
        "operating_revenue": 25190, 
        "short_term_average": 17239
    }, 
    {
        "accumulated_operating_revenue_yoy": 1.094818462747379, 
        "accumulated_operating_revenue": 1049806, 
        "long_term_average": 159081, 
        "date": "2014-10-31", 
        "operating_revenue": 23603, 
        "short_term_average": 24894
    }, 
    {
        "accumulated_operating_revenue_yoy": -12.28892642402336, 
        "accumulated_operating_revenue": 1068684, 
        "long_term_average": 145656, 
        "date": "2014-11-30", 
        "operating_revenue": 18878, 
        "short_term_average": 22557
    }, 
    {
        "accumulated_operating_revenue_yoy": 20.204130781558035, 
        "accumulated_operating_revenue": 2281002, 
        "long_term_average": 190083, 
        "date": "2014-12-31", 
        "operating_revenue": 1212318, 
        "short_term_average": 418266
    }, 
    {
        "accumulated_operating_revenue_yoy": 914.5370707438417, 
        "accumulated_operating_revenue": 167216, 
        "long_term_average": 202644, 
        "date": "2015-01-31", 
        "operating_revenue": 167216, 
        "short_term_average": 466137
    }, 
    {
        "accumulated_operating_revenue_yoy": 350.0943281402142, 
        "accumulated_operating_revenue": 295838, 
        "long_term_average": 209259, 
        "date": "2015-02-28", 
        "operating_revenue": 128622, 
        "short_term_average": 502718
    }, 
    {
        "accumulated_operating_revenue_yoy": -50.285399085187144, 
        "accumulated_operating_revenue": 388451, 
        "long_term_average": 157340, 
        "date": "2015-03-31", 
        "operating_revenue": 92613, 
        "short_term_average": 129483
    }, 
    {
        "accumulated_operating_revenue_yoy": -55.771816754796234, 
        "accumulated_operating_revenue": 412775, 
        "long_term_average": 146707, 
        "date": "2015-04-30", 
        "operating_revenue": 24324, 
        "short_term_average": 81853
    }, 
    {
        "accumulated_operating_revenue_yoy": -50.52731325240518, 
        "accumulated_operating_revenue": 471447, 
        "long_term_average": 149958, 
        "date": "2015-05-31", 
        "operating_revenue": 58672, 
        "short_term_average": 58536
    }, 
    {
        "accumulated_operating_revenue_yoy": -50.42006803593693, 
        "accumulated_operating_revenue": 483149, 
        "long_term_average": 149138, 
        "date": "2015-06-30", 
        "operating_revenue": 11702, 
        "short_term_average": 31566
    }, 
    {
        "accumulated_operating_revenue_yoy": -48.12116202657303, 
        "accumulated_operating_revenue": 505883, 
        "long_term_average": 150980, 
        "date": "2015-07-31", 
        "operating_revenue": 22734, 
        "short_term_average": 31036
    }, 
    {
        "accumulated_operating_revenue_yoy": -46.588805539987995, 
        "accumulated_operating_revenue": 534653, 
        "long_term_average": 151220, 
        "date": "2015-08-31", 
        "operating_revenue": 28770, 
        "short_term_average": 21068
    }
]