[
    {
        "date": "2012-01-31", 
        "operating_revenue": 208509, 
        "accumulated_operating_revenue": 208509, 
        "long_term_average": 208509, 
        "short_term_average": 208509
    }, 
    {
        "date": "2012-02-29", 
        "operating_revenue": 230100, 
        "accumulated_operating_revenue": 438609, 
        "long_term_average": 219304, 
        "short_term_average": 219304
    }, 
    {
        "date": "2012-03-31", 
        "operating_revenue": 142731, 
        "accumulated_operating_revenue": 581340, 
        "long_term_average": 193780, 
        "short_term_average": 193780
    }, 
    {
        "date": "2012-04-30", 
        "operating_revenue": 131512, 
        "accumulated_operating_revenue": 712852, 
        "long_term_average": 178213, 
        "short_term_average": 168114
    }, 
    {
        "date": "2012-05-31", 
        "operating_revenue": 196339, 
        "accumulated_operating_revenue": 909191, 
        "long_term_average": 181838, 
        "short_term_average": 156860
    }, 
    {
        "date": "2012-06-30", 
        "operating_revenue": 138994, 
        "accumulated_operating_revenue": 1048185, 
        "long_term_average": 174697, 
        "short_term_average": 155615
    }, 
    {
        "date": "2012-07-31", 
        "operating_revenue": 131966, 
        "accumulated_operating_revenue": 1180151, 
        "long_term_average": 168593, 
        "short_term_average": 155766
    }, 
    {
        "date": "2012-08-31", 
        "operating_revenue": 107766, 
        "accumulated_operating_revenue": 1287917, 
        "long_term_average": 160989, 
        "short_term_average": 126242
    }, 
    {
        "date": "2012-09-30", 
        "operating_revenue": 118085, 
        "accumulated_operating_revenue": 1406002, 
        "long_term_average": 156222, 
        "short_term_average": 119272
    }, 
    {
        "date": "2012-10-31", 
        "operating_revenue": 144631, 
        "accumulated_operating_revenue": 1550633, 
        "long_term_average": 155063, 
        "short_term_average": 123494
    }, 
    {
        "date": "2012-11-30", 
        "operating_revenue": 130751, 
        "accumulated_operating_revenue": 1681384, 
        "long_term_average": 152853, 
        "short_term_average": 131155
    }, 
    {
        "date": "2012-12-31", 
        "operating_revenue": 141675, 
        "accumulated_operating_revenue": 1823059, 
        "long_term_average": 151921, 
        "short_term_average": 139019
    }, 
    {
        "accumulated_operating_revenue_yoy": -52.69796507584804, 
        "accumulated_operating_revenue": 98629, 
        "long_term_average": 142764, 
        "date": "2013-01-31", 
        "operating_revenue": 98629, 
        "short_term_average": 123685
    }, 
    {
        "accumulated_operating_revenue_yoy": -59.597500279292035, 
        "accumulated_operating_revenue": 177209, 
        "long_term_average": 130138, 
        "date": "2013-02-28", 
        "operating_revenue": 78580, 
        "short_term_average": 106294
    }, 
    {
        "accumulated_operating_revenue_yoy": -44.393470258368595, 
        "accumulated_operating_revenue": 323263, 
        "long_term_average": 130415, 
        "date": "2013-03-31", 
        "operating_revenue": 146054, 
        "short_term_average": 107754
    }, 
    {
        "accumulated_operating_revenue_yoy": -34.66399757593442, 
        "accumulated_operating_revenue": 465749, 
        "long_term_average": 131329, 
        "date": "2013-04-30", 
        "operating_revenue": 142486, 
        "short_term_average": 122373
    }, 
    {
        "accumulated_operating_revenue_yoy": -19.338620817847954, 
        "accumulated_operating_revenue": 733366, 
        "long_term_average": 137269, 
        "date": "2013-05-31", 
        "operating_revenue": 267617, 
        "short_term_average": 185385
    }, 
    {
        "accumulated_operating_revenue_yoy": -10.734173833817504, 
        "accumulated_operating_revenue": 935671, 
        "long_term_average": 142545, 
        "date": "2013-06-30", 
        "operating_revenue": 202305, 
        "short_term_average": 204136
    }, 
    {
        "accumulated_operating_revenue_yoy": -8.267755566872374, 
        "accumulated_operating_revenue": 1082579, 
        "long_term_average": 143790, 
        "date": "2013-07-31", 
        "operating_revenue": 146908, 
        "short_term_average": 205610
    }, 
    {
        "accumulated_operating_revenue_yoy": 0.16841147372074441, 
        "accumulated_operating_revenue": 1290086, 
        "long_term_average": 152102, 
        "date": "2013-08-31", 
        "operating_revenue": 207507, 
        "short_term_average": 185573
    }, 
    {
        "accumulated_operating_revenue_yoy": 6.929435377759065, 
        "accumulated_operating_revenue": 1503430, 
        "long_term_average": 160040, 
        "date": "2013-09-30", 
        "operating_revenue": 213344, 
        "short_term_average": 189253
    }, 
    {
        "accumulated_operating_revenue_yoy": 9.834822295153012, 
        "accumulated_operating_revenue": 1703135, 
        "long_term_average": 164630, 
        "date": "2013-10-31", 
        "operating_revenue": 199705, 
        "short_term_average": 206852
    }, 
    {
        "accumulated_operating_revenue_yoy": 11.268573984289134, 
        "accumulated_operating_revenue": 1870852, 
        "long_term_average": 167710, 
        "date": "2013-11-30", 
        "operating_revenue": 167717, 
        "short_term_average": 193588
    }, 
    {
        "accumulated_operating_revenue_yoy": 15.325230834547868, 
        "accumulated_operating_revenue": 2102447, 
        "long_term_average": 175203, 
        "date": "2013-12-31", 
        "operating_revenue": 231595, 
        "short_term_average": 199672
    }, 
    {
        "accumulated_operating_revenue_yoy": 92.880390148942, 
        "accumulated_operating_revenue": 190236, 
        "long_term_average": 182837, 
        "date": "2014-01-31", 
        "operating_revenue": 190236, 
        "short_term_average": 196516
    }, 
    {
        "accumulated_operating_revenue_yoy": 83.08889503354796, 
        "accumulated_operating_revenue": 324450, 
        "long_term_average": 187474, 
        "date": "2014-02-28", 
        "operating_revenue": 134214, 
        "short_term_average": 185348
    }, 
    {
        "accumulated_operating_revenue_yoy": 51.0618289132997, 
        "accumulated_operating_revenue": 488327, 
        "long_term_average": 188959, 
        "date": "2014-03-31", 
        "operating_revenue": 163877, 
        "short_term_average": 162775
    }, 
    {
        "accumulated_operating_revenue_yoy": 40.53556744083187, 
        "accumulated_operating_revenue": 654543, 
        "long_term_average": 190936, 
        "date": "2014-04-30", 
        "operating_revenue": 166216, 
        "short_term_average": 154769
    }, 
    {
        "accumulated_operating_revenue_yoy": 8.750337484966579, 
        "accumulated_operating_revenue": 797538, 
        "long_term_average": 180551, 
        "date": "2014-05-31", 
        "operating_revenue": 142995, 
        "short_term_average": 157696
    }, 
    {
        "accumulated_operating_revenue_yoy": 1.1446331028748353, 
        "accumulated_operating_revenue": 946381, 
        "long_term_average": 176096, 
        "date": "2014-06-30", 
        "operating_revenue": 148843, 
        "short_term_average": 152684
    }, 
    {
        "accumulated_operating_revenue_yoy": -1.131464770700337, 
        "accumulated_operating_revenue": 1070330, 
        "long_term_average": 174183, 
        "date": "2014-07-31", 
        "operating_revenue": 123949, 
        "short_term_average": 138595
    }, 
    {
        "accumulated_operating_revenue_yoy": -8.069694578500968, 
        "accumulated_operating_revenue": 1185980, 
        "long_term_average": 166528, 
        "date": "2014-08-31", 
        "operating_revenue": 115650, 
        "short_term_average": 129480
    }, 
    {
        "accumulated_operating_revenue_yoy": -12.07465595338659, 
        "accumulated_operating_revenue": 1321896, 
        "long_term_average": 160076, 
        "date": "2014-09-30", 
        "operating_revenue": 135916, 
        "short_term_average": 125171
    }, 
    {
        "accumulated_operating_revenue_yoy": -10.693867485548708, 
        "accumulated_operating_revenue": 1521004, 
        "long_term_average": 160026, 
        "date": "2014-10-31", 
        "operating_revenue": 199108, 
        "short_term_average": 150224
    }, 
    {
        "accumulated_operating_revenue_yoy": -5.158238064796147, 
        "accumulated_operating_revenue": 1774349, 
        "long_term_average": 167162, 
        "date": "2014-11-30", 
        "operating_revenue": 253345, 
        "short_term_average": 196123
    }, 
    {
        "accumulated_operating_revenue_yoy": -2.390119703374211, 
        "accumulated_operating_revenue": 2052196, 
        "long_term_average": 171016, 
        "date": "2014-12-31", 
        "operating_revenue": 277847, 
        "short_term_average": 243433
    }, 
    {
        "accumulated_operating_revenue_yoy": -10.964275951975441, 
        "accumulated_operating_revenue": 169378, 
        "long_term_average": 169278, 
        "date": "2015-01-31", 
        "operating_revenue": 169378, 
        "short_term_average": 233523
    }, 
    {
        "accumulated_operating_revenue_yoy": -12.24133148404993, 
        "accumulated_operating_revenue": 284733, 
        "long_term_average": 167706, 
        "date": "2015-02-28", 
        "operating_revenue": 115355, 
        "short_term_average": 187526
    }, 
    {
        "accumulated_operating_revenue_yoy": 0.24368916729978068, 
        "accumulated_operating_revenue": 489517, 
        "long_term_average": 171115, 
        "date": "2015-03-31", 
        "operating_revenue": 204784, 
        "short_term_average": 163172
    }, 
    {
        "accumulated_operating_revenue_yoy": 0.06722247430650087, 
        "accumulated_operating_revenue": 654983, 
        "long_term_average": 171053, 
        "date": "2015-04-30", 
        "operating_revenue": 165466, 
        "short_term_average": 161868
    }, 
    {
        "accumulated_operating_revenue_yoy": 3.9456427154568186, 
        "accumulated_operating_revenue": 829006, 
        "long_term_average": 173638, 
        "date": "2015-05-31", 
        "operating_revenue": 174023, 
        "short_term_average": 181424
    }, 
    {
        "accumulated_operating_revenue_yoy": 7.441717447835491, 
        "accumulated_operating_revenue": 1016808, 
        "long_term_average": 176885, 
        "date": "2015-06-30", 
        "operating_revenue": 187802, 
        "short_term_average": 175763
    }, 
    {
        "accumulated_operating_revenue_yoy": 19.573309166331878, 
        "accumulated_operating_revenue": 1279829, 
        "long_term_average": 188474, 
        "date": "2015-07-31", 
        "operating_revenue": 263021, 
        "short_term_average": 208282
    }, 
    {
        "accumulated_operating_revenue_yoy": 22.479890048736067, 
        "accumulated_operating_revenue": 1452587, 
        "long_term_average": 193233, 
        "date": "2015-08-31", 
        "operating_revenue": 172758, 
        "short_term_average": 207860
    }, 
    {
        "accumulated_operating_revenue_yoy": 20.46711692901711, 
        "accumulated_operating_revenue": 1592450, 
        "long_term_average": 193562, 
        "date": "2015-09-30", 
        "operating_revenue": 139863, 
        "short_term_average": 191880
    }, 
    {
        "accumulated_operating_revenue_yoy": 14.901670212570117, 
        "accumulated_operating_revenue": 1747659, 
        "long_term_average": 189904, 
        "date": "2015-10-31", 
        "operating_revenue": 155209, 
        "short_term_average": 155943
    }
]