[
    {
        "date": "2012-01-31", 
        "operating_revenue": 26243, 
        "accumulated_operating_revenue": 26243, 
        "long_term_average": 26243, 
        "short_term_average": 26243
    }, 
    {
        "date": "2012-02-29", 
        "operating_revenue": 28707, 
        "accumulated_operating_revenue": 54950, 
        "long_term_average": 27475, 
        "short_term_average": 27475
    }, 
    {
        "date": "2012-03-31", 
        "operating_revenue": 52026, 
        "accumulated_operating_revenue": 106976, 
        "long_term_average": 35658, 
        "short_term_average": 35658
    }, 
    {
        "date": "2012-04-30", 
        "operating_revenue": 35258, 
        "accumulated_operating_revenue": 142234, 
        "long_term_average": 35558, 
        "short_term_average": 38663
    }, 
    {
        "date": "2012-05-31", 
        "operating_revenue": 31639, 
        "accumulated_operating_revenue": 173873, 
        "long_term_average": 34774, 
        "short_term_average": 39641
    }, 
    {
        "date": "2012-06-30", 
        "operating_revenue": 35541, 
        "accumulated_operating_revenue": 209414, 
        "long_term_average": 34902, 
        "short_term_average": 34146
    }, 
    {
        "date": "2012-07-31", 
        "operating_revenue": 53158, 
        "accumulated_operating_revenue": 262572, 
        "long_term_average": 37510, 
        "short_term_average": 40112
    }, 
    {
        "date": "2012-08-31", 
        "operating_revenue": 33185, 
        "accumulated_operating_revenue": 295757, 
        "long_term_average": 36969, 
        "short_term_average": 40628
    }, 
    {
        "date": "2012-09-30", 
        "operating_revenue": 16746, 
        "accumulated_operating_revenue": 312503, 
        "long_term_average": 34722, 
        "short_term_average": 34363
    }, 
    {
        "date": "2012-10-31", 
        "operating_revenue": 25730, 
        "accumulated_operating_revenue": 338233, 
        "long_term_average": 33823, 
        "short_term_average": 25220
    }, 
    {
        "date": "2012-11-30", 
        "operating_revenue": 12651, 
        "accumulated_operating_revenue": 350884, 
        "long_term_average": 31898, 
        "short_term_average": 18375
    }, 
    {
        "date": "2012-12-31", 
        "operating_revenue": 38265, 
        "accumulated_operating_revenue": 389149, 
        "long_term_average": 32429, 
        "short_term_average": 25548
    }, 
    {
        "accumulated_operating_revenue_yoy": 63.62839614373357, 
        "accumulated_operating_revenue": 42941, 
        "long_term_average": 33820, 
        "date": "2013-01-31", 
        "operating_revenue": 42941, 
        "short_term_average": 31285
    }, 
    {
        "accumulated_operating_revenue_yoy": 6.265696087352138, 
        "accumulated_operating_revenue": 58393, 
        "long_term_average": 32716, 
        "date": "2013-02-28", 
        "operating_revenue": 15452, 
        "short_term_average": 32219
    }, 
    {
        "accumulated_operating_revenue_yoy": -35.292962907568054, 
        "accumulated_operating_revenue": 69221, 
        "long_term_average": 29282, 
        "date": "2013-03-31", 
        "operating_revenue": 10828, 
        "short_term_average": 23073
    }, 
    {
        "accumulated_operating_revenue_yoy": -34.09873869820155, 
        "accumulated_operating_revenue": 93734, 
        "long_term_average": 28387, 
        "date": "2013-04-30", 
        "operating_revenue": 24513, 
        "short_term_average": 16931
    }, 
    {
        "accumulated_operating_revenue_yoy": -27.804777049915742, 
        "accumulated_operating_revenue": 125528, 
        "long_term_average": 28400, 
        "date": "2013-05-31", 
        "operating_revenue": 31794, 
        "short_term_average": 22378
    }, 
    {
        "accumulated_operating_revenue_yoy": -30.78686238742395, 
        "accumulated_operating_revenue": 144942, 
        "long_term_average": 27056, 
        "date": "2013-06-30", 
        "operating_revenue": 19414, 
        "short_term_average": 25240
    }, 
    {
        "accumulated_operating_revenue_yoy": -27.40810139695017, 
        "accumulated_operating_revenue": 190606, 
        "long_term_average": 26431, 
        "date": "2013-07-31", 
        "operating_revenue": 45664, 
        "short_term_average": 32290
    }, 
    {
        "accumulated_operating_revenue_yoy": -27.902298170457502, 
        "accumulated_operating_revenue": 213234, 
        "long_term_average": 25552, 
        "date": "2013-08-31", 
        "operating_revenue": 22628, 
        "short_term_average": 29235
    }, 
    {
        "accumulated_operating_revenue_yoy": -29.502756773534973, 
        "accumulated_operating_revenue": 220306, 
        "long_term_average": 24746, 
        "date": "2013-09-30", 
        "operating_revenue": 7072, 
        "short_term_average": 25121
    }, 
    {
        "accumulated_operating_revenue_yoy": -29.508061011196425, 
        "accumulated_operating_revenue": 238427, 
        "long_term_average": 24111, 
        "date": "2013-10-31", 
        "operating_revenue": 18121, 
        "short_term_average": 15940
    }, 
    {
        "accumulated_operating_revenue_yoy": -24.279533977040845, 
        "accumulated_operating_revenue": 265691, 
        "long_term_average": 25329, 
        "date": "2013-11-30", 
        "operating_revenue": 27264, 
        "short_term_average": 17485
    }, 
    {
        "accumulated_operating_revenue_yoy": -11.17566793182046, 
        "accumulated_operating_revenue": 345659, 
        "long_term_average": 28804, 
        "date": "2013-12-31", 
        "operating_revenue": 79968, 
        "short_term_average": 41784
    }, 
    {
        "accumulated_operating_revenue_yoy": -24.48010060315316, 
        "accumulated_operating_revenue": 32429, 
        "long_term_average": 27928, 
        "date": "2014-01-31", 
        "operating_revenue": 32429, 
        "short_term_average": 46553
    }, 
    {
        "accumulated_operating_revenue_yoy": -12.852567944787902, 
        "accumulated_operating_revenue": 50888, 
        "long_term_average": 28179, 
        "date": "2014-02-28", 
        "operating_revenue": 18459, 
        "short_term_average": 43618
    }, 
    {
        "accumulated_operating_revenue_yoy": -10.452030453186172, 
        "accumulated_operating_revenue": 61986, 
        "long_term_average": 28202, 
        "date": "2014-03-31", 
        "operating_revenue": 11098, 
        "short_term_average": 20662
    }, 
    {
        "accumulated_operating_revenue_yoy": -17.584867817440845, 
        "accumulated_operating_revenue": 77251, 
        "long_term_average": 27431, 
        "date": "2014-04-30", 
        "operating_revenue": 15265, 
        "short_term_average": 14940
    }, 
    {
        "accumulated_operating_revenue_yoy": -26.139188069594034, 
        "accumulated_operating_revenue": 92716, 
        "long_term_average": 26070, 
        "date": "2014-05-31", 
        "operating_revenue": 15465, 
        "short_term_average": 13942
    }, 
    {
        "accumulated_operating_revenue_yoy": -22.551779332422626, 
        "accumulated_operating_revenue": 112255, 
        "long_term_average": 26081, 
        "date": "2014-06-30", 
        "operating_revenue": 19539, 
        "short_term_average": 16756
    }, 
    {
        "accumulated_operating_revenue_yoy": -32.90295163845839, 
        "accumulated_operating_revenue": 127891, 
        "long_term_average": 23578, 
        "date": "2014-07-31", 
        "operating_revenue": 15636, 
        "short_term_average": 16880
    }, 
    {
        "accumulated_operating_revenue_yoy": -34.94189481977546, 
        "accumulated_operating_revenue": 138726, 
        "long_term_average": 22595, 
        "date": "2014-08-31", 
        "operating_revenue": 10835, 
        "short_term_average": 15336
    }, 
    {
        "accumulated_operating_revenue_yoy": -33.300954127440924, 
        "accumulated_operating_revenue": 146942, 
        "long_term_average": 22691, 
        "date": "2014-09-30", 
        "operating_revenue": 8216, 
        "short_term_average": 11562
    }, 
    {
        "accumulated_operating_revenue_yoy": -35.73043321435912, 
        "accumulated_operating_revenue": 153236, 
        "long_term_average": 21705, 
        "date": "2014-10-31", 
        "operating_revenue": 6294, 
        "short_term_average": 8448
    }, 
    {
        "accumulated_operating_revenue_yoy": -40.9419212543895, 
        "accumulated_operating_revenue": 156912, 
        "long_term_average": 19740, 
        "date": "2014-11-30", 
        "operating_revenue": 3676, 
        "short_term_average": 6062
    }, 
    {
        "accumulated_operating_revenue_yoy": -46.46428995050035, 
        "accumulated_operating_revenue": 185051, 
        "long_term_average": 15420, 
        "date": "2014-12-31", 
        "operating_revenue": 28139, 
        "short_term_average": 12703
    }, 
    {
        "accumulated_operating_revenue_yoy": -46.76986647753554, 
        "accumulated_operating_revenue": 17262, 
        "long_term_average": 14157, 
        "date": "2015-01-31", 
        "operating_revenue": 17262, 
        "short_term_average": 16359
    }, 
    {
        "accumulated_operating_revenue_yoy": -59.01587800660274, 
        "accumulated_operating_revenue": 20856, 
        "long_term_average": 12918, 
        "date": "2015-02-28", 
        "operating_revenue": 3594, 
        "short_term_average": 16331
    }, 
    {
        "accumulated_operating_revenue_yoy": -61.49291775562224, 
        "accumulated_operating_revenue": 23869, 
        "long_term_average": 12244, 
        "date": "2015-03-31", 
        "operating_revenue": 3013, 
        "short_term_average": 7956
    }, 
    {
        "accumulated_operating_revenue_yoy": -58.43937295310093, 
        "accumulated_operating_revenue": 32106, 
        "long_term_average": 11658, 
        "date": "2015-04-30", 
        "operating_revenue": 8237, 
        "short_term_average": 4948
    }, 
    {
        "accumulated_operating_revenue_yoy": -53.94430303291773, 
        "accumulated_operating_revenue": 42701, 
        "long_term_average": 11253, 
        "date": "2015-05-31", 
        "operating_revenue": 10595, 
        "short_term_average": 7281
    }, 
    {
        "accumulated_operating_revenue_yoy": -56.26208186717741, 
        "accumulated_operating_revenue": 49098, 
        "long_term_average": 10157, 
        "date": "2015-06-30", 
        "operating_revenue": 6397, 
        "short_term_average": 8409
    }, 
    {
        "accumulated_operating_revenue_yoy": -58.023629496993536, 
        "accumulated_operating_revenue": 53684, 
        "long_term_average": 9237, 
        "date": "2015-07-31", 
        "operating_revenue": 4586, 
        "short_term_average": 7192
    }, 
    {
        "accumulated_operating_revenue_yoy": -57.192595475974215, 
        "accumulated_operating_revenue": 59385, 
        "long_term_average": 8809, 
        "date": "2015-08-31", 
        "operating_revenue": 5701, 
        "short_term_average": 5561
    }, 
    {
        "accumulated_operating_revenue_yoy": -57.50636305481074, 
        "accumulated_operating_revenue": 62441, 
        "long_term_average": 8379, 
        "date": "2015-09-30", 
        "operating_revenue": 3056, 
        "short_term_average": 4447
    }
]