[
    {
        "date": "2012-01-31", 
        "operating_revenue": 122267, 
        "accumulated_operating_revenue": 122267, 
        "long_term_average": 122267, 
        "short_term_average": 122267
    }, 
    {
        "date": "2012-02-29", 
        "operating_revenue": 151253, 
        "accumulated_operating_revenue": 273520, 
        "long_term_average": 136760, 
        "short_term_average": 136760
    }, 
    {
        "date": "2012-03-31", 
        "operating_revenue": 264157, 
        "accumulated_operating_revenue": 537677, 
        "long_term_average": 179225, 
        "short_term_average": 179225
    }, 
    {
        "date": "2012-04-30", 
        "operating_revenue": 230730, 
        "accumulated_operating_revenue": 768407, 
        "long_term_average": 192101, 
        "short_term_average": 215380
    }, 
    {
        "date": "2012-05-31", 
        "operating_revenue": 264475, 
        "accumulated_operating_revenue": 1032882, 
        "long_term_average": 206576, 
        "short_term_average": 253120
    }, 
    {
        "date": "2012-06-30", 
        "operating_revenue": 281151, 
        "accumulated_operating_revenue": 1314033, 
        "long_term_average": 219005, 
        "short_term_average": 258785
    }, 
    {
        "date": "2012-07-31", 
        "operating_revenue": 234219, 
        "accumulated_operating_revenue": 1548252, 
        "long_term_average": 221178, 
        "short_term_average": 259948
    }, 
    {
        "date": "2012-08-31", 
        "operating_revenue": 245696, 
        "accumulated_operating_revenue": 1793948, 
        "long_term_average": 224243, 
        "short_term_average": 253688
    }, 
    {
        "date": "2012-09-30", 
        "operating_revenue": 257837, 
        "accumulated_operating_revenue": 2051785, 
        "long_term_average": 227976, 
        "short_term_average": 245917
    }, 
    {
        "date": "2012-10-31", 
        "operating_revenue": 311380, 
        "accumulated_operating_revenue": 2363165, 
        "long_term_average": 236316, 
        "short_term_average": 271637
    }, 
    {
        "date": "2012-11-30", 
        "operating_revenue": 254757, 
        "accumulated_operating_revenue": 2617922, 
        "long_term_average": 237992, 
        "short_term_average": 274658
    }, 
    {
        "date": "2012-12-31", 
        "operating_revenue": 247289, 
        "accumulated_operating_revenue": 2865211, 
        "long_term_average": 238767, 
        "short_term_average": 271142
    }, 
    {
        "accumulated_operating_revenue_yoy": 128.23492847620372, 
        "accumulated_operating_revenue": 279056, 
        "long_term_average": 251833, 
        "date": "2013-01-31", 
        "operating_revenue": 279056, 
        "short_term_average": 260367
    }, 
    {
        "accumulated_operating_revenue_yoy": 81.58123720386078, 
        "accumulated_operating_revenue": 496661, 
        "long_term_average": 257362, 
        "date": "2013-02-28", 
        "operating_revenue": 217605, 
        "short_term_average": 247983
    }, 
    {
        "accumulated_operating_revenue_yoy": 36.69861273589906, 
        "accumulated_operating_revenue": 734997, 
        "long_term_average": 255210, 
        "date": "2013-03-31", 
        "operating_revenue": 238336, 
        "short_term_average": 244999
    }, 
    {
        "accumulated_operating_revenue_yoy": 23.67716587693761, 
        "accumulated_operating_revenue": 950344, 
        "long_term_average": 253929, 
        "date": "2013-04-30", 
        "operating_revenue": 215347, 
        "short_term_average": 223762
    }, 
    {
        "accumulated_operating_revenue_yoy": 18.225315186052228, 
        "accumulated_operating_revenue": 1221128, 
        "long_term_average": 254454, 
        "date": "2013-05-31", 
        "operating_revenue": 270784, 
        "short_term_average": 241489
    }, 
    {
        "accumulated_operating_revenue_yoy": 15.963373826989125, 
        "accumulated_operating_revenue": 1523797, 
        "long_term_average": 256247, 
        "date": "2013-06-30", 
        "operating_revenue": 302669, 
        "short_term_average": 262933
    }, 
    {
        "accumulated_operating_revenue_yoy": 16.53064229854055, 
        "accumulated_operating_revenue": 1804188, 
        "long_term_average": 260095, 
        "date": "2013-07-31", 
        "operating_revenue": 280391, 
        "short_term_average": 284614
    }, 
    {
        "accumulated_operating_revenue_yoy": 14.456773551964716, 
        "accumulated_operating_revenue": 2053295, 
        "long_term_average": 260379, 
        "date": "2013-08-31", 
        "operating_revenue": 249107, 
        "short_term_average": 277389
    }, 
    {
        "accumulated_operating_revenue_yoy": 12.60253876502655, 
        "accumulated_operating_revenue": 2310362, 
        "long_term_average": 260315, 
        "date": "2013-09-30", 
        "operating_revenue": 257067, 
        "short_term_average": 262188
    }, 
    {
        "accumulated_operating_revenue_yoy": 9.030812490875583, 
        "accumulated_operating_revenue": 2576578, 
        "long_term_average": 256552, 
        "date": "2013-10-31", 
        "operating_revenue": 266216, 
        "short_term_average": 257463
    }, 
    {
        "accumulated_operating_revenue_yoy": 7.809208983308135, 
        "accumulated_operating_revenue": 2822361, 
        "long_term_average": 255804, 
        "date": "2013-11-30", 
        "operating_revenue": 245783, 
        "short_term_average": 256355
    }, 
    {
        "accumulated_operating_revenue_yoy": 5.9803623537673145, 
        "accumulated_operating_revenue": 3036561, 
        "long_term_average": 253046, 
        "date": "2013-12-31", 
        "operating_revenue": 214200, 
        "short_term_average": 242066
    }, 
    {
        "accumulated_operating_revenue_yoy": -25.066653288228885, 
        "accumulated_operating_revenue": 209106, 
        "long_term_average": 247217, 
        "date": "2014-01-31", 
        "operating_revenue": 209106, 
        "short_term_average": 223029
    }, 
    {
        "accumulated_operating_revenue_yoy": -16.220319292233533, 
        "accumulated_operating_revenue": 416101, 
        "long_term_average": 246333, 
        "date": "2014-02-28", 
        "operating_revenue": 206995, 
        "short_term_average": 210100
    }, 
    {
        "accumulated_operating_revenue_yoy": -1.5352443615416118, 
        "accumulated_operating_revenue": 723713, 
        "long_term_average": 252106, 
        "date": "2014-03-31", 
        "operating_revenue": 307612, 
        "short_term_average": 241237
    }, 
    {
        "accumulated_operating_revenue_yoy": 8.995163856456188, 
        "accumulated_operating_revenue": 1035829, 
        "long_term_average": 260170, 
        "date": "2014-04-30", 
        "operating_revenue": 312116, 
        "short_term_average": 275574
    }, 
    {
        "accumulated_operating_revenue_yoy": 10.286145268964434, 
        "accumulated_operating_revenue": 1346735, 
        "long_term_average": 263514, 
        "date": "2014-05-31", 
        "operating_revenue": 310906, 
        "short_term_average": 310211
    }, 
    {
        "accumulated_operating_revenue_yoy": 7.2441407877821, 
        "accumulated_operating_revenue": 1634183, 
        "long_term_average": 262245, 
        "date": "2014-06-30", 
        "operating_revenue": 287448, 
        "short_term_average": 303490
    }, 
    {
        "accumulated_operating_revenue_yoy": 16.528543588583894, 
        "accumulated_operating_revenue": 2102394, 
        "long_term_average": 277897, 
        "date": "2014-07-31", 
        "operating_revenue": 468211, 
        "short_term_average": 355521
    }, 
    {
        "accumulated_operating_revenue_yoy": 23.285158732671146, 
        "accumulated_operating_revenue": 2531408, 
        "long_term_average": 292889, 
        "date": "2014-08-31", 
        "operating_revenue": 429014, 
        "short_term_average": 394891
    }, 
    {
        "accumulated_operating_revenue_yoy": 27.98245469757553, 
        "accumulated_operating_revenue": 2956858, 
        "long_term_average": 306921, 
        "date": "2014-09-30", 
        "operating_revenue": 425450, 
        "short_term_average": 440891
    }, 
    {
        "accumulated_operating_revenue_yoy": 30.617392526055877, 
        "accumulated_operating_revenue": 3365459, 
        "long_term_average": 318786, 
        "date": "2014-10-31", 
        "operating_revenue": 408601, 
        "short_term_average": 421021
    }, 
    {
        "accumulated_operating_revenue_yoy": 35.24868009443158, 
        "accumulated_operating_revenue": 3817206, 
        "long_term_average": 335950, 
        "date": "2014-11-30", 
        "operating_revenue": 451747, 
        "short_term_average": 428599
    }, 
    {
        "accumulated_operating_revenue_yoy": 37.135265848438415, 
        "accumulated_operating_revenue": 4164196, 
        "long_term_average": 347016, 
        "date": "2014-12-31", 
        "operating_revenue": 346990, 
        "short_term_average": 402446
    }, 
    {
        "accumulated_operating_revenue_yoy": 59.55304964946008, 
        "accumulated_operating_revenue": 333635, 
        "long_term_average": 357393, 
        "date": "2015-01-31", 
        "operating_revenue": 333635, 
        "short_term_average": 377457
    }, 
    {
        "accumulated_operating_revenue_yoy": 41.83719818024951, 
        "accumulated_operating_revenue": 590186, 
        "long_term_average": 361523, 
        "date": "2015-02-28", 
        "operating_revenue": 256551, 
        "short_term_average": 312392
    }, 
    {
        "accumulated_operating_revenue_yoy": 28.73196971727743, 
        "accumulated_operating_revenue": 931650, 
        "long_term_average": 364344, 
        "date": "2015-03-31", 
        "operating_revenue": 341464, 
        "short_term_average": 310550
    }, 
    {
        "accumulated_operating_revenue_yoy": 23.68807978923162, 
        "accumulated_operating_revenue": 1281197, 
        "long_term_average": 367463, 
        "date": "2015-04-30", 
        "operating_revenue": 349547, 
        "short_term_average": 315854
    }, 
    {
        "accumulated_operating_revenue_yoy": 17.945846807278343, 
        "accumulated_operating_revenue": 1588418, 
        "long_term_average": 367156, 
        "date": "2015-05-31", 
        "operating_revenue": 307221, 
        "short_term_average": 332744
    }, 
    {
        "accumulated_operating_revenue_yoy": 19.4150226749391, 
        "accumulated_operating_revenue": 1951460, 
        "long_term_average": 373456, 
        "date": "2015-06-30", 
        "operating_revenue": 363042, 
        "short_term_average": 339936
    }, 
    {
        "accumulated_operating_revenue_yoy": 8.629210319283635, 
        "accumulated_operating_revenue": 2283814, 
        "long_term_average": 362134, 
        "date": "2015-07-31", 
        "operating_revenue": 332354, 
        "short_term_average": 334205
    }, 
    {
        "accumulated_operating_revenue_yoy": 5.1002446069539165, 
        "accumulated_operating_revenue": 2660516, 
        "long_term_average": 357775, 
        "date": "2015-08-31", 
        "operating_revenue": 376702, 
        "short_term_average": 357366
    }, 
    {
        "accumulated_operating_revenue_yoy": 1.8015068697921917, 
        "accumulated_operating_revenue": 3010126, 
        "long_term_average": 351455, 
        "date": "2015-09-30", 
        "operating_revenue": 349610, 
        "short_term_average": 352888
    }
]