[
    {
        "date": "2011-09-30", 
        "operating_revenue": 131172, 
        "accumulated_operating_revenue": 131172, 
        "long_term_average": 131172, 
        "short_term_average": 131172
    }, 
    {
        "date": "2011-10-31", 
        "operating_revenue": 114019, 
        "accumulated_operating_revenue": 245191, 
        "long_term_average": 122595, 
        "short_term_average": 122595
    }, 
    {
        "date": "2011-11-30", 
        "operating_revenue": 119470, 
        "accumulated_operating_revenue": 364661, 
        "long_term_average": 121553, 
        "short_term_average": 121553
    }, 
    {
        "date": "2011-12-31", 
        "operating_revenue": 113986, 
        "accumulated_operating_revenue": 478647, 
        "long_term_average": 119661, 
        "short_term_average": 115825
    }, 
    {
        "date": "2012-01-31", 
        "operating_revenue": 101041, 
        "accumulated_operating_revenue": 101041, 
        "long_term_average": 115937, 
        "short_term_average": 111499
    }, 
    {
        "date": "2012-02-29", 
        "operating_revenue": 120680, 
        "accumulated_operating_revenue": 221721, 
        "long_term_average": 116728, 
        "short_term_average": 111902
    }, 
    {
        "date": "2012-03-31", 
        "operating_revenue": 138692, 
        "accumulated_operating_revenue": 360413, 
        "long_term_average": 119865, 
        "short_term_average": 120137
    }, 
    {
        "date": "2012-04-30", 
        "operating_revenue": 149185, 
        "accumulated_operating_revenue": 509598, 
        "long_term_average": 123530, 
        "short_term_average": 136185
    }, 
    {
        "date": "2012-05-31", 
        "operating_revenue": 164000, 
        "accumulated_operating_revenue": 673598, 
        "long_term_average": 128027, 
        "short_term_average": 150625
    }, 
    {
        "date": "2012-06-30", 
        "operating_revenue": 153190, 
        "accumulated_operating_revenue": 826788, 
        "long_term_average": 130543, 
        "short_term_average": 155458
    }, 
    {
        "date": "2012-07-31", 
        "operating_revenue": 175828, 
        "accumulated_operating_revenue": 1002616, 
        "long_term_average": 134660, 
        "short_term_average": 164339
    }, 
    {
        "date": "2012-08-31", 
        "operating_revenue": 154497, 
        "accumulated_operating_revenue": 1157113, 
        "long_term_average": 136313, 
        "short_term_average": 161171
    }, 
    {
        "accumulated_operating_revenue_yoy": 896.9223614795841, 
        "accumulated_operating_revenue": 1307683, 
        "long_term_average": 137929, 
        "date": "2012-09-30", 
        "operating_revenue": 150570, 
        "short_term_average": 160298
    }, 
    {
        "accumulated_operating_revenue_yoy": 488.1953252770289, 
        "accumulated_operating_revenue": 1442202, 
        "long_term_average": 139638, 
        "date": "2012-10-31", 
        "operating_revenue": 134519, 
        "short_term_average": 146528
    }, 
    {
        "accumulated_operating_revenue_yoy": 331.5997597768887, 
        "accumulated_operating_revenue": 1573876, 
        "long_term_average": 140655, 
        "date": "2012-11-30", 
        "operating_revenue": 131674, 
        "short_term_average": 138921
    }, 
    {
        "accumulated_operating_revenue_yoy": 255.94018138628257, 
        "accumulated_operating_revenue": 1703697, 
        "long_term_average": 141974, 
        "date": "2012-12-31", 
        "operating_revenue": 129821, 
        "short_term_average": 132004
    }, 
    {
        "accumulated_operating_revenue_yoy": 41.67021308181827, 
        "accumulated_operating_revenue": 143145, 
        "long_term_average": 145483, 
        "date": "2013-01-31", 
        "operating_revenue": 143145, 
        "short_term_average": 134880
    }, 
    {
        "accumulated_operating_revenue_yoy": 10.080235972235377, 
        "accumulated_operating_revenue": 244071, 
        "long_term_average": 143837, 
        "date": "2013-02-28", 
        "operating_revenue": 100926, 
        "short_term_average": 124630
    }, 
    {
        "accumulated_operating_revenue_yoy": 0.881488736532811, 
        "accumulated_operating_revenue": 363590, 
        "long_term_average": 142239, 
        "date": "2013-03-31", 
        "operating_revenue": 119519, 
        "short_term_average": 121196
    }, 
    {
        "accumulated_operating_revenue_yoy": -4.422113116613487, 
        "accumulated_operating_revenue": 487063, 
        "long_term_average": 140096, 
        "date": "2013-04-30", 
        "operating_revenue": 123473, 
        "short_term_average": 114639
    }, 
    {
        "accumulated_operating_revenue_yoy": -8.64387958396551, 
        "accumulated_operating_revenue": 615373, 
        "long_term_average": 137122, 
        "date": "2013-05-31", 
        "operating_revenue": 128310, 
        "short_term_average": 123767
    }, 
    {
        "accumulated_operating_revenue_yoy": -11.711708442793075, 
        "accumulated_operating_revenue": 729957, 
        "long_term_average": 133905, 
        "date": "2013-06-30", 
        "operating_revenue": 114584, 
        "short_term_average": 122122
    }, 
    {
        "accumulated_operating_revenue_yoy": -14.862918604929504, 
        "accumulated_operating_revenue": 853598, 
        "long_term_average": 129556, 
        "date": "2013-07-31", 
        "operating_revenue": 123641, 
        "short_term_average": 122178
    }, 
    {
        "accumulated_operating_revenue_yoy": -14.82154292623106, 
        "accumulated_operating_revenue": 985611, 
        "long_term_average": 127682, 
        "date": "2013-08-31", 
        "operating_revenue": 132013, 
        "short_term_average": 123412
    }, 
    {
        "accumulated_operating_revenue_yoy": -14.590309731028087, 
        "accumulated_operating_revenue": 1116888, 
        "long_term_average": 126075, 
        "date": "2013-09-30", 
        "operating_revenue": 131277, 
        "short_term_average": 128977
    }, 
    {
        "accumulated_operating_revenue_yoy": -14.29979988933589, 
        "accumulated_operating_revenue": 1235970, 
        "long_term_average": 124788, 
        "date": "2013-10-31", 
        "operating_revenue": 119082, 
        "short_term_average": 127457
    }, 
    {
        "accumulated_operating_revenue_yoy": -12.934945319707525, 
        "accumulated_operating_revenue": 1370296, 
        "long_term_average": 125009, 
        "date": "2013-11-30", 
        "operating_revenue": 134326, 
        "short_term_average": 128228
    }, 
    {
        "accumulated_operating_revenue_yoy": -12.180745754673513, 
        "accumulated_operating_revenue": 1496174, 
        "long_term_average": 124681, 
        "date": "2013-12-31", 
        "operating_revenue": 125878, 
        "short_term_average": 126428
    }, 
    {
        "accumulated_operating_revenue_yoy": -13.647699884732264, 
        "accumulated_operating_revenue": 123609, 
        "long_term_average": 123053, 
        "date": "2014-01-31", 
        "operating_revenue": 123609, 
        "short_term_average": 127937
    }, 
    {
        "accumulated_operating_revenue_yoy": -4.3372625178738975, 
        "accumulated_operating_revenue": 233485, 
        "long_term_average": 123799, 
        "date": "2014-02-28", 
        "operating_revenue": 109876, 
        "short_term_average": 119787
    }, 
    {
        "accumulated_operating_revenue_yoy": 0.41447784592535547, 
        "accumulated_operating_revenue": 365097, 
        "long_term_average": 124806, 
        "date": "2014-03-31", 
        "operating_revenue": 131612, 
        "short_term_average": 121699
    }, 
    {
        "accumulated_operating_revenue_yoy": 7.129878475679738, 
        "accumulated_operating_revenue": 521790, 
        "long_term_average": 127575, 
        "date": "2014-04-30", 
        "operating_revenue": 156693, 
        "short_term_average": 132727
    }, 
    {
        "accumulated_operating_revenue_yoy": 10.599750070282576, 
        "accumulated_operating_revenue": 680601, 
        "long_term_average": 130116, 
        "date": "2014-05-31", 
        "operating_revenue": 158811, 
        "short_term_average": 149038
    }, 
    {
        "accumulated_operating_revenue_yoy": 12.583343950397078, 
        "accumulated_operating_revenue": 821810, 
        "long_term_average": 132335, 
        "date": "2014-06-30", 
        "operating_revenue": 141209, 
        "short_term_average": 152237
    }, 
    {
        "accumulated_operating_revenue_yoy": 12.893071445809387, 
        "accumulated_operating_revenue": 963653, 
        "long_term_average": 133852, 
        "date": "2014-07-31", 
        "operating_revenue": 141843, 
        "short_term_average": 147287
    }, 
    {
        "accumulated_operating_revenue_yoy": 10.859659642597332, 
        "accumulated_operating_revenue": 1092645, 
        "long_term_average": 133600, 
        "date": "2014-08-31", 
        "operating_revenue": 128992, 
        "short_term_average": 137348
    }, 
    {
        "accumulated_operating_revenue_yoy": 9.671426320275621, 
        "accumulated_operating_revenue": 1224907, 
        "long_term_average": 133682, 
        "date": "2014-09-30", 
        "operating_revenue": 132262, 
        "short_term_average": 134365
    }, 
    {
        "accumulated_operating_revenue_yoy": 9.469323689086306, 
        "accumulated_operating_revenue": 1353008, 
        "long_term_average": 134434, 
        "date": "2014-10-31", 
        "operating_revenue": 128101, 
        "short_term_average": 129785
    }, 
    {
        "accumulated_operating_revenue_yoy": 8.080152025547765, 
        "accumulated_operating_revenue": 1481018, 
        "long_term_average": 133908, 
        "date": "2014-11-30", 
        "operating_revenue": 128010, 
        "short_term_average": 129457
    }, 
    {
        "accumulated_operating_revenue_yoy": 7.38971536733027, 
        "accumulated_operating_revenue": 1606737, 
        "long_term_average": 133894, 
        "date": "2014-12-31", 
        "operating_revenue": 125719, 
        "short_term_average": 127276
    }, 
    {
        "accumulated_operating_revenue_yoy": 2.9366793680071837, 
        "accumulated_operating_revenue": 127239, 
        "long_term_average": 134197, 
        "date": "2015-01-31", 
        "operating_revenue": 127239, 
        "short_term_average": 126989
    }, 
    {
        "accumulated_operating_revenue_yoy": -0.39702764631560916, 
        "accumulated_operating_revenue": 232558, 
        "long_term_average": 133817, 
        "date": "2015-02-28", 
        "operating_revenue": 105319, 
        "short_term_average": 119425
    }, 
    {
        "accumulated_operating_revenue_yoy": 4.611651150242264, 
        "accumulated_operating_revenue": 381934, 
        "long_term_average": 135297, 
        "date": "2015-03-31", 
        "operating_revenue": 149376, 
        "short_term_average": 127311
    }, 
    {
        "accumulated_operating_revenue_yoy": 2.575173920542747, 
        "accumulated_operating_revenue": 535227, 
        "long_term_average": 135014, 
        "date": "2015-04-30", 
        "operating_revenue": 153293, 
        "short_term_average": 135996
    }, 
    {
        "accumulated_operating_revenue_yoy": 1.3742266026644099, 
        "accumulated_operating_revenue": 689954, 
        "long_term_average": 134674, 
        "date": "2015-05-31", 
        "operating_revenue": 154727, 
        "short_term_average": 152465
    }, 
    {
        "accumulated_operating_revenue_yoy": 0.6015989097236588, 
        "accumulated_operating_revenue": 826754, 
        "long_term_average": 134306, 
        "date": "2015-06-30", 
        "operating_revenue": 136800, 
        "short_term_average": 148273
    }, 
    {
        "accumulated_operating_revenue_yoy": 0.4341811834757947, 
        "accumulated_operating_revenue": 967837, 
        "long_term_average": 134243, 
        "date": "2015-07-31", 
        "operating_revenue": 141083, 
        "short_term_average": 144203
    }, 
    {
        "accumulated_operating_revenue_yoy": 1.1823602359412253, 
        "accumulated_operating_revenue": 1105564, 
        "long_term_average": 134971, 
        "date": "2015-08-31", 
        "operating_revenue": 137727, 
        "short_term_average": 138536
    }, 
    {
        "accumulated_operating_revenue_yoy": 2.150367334009847, 
        "accumulated_operating_revenue": 1251247, 
        "long_term_average": 136089, 
        "date": "2015-09-30", 
        "operating_revenue": 145683, 
        "short_term_average": 141497
    }
]