[
    {
        "date": "2011-09-30", 
        "operating_revenue": 82025, 
        "accumulated_operating_revenue": 82025, 
        "long_term_average": 82025, 
        "short_term_average": 82025
    }, 
    {
        "date": "2011-10-31", 
        "operating_revenue": 48644, 
        "accumulated_operating_revenue": 130669, 
        "long_term_average": 65334, 
        "short_term_average": 65334
    }, 
    {
        "date": "2011-11-30", 
        "operating_revenue": 54025, 
        "accumulated_operating_revenue": 184694, 
        "long_term_average": 61564, 
        "short_term_average": 61564
    }, 
    {
        "date": "2011-12-31", 
        "operating_revenue": 51923, 
        "accumulated_operating_revenue": 236617, 
        "long_term_average": 59154, 
        "short_term_average": 51530
    }, 
    {
        "date": "2012-01-31", 
        "operating_revenue": 29695, 
        "accumulated_operating_revenue": 29695, 
        "long_term_average": 53262, 
        "short_term_average": 45214
    }, 
    {
        "date": "2012-02-29", 
        "operating_revenue": 20936, 
        "accumulated_operating_revenue": 50631, 
        "long_term_average": 47874, 
        "short_term_average": 34184
    }, 
    {
        "date": "2012-03-31", 
        "operating_revenue": 38147, 
        "accumulated_operating_revenue": 88778, 
        "long_term_average": 46485, 
        "short_term_average": 29592
    }, 
    {
        "date": "2012-04-30", 
        "operating_revenue": 7250, 
        "accumulated_operating_revenue": 96028, 
        "long_term_average": 41580, 
        "short_term_average": 22111
    }, 
    {
        "date": "2012-05-31", 
        "operating_revenue": 38595, 
        "accumulated_operating_revenue": 134623, 
        "long_term_average": 41248, 
        "short_term_average": 27997
    }, 
    {
        "date": "2012-06-30", 
        "operating_revenue": 36552, 
        "accumulated_operating_revenue": 171175, 
        "long_term_average": 40779, 
        "short_term_average": 27465
    }, 
    {
        "date": "2012-07-31", 
        "operating_revenue": 53052, 
        "accumulated_operating_revenue": 224227, 
        "long_term_average": 41894, 
        "short_term_average": 42733
    }, 
    {
        "date": "2012-08-31", 
        "operating_revenue": 54888, 
        "accumulated_operating_revenue": 279115, 
        "long_term_average": 42977, 
        "short_term_average": 48164
    }, 
    {
        "accumulated_operating_revenue_yoy": 280.280402316367, 
        "accumulated_operating_revenue": 311925, 
        "long_term_average": 38876, 
        "date": "2012-09-30", 
        "operating_revenue": 32810, 
        "short_term_average": 46916
    }, 
    {
        "accumulated_operating_revenue_yoy": 159.69281160795597, 
        "accumulated_operating_revenue": 339338, 
        "long_term_average": 37107, 
        "date": "2012-10-31", 
        "operating_revenue": 27413, 
        "short_term_average": 38370
    }, 
    {
        "accumulated_operating_revenue_yoy": 96.65988066748244, 
        "accumulated_operating_revenue": 363219, 
        "long_term_average": 34595, 
        "date": "2012-11-30", 
        "operating_revenue": 23881, 
        "short_term_average": 28034
    }, 
    {
        "accumulated_operating_revenue_yoy": 66.2433383907327, 
        "accumulated_operating_revenue": 393360, 
        "long_term_average": 32780, 
        "date": "2012-12-31", 
        "operating_revenue": 30141, 
        "short_term_average": 27145
    }, 
    {
        "accumulated_operating_revenue_yoy": 33.50732446539821, 
        "accumulated_operating_revenue": 39645, 
        "long_term_average": 33609, 
        "date": "2013-01-31", 
        "operating_revenue": 39645, 
        "short_term_average": 31222
    }, 
    {
        "accumulated_operating_revenue_yoy": -11.240149315636664, 
        "accumulated_operating_revenue": 44940, 
        "long_term_average": 32305, 
        "date": "2013-02-28", 
        "operating_revenue": 5295, 
        "short_term_average": 25027
    }, 
    {
        "accumulated_operating_revenue_yoy": -14.711978192795513, 
        "accumulated_operating_revenue": 75717, 
        "long_term_average": 31691, 
        "date": "2013-03-31", 
        "operating_revenue": 30777, 
        "short_term_average": 25239
    }, 
    {
        "accumulated_operating_revenue_yoy": 1.7786478943641437, 
        "accumulated_operating_revenue": 97736, 
        "long_term_average": 32922, 
        "date": "2013-04-30", 
        "operating_revenue": 22019, 
        "short_term_average": 19363
    }, 
    {
        "accumulated_operating_revenue_yoy": -0.8252675991472483, 
        "accumulated_operating_revenue": 133512, 
        "long_term_average": 32687, 
        "date": "2013-05-31", 
        "operating_revenue": 35776, 
        "short_term_average": 29524
    }, 
    {
        "accumulated_operating_revenue_yoy": -9.514239813056813, 
        "accumulated_operating_revenue": 154889, 
        "long_term_average": 31422, 
        "date": "2013-06-30", 
        "operating_revenue": 21377, 
        "short_term_average": 26390
    }, 
    {
        "accumulated_operating_revenue_yoy": -23.99443421175862, 
        "accumulated_operating_revenue": 170425, 
        "long_term_average": 28296, 
        "date": "2013-07-31", 
        "operating_revenue": 15536, 
        "short_term_average": 24229
    }, 
    {
        "accumulated_operating_revenue_yoy": -31.948480017197213, 
        "accumulated_operating_revenue": 189942, 
        "long_term_average": 25348, 
        "date": "2013-08-31", 
        "operating_revenue": 19517, 
        "short_term_average": 18810
    }, 
    {
        "accumulated_operating_revenue_yoy": -33.34679810851968, 
        "accumulated_operating_revenue": 207908, 
        "long_term_average": 24111, 
        "date": "2013-09-30", 
        "operating_revenue": 17966, 
        "short_term_average": 17673
    }, 
    {
        "accumulated_operating_revenue_yoy": -35.16906447259075, 
        "accumulated_operating_revenue": 219996, 
        "long_term_average": 22834, 
        "date": "2013-10-31", 
        "operating_revenue": 12088, 
        "short_term_average": 16523
    }, 
    {
        "accumulated_operating_revenue_yoy": -33.71271877297168, 
        "accumulated_operating_revenue": 240768, 
        "long_term_average": 22575, 
        "date": "2013-11-30", 
        "operating_revenue": 20772, 
        "short_term_average": 16942
    }, 
    {
        "accumulated_operating_revenue_yoy": -34.582062233068946, 
        "accumulated_operating_revenue": 257328, 
        "long_term_average": 21444, 
        "date": "2013-12-31", 
        "operating_revenue": 16560, 
        "short_term_average": 16473
    }, 
    {
        "accumulated_operating_revenue_yoy": -67.70336738554673, 
        "accumulated_operating_revenue": 12804, 
        "long_term_average": 19207, 
        "date": "2014-01-31", 
        "operating_revenue": 12804, 
        "short_term_average": 16712
    }, 
    {
        "accumulated_operating_revenue_yoy": -56.55318202047174, 
        "accumulated_operating_revenue": 19525, 
        "long_term_average": 19326, 
        "date": "2014-02-28", 
        "operating_revenue": 6721, 
        "short_term_average": 12028
    }, 
    {
        "accumulated_operating_revenue_yoy": -69.45335921919781, 
        "accumulated_operating_revenue": 23129, 
        "long_term_average": 17061, 
        "date": "2014-03-31", 
        "operating_revenue": 3604, 
        "short_term_average": 7709
    }, 
    {
        "accumulated_operating_revenue_yoy": -62.73635098633052, 
        "accumulated_operating_revenue": 36420, 
        "long_term_average": 16334, 
        "date": "2014-04-30", 
        "operating_revenue": 13291, 
        "short_term_average": 7872
    }, 
    {
        "accumulated_operating_revenue_yoy": -60.23728204206363, 
        "accumulated_operating_revenue": 53088, 
        "long_term_average": 14742, 
        "date": "2014-05-31", 
        "operating_revenue": 16668, 
        "short_term_average": 11187
    }, 
    {
        "accumulated_operating_revenue_yoy": -58.679441406426534, 
        "accumulated_operating_revenue": 64001, 
        "long_term_average": 13870, 
        "date": "2014-06-30", 
        "operating_revenue": 10913, 
        "short_term_average": 13624
    }, 
    {
        "accumulated_operating_revenue_yoy": -55.32756344433035, 
        "accumulated_operating_revenue": 76133, 
        "long_term_average": 13586, 
        "date": "2014-07-31", 
        "operating_revenue": 12132, 
        "short_term_average": 13237
    }, 
    {
        "accumulated_operating_revenue_yoy": -51.011361362942374, 
        "accumulated_operating_revenue": 93050, 
        "long_term_average": 13369, 
        "date": "2014-08-31", 
        "operating_revenue": 16917, 
        "short_term_average": 13320
    }, 
    {
        "accumulated_operating_revenue_yoy": -49.703715104757876, 
        "accumulated_operating_revenue": 104570, 
        "long_term_average": 12832, 
        "date": "2014-09-30", 
        "operating_revenue": 11520, 
        "short_term_average": 13523
    }, 
    {
        "accumulated_operating_revenue_yoy": -47.06403752795506, 
        "accumulated_operating_revenue": 116457, 
        "long_term_average": 12815, 
        "date": "2014-10-31", 
        "operating_revenue": 11887, 
        "short_term_average": 13441
    }, 
    {
        "accumulated_operating_revenue_yoy": -45.8727904040404, 
        "accumulated_operating_revenue": 130321, 
        "long_term_average": 12240, 
        "date": "2014-11-30", 
        "operating_revenue": 13864, 
        "short_term_average": 12423
    }, 
    {
        "accumulated_operating_revenue_yoy": -44.716470807685134, 
        "accumulated_operating_revenue": 142260, 
        "long_term_average": 11855, 
        "date": "2014-12-31", 
        "operating_revenue": 11939, 
        "short_term_average": 12563
    }, 
    {
        "accumulated_operating_revenue_yoy": 12.293033427054045, 
        "accumulated_operating_revenue": 14378, 
        "long_term_average": 11986, 
        "date": "2015-01-31", 
        "operating_revenue": 14378, 
        "short_term_average": 13393
    }, 
    {
        "accumulated_operating_revenue_yoy": 22.88348271446863, 
        "accumulated_operating_revenue": 23993, 
        "long_term_average": 12227, 
        "date": "2015-02-28", 
        "operating_revenue": 9615, 
        "short_term_average": 11977
    }, 
    {
        "accumulated_operating_revenue_yoy": 52.47957110121493, 
        "accumulated_operating_revenue": 35267, 
        "long_term_average": 12866, 
        "date": "2015-03-31", 
        "operating_revenue": 11274, 
        "short_term_average": 11755
    }, 
    {
        "accumulated_operating_revenue_yoy": 22.937946183415704, 
        "accumulated_operating_revenue": 44774, 
        "long_term_average": 12551, 
        "date": "2015-04-30", 
        "operating_revenue": 9507, 
        "short_term_average": 10132
    }, 
    {
        "accumulated_operating_revenue_yoy": -0.17141350210970466, 
        "accumulated_operating_revenue": 52997, 
        "long_term_average": 11847, 
        "date": "2015-05-31", 
        "operating_revenue": 8223, 
        "short_term_average": 9668
    }, 
    {
        "accumulated_operating_revenue_yoy": -12.012312307620194, 
        "accumulated_operating_revenue": 56313, 
        "long_term_average": 11214, 
        "date": "2015-06-30", 
        "operating_revenue": 3316, 
        "short_term_average": 7015
    }, 
    {
        "accumulated_operating_revenue_yoy": -15.252255920560073, 
        "accumulated_operating_revenue": 64521, 
        "long_term_average": 10887, 
        "date": "2015-07-31", 
        "operating_revenue": 8208, 
        "short_term_average": 6582
    }, 
    {
        "accumulated_operating_revenue_yoy": -22.851155292853303, 
        "accumulated_operating_revenue": 71787, 
        "long_term_average": 10083, 
        "date": "2015-08-31", 
        "operating_revenue": 7266, 
        "short_term_average": 6263
    }
]