[
    {
        "date": "2011-09-30", 
        "operating_revenue": 107584, 
        "accumulated_operating_revenue": 107584, 
        "long_term_average": 107584, 
        "short_term_average": 107584
    }, 
    {
        "date": "2011-10-31", 
        "operating_revenue": 68364, 
        "accumulated_operating_revenue": 175948, 
        "long_term_average": 87974, 
        "short_term_average": 87974
    }, 
    {
        "date": "2011-11-30", 
        "operating_revenue": 81887, 
        "accumulated_operating_revenue": 257835, 
        "long_term_average": 85945, 
        "short_term_average": 85945
    }, 
    {
        "date": "2011-12-31", 
        "operating_revenue": 88038, 
        "accumulated_operating_revenue": 345873, 
        "long_term_average": 86468, 
        "short_term_average": 79429
    }, 
    {
        "date": "2012-01-31", 
        "operating_revenue": 57190, 
        "accumulated_operating_revenue": 57190, 
        "long_term_average": 80612, 
        "short_term_average": 75705
    }, 
    {
        "date": "2012-02-29", 
        "operating_revenue": 73730, 
        "accumulated_operating_revenue": 130920, 
        "long_term_average": 79465, 
        "short_term_average": 72986
    }, 
    {
        "date": "2012-03-31", 
        "operating_revenue": 134100, 
        "accumulated_operating_revenue": 265020, 
        "long_term_average": 87270, 
        "short_term_average": 88340
    }, 
    {
        "date": "2012-04-30", 
        "operating_revenue": 79053, 
        "accumulated_operating_revenue": 344073, 
        "long_term_average": 86243, 
        "short_term_average": 95627
    }, 
    {
        "date": "2012-05-31", 
        "operating_revenue": 84020, 
        "accumulated_operating_revenue": 428093, 
        "long_term_average": 85996, 
        "short_term_average": 99057
    }, 
    {
        "date": "2012-06-30", 
        "operating_revenue": 128084, 
        "accumulated_operating_revenue": 556177, 
        "long_term_average": 90205, 
        "short_term_average": 97052
    }, 
    {
        "date": "2012-07-31", 
        "operating_revenue": 83993, 
        "accumulated_operating_revenue": 640170, 
        "long_term_average": 89640, 
        "short_term_average": 98699
    }, 
    {
        "date": "2012-08-31", 
        "operating_revenue": 76993, 
        "accumulated_operating_revenue": 717163, 
        "long_term_average": 88586, 
        "short_term_average": 96356
    }, 
    {
        "accumulated_operating_revenue_yoy": 688.6265615704938, 
        "accumulated_operating_revenue": 848436, 
        "long_term_average": 90560, 
        "date": "2012-09-30", 
        "operating_revenue": 131273, 
        "short_term_average": 97419
    }, 
    {
        "accumulated_operating_revenue_yoy": 422.7095505490259, 
        "accumulated_operating_revenue": 919697, 
        "long_term_average": 90801, 
        "date": "2012-10-31", 
        "operating_revenue": 71261, 
        "short_term_average": 93175
    }, 
    {
        "accumulated_operating_revenue_yoy": 291.5822134310703, 
        "accumulated_operating_revenue": 1009636, 
        "long_term_average": 91472, 
        "date": "2012-11-30", 
        "operating_revenue": 89939, 
        "short_term_average": 97491
    }, 
    {
        "accumulated_operating_revenue_yoy": 219.76419090244107, 
        "accumulated_operating_revenue": 1105978, 
        "long_term_average": 92164, 
        "date": "2012-12-31", 
        "operating_revenue": 96342, 
        "short_term_average": 85847
    }, 
    {
        "accumulated_operating_revenue_yoy": 30.1468788249694, 
        "accumulated_operating_revenue": 74431, 
        "long_term_average": 93601, 
        "date": "2013-01-31", 
        "operating_revenue": 74431, 
        "short_term_average": 86904
    }, 
    {
        "accumulated_operating_revenue_yoy": 0.24060494958753437, 
        "accumulated_operating_revenue": 131235, 
        "long_term_average": 92191, 
        "date": "2013-02-28", 
        "operating_revenue": 56804, 
        "short_term_average": 75859
    }, 
    {
        "accumulated_operating_revenue_yoy": 4.38004678892159, 
        "accumulated_operating_revenue": 276628, 
        "long_term_average": 93132, 
        "date": "2013-03-31", 
        "operating_revenue": 145393, 
        "short_term_average": 92209
    }, 
    {
        "accumulated_operating_revenue_yoy": 2.764820256166569, 
        "accumulated_operating_revenue": 353586, 
        "long_term_average": 92957, 
        "date": "2013-04-30", 
        "operating_revenue": 76958, 
        "short_term_average": 93051
    }, 
    {
        "accumulated_operating_revenue_yoy": 2.205829107226701, 
        "accumulated_operating_revenue": 437536, 
        "long_term_average": 92951, 
        "date": "2013-05-31", 
        "operating_revenue": 83950, 
        "short_term_average": 102100
    }, 
    {
        "accumulated_operating_revenue_yoy": 5.96590653694777, 
        "accumulated_operating_revenue": 589358, 
        "long_term_average": 94929, 
        "date": "2013-06-30", 
        "operating_revenue": 151822, 
        "short_term_average": 104243
    }, 
    {
        "accumulated_operating_revenue_yoy": 8.436196635268757, 
        "accumulated_operating_revenue": 694176, 
        "long_term_average": 96665, 
        "date": "2013-07-31", 
        "operating_revenue": 104818, 
        "short_term_average": 113530
    }, 
    {
        "accumulated_operating_revenue_yoy": 10.319829662154907, 
        "accumulated_operating_revenue": 791173, 
        "long_term_average": 98332, 
        "date": "2013-08-31", 
        "operating_revenue": 96997, 
        "short_term_average": 117879
    }, 
    {
        "accumulated_operating_revenue_yoy": 16.18059582573111, 
        "accumulated_operating_revenue": 985718, 
        "long_term_average": 103605, 
        "date": "2013-09-30", 
        "operating_revenue": 194545, 
        "short_term_average": 132120
    }, 
    {
        "accumulated_operating_revenue_yoy": 36.536815929594205, 
        "accumulated_operating_revenue": 1255725, 
        "long_term_average": 120167, 
        "date": "2013-10-31", 
        "operating_revenue": 270007, 
        "short_term_average": 187183
    }, 
    {
        "accumulated_operating_revenue_yoy": 46.65780538728809, 
        "accumulated_operating_revenue": 1480710, 
        "long_term_average": 131421, 
        "date": "2013-11-30", 
        "operating_revenue": 224985, 
        "short_term_average": 229845
    }, 
    {
        "accumulated_operating_revenue_yoy": 45.79973561861086, 
        "accumulated_operating_revenue": 1612513, 
        "long_term_average": 134376, 
        "date": "2013-12-31", 
        "operating_revenue": 131803, 
        "short_term_average": 208931
    }, 
    {
        "accumulated_operating_revenue_yoy": -2.867084951162822, 
        "accumulated_operating_revenue": 72297, 
        "long_term_average": 134198, 
        "date": "2014-01-31", 
        "operating_revenue": 72297, 
        "short_term_average": 143028
    }, 
    {
        "accumulated_operating_revenue_yoy": 0.37413799672343506, 
        "accumulated_operating_revenue": 131726, 
        "long_term_average": 134417, 
        "date": "2014-02-28", 
        "operating_revenue": 59429, 
        "short_term_average": 87843
    }, 
    {
        "accumulated_operating_revenue_yoy": -25.34920543112049, 
        "accumulated_operating_revenue": 206505, 
        "long_term_average": 128532, 
        "date": "2014-03-31", 
        "operating_revenue": 74779, 
        "short_term_average": 68835
    }, 
    {
        "accumulated_operating_revenue_yoy": -11.57936117380213, 
        "accumulated_operating_revenue": 312643, 
        "long_term_average": 130964, 
        "date": "2014-04-30", 
        "operating_revenue": 106138, 
        "short_term_average": 80115
    }, 
    {
        "accumulated_operating_revenue_yoy": -9.212956191033424, 
        "accumulated_operating_revenue": 397226, 
        "long_term_average": 131016, 
        "date": "2014-05-31", 
        "operating_revenue": 84583, 
        "short_term_average": 88500
    }, 
    {
        "accumulated_operating_revenue_yoy": -13.190794050475263, 
        "accumulated_operating_revenue": 511617, 
        "long_term_average": 127897, 
        "date": "2014-06-30", 
        "operating_revenue": 114391, 
        "short_term_average": 101704
    }, 
    {
        "accumulated_operating_revenue_yoy": -13.239581892776473, 
        "accumulated_operating_revenue": 602270, 
        "long_term_average": 126717, 
        "date": "2014-07-31", 
        "operating_revenue": 90653, 
        "short_term_average": 96542
    }, 
    {
        "accumulated_operating_revenue_yoy": -12.989320919697715, 
        "accumulated_operating_revenue": 688405, 
        "long_term_average": 125812, 
        "date": "2014-08-31", 
        "operating_revenue": 86135, 
        "short_term_average": 97059
    }, 
    {
        "accumulated_operating_revenue_yoy": -21.348194919845227, 
        "accumulated_operating_revenue": 775285, 
        "long_term_average": 116840, 
        "date": "2014-09-30", 
        "operating_revenue": 86880, 
        "short_term_average": 87889
    }, 
    {
        "accumulated_operating_revenue_yoy": -32.02667781560453, 
        "accumulated_operating_revenue": 853558, 
        "long_term_average": 100862, 
        "date": "2014-10-31", 
        "operating_revenue": 78273, 
        "short_term_average": 83762
    }, 
    {
        "accumulated_operating_revenue_yoy": -36.906754192245614, 
        "accumulated_operating_revenue": 934228, 
        "long_term_average": 88835, 
        "date": "2014-11-30", 
        "operating_revenue": 80670, 
        "short_term_average": 81941
    }, 
    {
        "accumulated_operating_revenue_yoy": -36.0824377849977, 
        "accumulated_operating_revenue": 1030679, 
        "long_term_average": 85889, 
        "date": "2014-12-31", 
        "operating_revenue": 96451, 
        "short_term_average": 85131
    }, 
    {
        "accumulated_operating_revenue_yoy": 39.94909885610745, 
        "accumulated_operating_revenue": 101179, 
        "long_term_average": 88296, 
        "date": "2015-01-31", 
        "operating_revenue": 101179, 
        "short_term_average": 92766
    }, 
    {
        "accumulated_operating_revenue_yoy": 31.21327604269468, 
        "accumulated_operating_revenue": 172842, 
        "long_term_average": 89316, 
        "date": "2015-02-28", 
        "operating_revenue": 71663, 
        "short_term_average": 89764
    }, 
    {
        "accumulated_operating_revenue_yoy": 34.911019103653665, 
        "accumulated_operating_revenue": 278598, 
        "long_term_average": 91897, 
        "date": "2015-03-31", 
        "operating_revenue": 105756, 
        "short_term_average": 92866
    }, 
    {
        "accumulated_operating_revenue_yoy": 19.592954264128736, 
        "accumulated_operating_revenue": 373899, 
        "long_term_average": 90994, 
        "date": "2015-04-30", 
        "operating_revenue": 95301, 
        "short_term_average": 90906
    }, 
    {
        "accumulated_operating_revenue_yoy": 22.507338391746764, 
        "accumulated_operating_revenue": 486631, 
        "long_term_average": 93340, 
        "date": "2015-05-31", 
        "operating_revenue": 112732, 
        "short_term_average": 104596
    }, 
    {
        "accumulated_operating_revenue_yoy": 15.486389232570458, 
        "accumulated_operating_revenue": 590848, 
        "long_term_average": 92492, 
        "date": "2015-06-30", 
        "operating_revenue": 104217, 
        "short_term_average": 104083
    }, 
    {
        "accumulated_operating_revenue_yoy": 12.489415046407757, 
        "accumulated_operating_revenue": 677490, 
        "long_term_average": 92158, 
        "date": "2015-07-31", 
        "operating_revenue": 86642, 
        "short_term_average": 101197
    }, 
    {
        "accumulated_operating_revenue_yoy": 11.521560709175557, 
        "accumulated_operating_revenue": 767720, 
        "long_term_average": 92499, 
        "date": "2015-08-31", 
        "operating_revenue": 90230, 
        "short_term_average": 93696
    }
]