[
    {
        "date": "2011-09-30", 
        "operating_revenue": 197033, 
        "accumulated_operating_revenue": 197033, 
        "long_term_average": 197033, 
        "short_term_average": 197033
    }, 
    {
        "date": "2011-10-31", 
        "operating_revenue": 196220, 
        "accumulated_operating_revenue": 393253, 
        "long_term_average": 196626, 
        "short_term_average": 196626
    }, 
    {
        "date": "2011-11-30", 
        "operating_revenue": 211217, 
        "accumulated_operating_revenue": 604470, 
        "long_term_average": 201490, 
        "short_term_average": 201490
    }, 
    {
        "date": "2011-12-31", 
        "operating_revenue": 202182, 
        "accumulated_operating_revenue": 806652, 
        "long_term_average": 201663, 
        "short_term_average": 203206
    }, 
    {
        "date": "2012-01-31", 
        "operating_revenue": 173842, 
        "accumulated_operating_revenue": 173842, 
        "long_term_average": 196098, 
        "short_term_average": 195747
    }, 
    {
        "date": "2012-02-29", 
        "operating_revenue": 184526, 
        "accumulated_operating_revenue": 358368, 
        "long_term_average": 194170, 
        "short_term_average": 186850
    }, 
    {
        "date": "2012-03-31", 
        "operating_revenue": 222564, 
        "accumulated_operating_revenue": 580932, 
        "long_term_average": 198226, 
        "short_term_average": 193644
    }, 
    {
        "date": "2012-04-30", 
        "operating_revenue": 241558, 
        "accumulated_operating_revenue": 822490, 
        "long_term_average": 203642, 
        "short_term_average": 216216
    }, 
    {
        "date": "2012-05-31", 
        "operating_revenue": 234483, 
        "accumulated_operating_revenue": 1056973, 
        "long_term_average": 207069, 
        "short_term_average": 232868
    }, 
    {
        "date": "2012-06-30", 
        "operating_revenue": 229913, 
        "accumulated_operating_revenue": 1286886, 
        "long_term_average": 209353, 
        "short_term_average": 235318
    }, 
    {
        "date": "2012-07-31", 
        "operating_revenue": 216543, 
        "accumulated_operating_revenue": 1503429, 
        "long_term_average": 210007, 
        "short_term_average": 226979
    }, 
    {
        "date": "2012-08-31", 
        "operating_revenue": 208975, 
        "accumulated_operating_revenue": 1712404, 
        "long_term_average": 209921, 
        "short_term_average": 218477
    }, 
    {
        "accumulated_operating_revenue_yoy": 878.0747387493465, 
        "accumulated_operating_revenue": 1927130, 
        "long_term_average": 211395, 
        "date": "2012-09-30", 
        "operating_revenue": 214726, 
        "short_term_average": 213414
    }, 
    {
        "accumulated_operating_revenue_yoy": 440.6028688910193, 
        "accumulated_operating_revenue": 2125937, 
        "long_term_average": 211611, 
        "date": "2012-10-31", 
        "operating_revenue": 198807, 
        "short_term_average": 207502
    }, 
    {
        "accumulated_operating_revenue_yoy": 285.2689132628584, 
        "accumulated_operating_revenue": 2328835, 
        "long_term_average": 210918, 
        "date": "2012-11-30", 
        "operating_revenue": 202898, 
        "short_term_average": 205477
    }, 
    {
        "accumulated_operating_revenue_yoy": 213.07056822520738, 
        "accumulated_operating_revenue": 2525390, 
        "long_term_average": 210449, 
        "date": "2012-12-31", 
        "operating_revenue": 196555, 
        "short_term_average": 199420
    }, 
    {
        "accumulated_operating_revenue_yoy": 18.104370635404564, 
        "accumulated_operating_revenue": 205315, 
        "long_term_average": 213071, 
        "date": "2013-01-31", 
        "operating_revenue": 205315, 
        "short_term_average": 201589
    }, 
    {
        "accumulated_operating_revenue_yoy": -1.6393762835967496, 
        "accumulated_operating_revenue": 352493, 
        "long_term_average": 209959, 
        "date": "2013-02-28", 
        "operating_revenue": 147178, 
        "short_term_average": 183016
    }, 
    {
        "accumulated_operating_revenue_yoy": 0.6365633154999207, 
        "accumulated_operating_revenue": 584630, 
        "long_term_average": 210757, 
        "date": "2013-03-31", 
        "operating_revenue": 232137, 
        "short_term_average": 194876
    }, 
    {
        "accumulated_operating_revenue_yoy": -1.4938783450254713, 
        "accumulated_operating_revenue": 810203, 
        "long_term_average": 209425, 
        "date": "2013-04-30", 
        "operating_revenue": 225573, 
        "short_term_average": 201629
    }, 
    {
        "accumulated_operating_revenue_yoy": -1.153104194714529, 
        "accumulated_operating_revenue": 1044785, 
        "long_term_average": 209433, 
        "date": "2013-05-31", 
        "operating_revenue": 234582, 
        "short_term_average": 230764
    }, 
    {
        "accumulated_operating_revenue_yoy": -0.7238403401699918, 
        "accumulated_operating_revenue": 1277571, 
        "long_term_average": 209672, 
        "date": "2013-06-30", 
        "operating_revenue": 232786, 
        "short_term_average": 230980
    }, 
    {
        "accumulated_operating_revenue_yoy": 1.8239637521958136, 
        "accumulated_operating_revenue": 1530851, 
        "long_term_average": 212734, 
        "date": "2013-07-31", 
        "operating_revenue": 253280, 
        "short_term_average": 240216
    }, 
    {
        "accumulated_operating_revenue_yoy": 3.8532379041394433, 
        "accumulated_operating_revenue": 1778387, 
        "long_term_average": 215947, 
        "date": "2013-08-31", 
        "operating_revenue": 247536, 
        "short_term_average": 244534
    }, 
    {
        "accumulated_operating_revenue_yoy": 7.500843222823576, 
        "accumulated_operating_revenue": 2071681, 
        "long_term_average": 222495, 
        "date": "2013-09-30", 
        "operating_revenue": 293294, 
        "short_term_average": 264703
    }, 
    {
        "accumulated_operating_revenue_yoy": 11.997157018293581, 
        "accumulated_operating_revenue": 2380989, 
        "long_term_average": 231703, 
        "date": "2013-10-31", 
        "operating_revenue": 309308, 
        "short_term_average": 283379
    }, 
    {
        "accumulated_operating_revenue_yoy": 16.12222420222987, 
        "accumulated_operating_revenue": 2704295, 
        "long_term_average": 241737, 
        "date": "2013-11-30", 
        "operating_revenue": 323306, 
        "short_term_average": 308636
    }, 
    {
        "accumulated_operating_revenue_yoy": 19.036267665588287, 
        "accumulated_operating_revenue": 3006130, 
        "long_term_average": 250510, 
        "date": "2013-12-31", 
        "operating_revenue": 301835, 
        "short_term_average": 311483
    }, 
    {
        "accumulated_operating_revenue_yoy": 39.308866863112776, 
        "accumulated_operating_revenue": 286022, 
        "long_term_average": 257236, 
        "date": "2014-01-31", 
        "operating_revenue": 286022, 
        "short_term_average": 303721
    }, 
    {
        "accumulated_operating_revenue_yoy": 55.35854612715714, 
        "accumulated_operating_revenue": 547628, 
        "long_term_average": 266772, 
        "date": "2014-02-28", 
        "operating_revenue": 261606, 
        "short_term_average": 283154
    }, 
    {
        "accumulated_operating_revenue_yoy": 59.33906915485008, 
        "accumulated_operating_revenue": 931544, 
        "long_term_average": 279420, 
        "date": "2014-03-31", 
        "operating_revenue": 383916, 
        "short_term_average": 310514
    }, 
    {
        "accumulated_operating_revenue_yoy": 61.527172819651376, 
        "accumulated_operating_revenue": 1308698, 
        "long_term_average": 292052, 
        "date": "2014-04-30", 
        "operating_revenue": 377154, 
        "short_term_average": 340892
    }, 
    {
        "accumulated_operating_revenue_yoy": 59.54268103006839, 
        "accumulated_operating_revenue": 1666878, 
        "long_term_average": 302351, 
        "date": "2014-05-31", 
        "operating_revenue": 358180, 
        "short_term_average": 373083
    }, 
    {
        "accumulated_operating_revenue_yoy": 53.717092826934866, 
        "accumulated_operating_revenue": 1963845, 
        "long_term_average": 307700, 
        "date": "2014-06-30", 
        "operating_revenue": 296967, 
        "short_term_average": 344100
    }, 
    {
        "accumulated_operating_revenue_yoy": 56.280265029058995, 
        "accumulated_operating_revenue": 2392418, 
        "long_term_average": 322308, 
        "date": "2014-07-31", 
        "operating_revenue": 428573, 
        "short_term_average": 361240
    }, 
    {
        "accumulated_operating_revenue_yoy": 59.3062702325197, 
        "accumulated_operating_revenue": 2833082, 
        "long_term_average": 338402, 
        "date": "2014-08-31", 
        "operating_revenue": 440664, 
        "short_term_average": 388734
    }, 
    {
        "accumulated_operating_revenue_yoy": 55.06335193497455, 
        "accumulated_operating_revenue": 3212418, 
        "long_term_average": 345572, 
        "date": "2014-09-30", 
        "operating_revenue": 379336, 
        "short_term_average": 416191
    }, 
    {
        "accumulated_operating_revenue_yoy": 52.77848826685045, 
        "accumulated_operating_revenue": 3637639, 
        "long_term_average": 355231, 
        "date": "2014-10-31", 
        "operating_revenue": 425221, 
        "short_term_average": 415073
    }, 
    {
        "accumulated_operating_revenue_yoy": 48.20576157556775, 
        "accumulated_operating_revenue": 4007921, 
        "long_term_average": 359146, 
        "date": "2014-11-30", 
        "operating_revenue": 370282, 
        "short_term_average": 391613
    }, 
    {
        "accumulated_operating_revenue_yoy": 42.86524534867088, 
        "accumulated_operating_revenue": 4294715, 
        "long_term_average": 357892, 
        "date": "2014-12-31", 
        "operating_revenue": 286794, 
        "short_term_average": 360765
    }, 
    {
        "accumulated_operating_revenue_yoy": 12.987462502884394, 
        "accumulated_operating_revenue": 323169, 
        "long_term_average": 360988, 
        "date": "2015-01-31", 
        "operating_revenue": 323169, 
        "short_term_average": 326748
    }, 
    {
        "accumulated_operating_revenue_yoy": -1.784788213897025, 
        "accumulated_operating_revenue": 537854, 
        "long_term_average": 357078, 
        "date": "2015-02-28", 
        "operating_revenue": 214685, 
        "short_term_average": 274882
    }, 
    {
        "accumulated_operating_revenue_yoy": -7.947235986705942, 
        "accumulated_operating_revenue": 857512, 
        "long_term_average": 351723, 
        "date": "2015-03-31", 
        "operating_revenue": 319658, 
        "short_term_average": 285837
    }, 
    {
        "accumulated_operating_revenue_yoy": -9.495162367482795, 
        "accumulated_operating_revenue": 1184435, 
        "long_term_average": 347537, 
        "date": "2015-04-30", 
        "operating_revenue": 326923, 
        "short_term_average": 287088
    }, 
    {
        "accumulated_operating_revenue_yoy": -2.7182553252247614, 
        "accumulated_operating_revenue": 1621568, 
        "long_term_average": 354117, 
        "date": "2015-05-31", 
        "operating_revenue": 437133, 
        "short_term_average": 361238
    }, 
    {
        "accumulated_operating_revenue_yoy": 4.670684295349175, 
        "accumulated_operating_revenue": 2055570, 
        "long_term_average": 365536, 
        "date": "2015-06-30", 
        "operating_revenue": 434002, 
        "short_term_average": 399352
    }, 
    {
        "accumulated_operating_revenue_yoy": 2.5108906553955035, 
        "accumulated_operating_revenue": 2452489, 
        "long_term_average": 362898, 
        "date": "2015-07-31", 
        "operating_revenue": 396919, 
        "short_term_average": 422684
    }, 
    {
        "accumulated_operating_revenue_yoy": 3.696221994280434, 
        "accumulated_operating_revenue": 2937799, 
        "long_term_average": 366619, 
        "date": "2015-08-31", 
        "operating_revenue": 485310, 
        "short_term_average": 438743
    }
]