[
    {
        "date": "2012-01-31", 
        "operating_revenue": 8405, 
        "accumulated_operating_revenue": 8405, 
        "long_term_average": 8405, 
        "short_term_average": 8405
    }, 
    {
        "date": "2012-02-29", 
        "operating_revenue": 5144, 
        "accumulated_operating_revenue": 13549, 
        "long_term_average": 6774, 
        "short_term_average": 6774
    }, 
    {
        "date": "2012-03-31", 
        "operating_revenue": 2558, 
        "accumulated_operating_revenue": 16107, 
        "long_term_average": 5369, 
        "short_term_average": 5369
    }, 
    {
        "date": "2012-04-30", 
        "operating_revenue": 4867, 
        "accumulated_operating_revenue": 20974, 
        "long_term_average": 5243, 
        "short_term_average": 4189
    }, 
    {
        "date": "2012-05-31", 
        "operating_revenue": 10613, 
        "accumulated_operating_revenue": 31587, 
        "long_term_average": 6317, 
        "short_term_average": 6012
    }, 
    {
        "date": "2012-06-30", 
        "operating_revenue": 4376, 
        "accumulated_operating_revenue": 35963, 
        "long_term_average": 5993, 
        "short_term_average": 6618
    }, 
    {
        "date": "2012-07-31", 
        "operating_revenue": 15796, 
        "accumulated_operating_revenue": 51759, 
        "long_term_average": 7394, 
        "short_term_average": 10261
    }, 
    {
        "date": "2012-08-31", 
        "operating_revenue": 5084, 
        "accumulated_operating_revenue": 56843, 
        "long_term_average": 7105, 
        "short_term_average": 8418
    }, 
    {
        "date": "2012-09-30", 
        "operating_revenue": 5669, 
        "accumulated_operating_revenue": 62512, 
        "long_term_average": 6945, 
        "short_term_average": 8849
    }, 
    {
        "date": "2012-10-31", 
        "operating_revenue": 15733, 
        "accumulated_operating_revenue": 78245, 
        "long_term_average": 7824, 
        "short_term_average": 8828
    }, 
    {
        "date": "2012-11-30", 
        "operating_revenue": 18022, 
        "accumulated_operating_revenue": 96267, 
        "long_term_average": 8751, 
        "short_term_average": 13141
    }, 
    {
        "date": "2012-12-31", 
        "operating_revenue": 26755, 
        "accumulated_operating_revenue": 123022, 
        "long_term_average": 10251, 
        "short_term_average": 20170
    }, 
    {
        "accumulated_operating_revenue_yoy": 95.99048185603807, 
        "accumulated_operating_revenue": 16473, 
        "long_term_average": 10924, 
        "date": "2013-01-31", 
        "operating_revenue": 16473, 
        "short_term_average": 20416
    }, 
    {
        "accumulated_operating_revenue_yoy": 114.92361059856817, 
        "accumulated_operating_revenue": 29120, 
        "long_term_average": 11549, 
        "date": "2013-02-28", 
        "operating_revenue": 12647, 
        "short_term_average": 18625
    }, 
    {
        "accumulated_operating_revenue_yoy": 190.4078971875582, 
        "accumulated_operating_revenue": 46776, 
        "long_term_average": 12807, 
        "date": "2013-03-31", 
        "operating_revenue": 17656, 
        "short_term_average": 15592
    }, 
    {
        "accumulated_operating_revenue_yoy": 236.34976637741966, 
        "accumulated_operating_revenue": 70546, 
        "long_term_average": 14382, 
        "date": "2013-04-30", 
        "operating_revenue": 23770, 
        "short_term_average": 18024
    }, 
    {
        "accumulated_operating_revenue_yoy": 147.2884414474309, 
        "accumulated_operating_revenue": 78111, 
        "long_term_average": 14128, 
        "date": "2013-05-31", 
        "operating_revenue": 7565, 
        "short_term_average": 16330
    }, 
    {
        "accumulated_operating_revenue_yoy": 163.22053221366403, 
        "accumulated_operating_revenue": 94662, 
        "long_term_average": 15143, 
        "date": "2013-06-30", 
        "operating_revenue": 16551, 
        "short_term_average": 15962
    }, 
    {
        "accumulated_operating_revenue_yoy": 94.73328310052358, 
        "accumulated_operating_revenue": 100792, 
        "long_term_average": 14337, 
        "date": "2013-07-31", 
        "operating_revenue": 6130, 
        "short_term_average": 10082
    }, 
    {
        "accumulated_operating_revenue_yoy": 96.79643931530707, 
        "accumulated_operating_revenue": 111865, 
        "long_term_average": 14837, 
        "date": "2013-08-31", 
        "operating_revenue": 11073, 
        "short_term_average": 11251
    }, 
    {
        "accumulated_operating_revenue_yoy": 85.35481187611978, 
        "accumulated_operating_revenue": 115869, 
        "long_term_average": 14698, 
        "date": "2013-09-30", 
        "operating_revenue": 4004, 
        "short_term_average": 7069
    }, 
    {
        "accumulated_operating_revenue_yoy": 47.319317528276564, 
        "accumulated_operating_revenue": 115270, 
        "long_term_average": 13337, 
        "date": "2013-10-31", 
        "operating_revenue": -599, 
        "short_term_average": 4826
    }, 
    {
        "accumulated_operating_revenue_yoy": 32.25612099681096, 
        "accumulated_operating_revenue": 127319, 
        "long_term_average": 12839, 
        "date": "2013-11-30", 
        "operating_revenue": 12049, 
        "short_term_average": 5151
    }, 
    {
        "accumulated_operating_revenue_yoy": 15.421631903236818, 
        "accumulated_operating_revenue": 141994, 
        "long_term_average": 11832, 
        "date": "2013-12-31", 
        "operating_revenue": 14675, 
        "short_term_average": 8708
    }, 
    {
        "accumulated_operating_revenue_yoy": -50.907545680811026, 
        "accumulated_operating_revenue": 8087, 
        "long_term_average": 11134, 
        "date": "2014-01-31", 
        "operating_revenue": 8087, 
        "short_term_average": 11603
    }, 
    {
        "accumulated_operating_revenue_yoy": -53.14903846153847, 
        "accumulated_operating_revenue": 13643, 
        "long_term_average": 10543, 
        "date": "2014-02-28", 
        "operating_revenue": 5556, 
        "short_term_average": 9439
    }, 
    {
        "accumulated_operating_revenue_yoy": -50.4318453907987, 
        "accumulated_operating_revenue": 23186, 
        "long_term_average": 9867, 
        "date": "2014-03-31", 
        "operating_revenue": 9543, 
        "short_term_average": 7728
    }, 
    {
        "accumulated_operating_revenue_yoy": -51.86119694950813, 
        "accumulated_operating_revenue": 33960, 
        "long_term_average": 8784, 
        "date": "2014-04-30", 
        "operating_revenue": 10774, 
        "short_term_average": 8624
    }, 
    {
        "accumulated_operating_revenue_yoy": -48.333781413629325, 
        "accumulated_operating_revenue": 40357, 
        "long_term_average": 8686, 
        "date": "2014-05-31", 
        "operating_revenue": 6397, 
        "short_term_average": 8904
    }, 
    {
        "accumulated_operating_revenue_yoy": -50.65284908410979, 
        "accumulated_operating_revenue": 46713, 
        "long_term_average": 7837, 
        "date": "2014-06-30", 
        "operating_revenue": 6356, 
        "short_term_average": 7842
    }, 
    {
        "accumulated_operating_revenue_yoy": -39.373164536868, 
        "accumulated_operating_revenue": 61107, 
        "long_term_average": 8525, 
        "date": "2014-07-31", 
        "operating_revenue": 14394, 
        "short_term_average": 9049
    }, 
    {
        "accumulated_operating_revenue_yoy": -26.671434318151345, 
        "accumulated_operating_revenue": 82029, 
        "long_term_average": 9346, 
        "date": "2014-08-31", 
        "operating_revenue": 20922, 
        "short_term_average": 13890
    }, 
    {
        "accumulated_operating_revenue_yoy": -26.92782366292969, 
        "accumulated_operating_revenue": 84668, 
        "long_term_average": 9232, 
        "date": "2014-09-30", 
        "operating_revenue": 2639, 
        "short_term_average": 12651
    }, 
    {
        "accumulated_operating_revenue_yoy": -1.3576819640843238, 
        "accumulated_operating_revenue": 113705, 
        "long_term_average": 11702, 
        "date": "2014-10-31", 
        "operating_revenue": 29037, 
        "short_term_average": 17532
    }, 
    {
        "accumulated_operating_revenue_yoy": 6.181324075746746, 
        "accumulated_operating_revenue": 135189, 
        "long_term_average": 12488, 
        "date": "2014-11-30", 
        "operating_revenue": 21484, 
        "short_term_average": 17720
    }, 
    {
        "accumulated_operating_revenue_yoy": 8.832767581728804, 
        "accumulated_operating_revenue": 154536, 
        "long_term_average": 12878, 
        "date": "2014-12-31", 
        "operating_revenue": 19347, 
        "short_term_average": 23289
    }, 
    {
        "accumulated_operating_revenue_yoy": -45.08470384567825, 
        "accumulated_operating_revenue": 4441, 
        "long_term_average": 12574, 
        "date": "2015-01-31", 
        "operating_revenue": 4441, 
        "short_term_average": 15090
    }, 
    {
        "accumulated_operating_revenue_yoy": -0.05863812944367075, 
        "accumulated_operating_revenue": 13635, 
        "long_term_average": 12877, 
        "date": "2015-02-28", 
        "operating_revenue": 9194, 
        "short_term_average": 10994
    }, 
    {
        "accumulated_operating_revenue_yoy": -18.4809799016648, 
        "accumulated_operating_revenue": 18901, 
        "long_term_average": 12520, 
        "date": "2015-03-31", 
        "operating_revenue": 5266, 
        "short_term_average": 6300
    }, 
    {
        "accumulated_operating_revenue_yoy": -34.02532391048292, 
        "accumulated_operating_revenue": 22405, 
        "long_term_average": 11915, 
        "date": "2015-04-30", 
        "operating_revenue": 3504, 
        "short_term_average": 5988
    }, 
    {
        "accumulated_operating_revenue_yoy": -27.618504844264933, 
        "accumulated_operating_revenue": 29211, 
        "long_term_average": 11949, 
        "date": "2015-05-31", 
        "operating_revenue": 6806, 
        "short_term_average": 5192
    }, 
    {
        "accumulated_operating_revenue_yoy": -19.046089953546122, 
        "accumulated_operating_revenue": 37816, 
        "long_term_average": 12136, 
        "date": "2015-06-30", 
        "operating_revenue": 8605, 
        "short_term_average": 6305
    }, 
    {
        "accumulated_operating_revenue_yoy": -2.4628929582535553, 
        "accumulated_operating_revenue": 59602, 
        "long_term_average": 12752, 
        "date": "2015-07-31", 
        "operating_revenue": 21786, 
        "short_term_average": 12399
    }, 
    {
        "accumulated_operating_revenue_yoy": -16.52464372356118, 
        "accumulated_operating_revenue": 68474, 
        "long_term_average": 11748, 
        "date": "2015-08-31", 
        "operating_revenue": 8872, 
        "short_term_average": 13087
    }, 
    {
        "accumulated_operating_revenue_yoy": -6.784145131572732, 
        "accumulated_operating_revenue": 78924, 
        "long_term_average": 12399, 
        "date": "2015-09-30", 
        "operating_revenue": 10450, 
        "short_term_average": 13702
    }
]