[
    {
        "date": "2012-01-31", 
        "operating_revenue": 30273, 
        "accumulated_operating_revenue": 30273, 
        "long_term_average": 30273, 
        "short_term_average": 30273
    }, 
    {
        "date": "2012-02-29", 
        "operating_revenue": 39623, 
        "accumulated_operating_revenue": 69896, 
        "long_term_average": 34948, 
        "short_term_average": 34948
    }, 
    {
        "date": "2012-03-31", 
        "operating_revenue": 51011, 
        "accumulated_operating_revenue": 120907, 
        "long_term_average": 40302, 
        "short_term_average": 40302
    }, 
    {
        "date": "2012-04-30", 
        "operating_revenue": 58641, 
        "accumulated_operating_revenue": 179548, 
        "long_term_average": 44887, 
        "short_term_average": 49758
    }, 
    {
        "date": "2012-05-31", 
        "operating_revenue": 78682, 
        "accumulated_operating_revenue": 258230, 
        "long_term_average": 51646, 
        "short_term_average": 62778
    }, 
    {
        "date": "2012-06-30", 
        "operating_revenue": 69978, 
        "accumulated_operating_revenue": 328208, 
        "long_term_average": 54701, 
        "short_term_average": 69100
    }, 
    {
        "date": "2012-07-31", 
        "operating_revenue": 88820, 
        "accumulated_operating_revenue": 417028, 
        "long_term_average": 59575, 
        "short_term_average": 79160
    }, 
    {
        "date": "2012-08-31", 
        "operating_revenue": 80599, 
        "accumulated_operating_revenue": 497627, 
        "long_term_average": 62203, 
        "short_term_average": 79799
    }, 
    {
        "date": "2012-09-30", 
        "operating_revenue": 63446, 
        "accumulated_operating_revenue": 561073, 
        "long_term_average": 62341, 
        "short_term_average": 77621
    }, 
    {
        "date": "2012-10-31", 
        "operating_revenue": 59962, 
        "accumulated_operating_revenue": 621035, 
        "long_term_average": 62103, 
        "short_term_average": 68002
    }, 
    {
        "date": "2012-11-30", 
        "operating_revenue": 49954, 
        "accumulated_operating_revenue": 670989, 
        "long_term_average": 60999, 
        "short_term_average": 57787
    }, 
    {
        "date": "2012-12-31", 
        "operating_revenue": 78187, 
        "accumulated_operating_revenue": 749176, 
        "long_term_average": 62431, 
        "short_term_average": 62701
    }, 
    {
        "accumulated_operating_revenue_yoy": 76.95966703002675, 
        "accumulated_operating_revenue": 53571, 
        "long_term_average": 64372, 
        "date": "2013-01-31", 
        "operating_revenue": 53571, 
        "short_term_average": 60570
    }, 
    {
        "accumulated_operating_revenue_yoy": 24.924173057113425, 
        "accumulated_operating_revenue": 87317, 
        "long_term_average": 63883, 
        "date": "2013-02-28", 
        "operating_revenue": 33746, 
        "short_term_average": 55168
    }, 
    {
        "accumulated_operating_revenue_yoy": 10.370780848089854, 
        "accumulated_operating_revenue": 133446, 
        "long_term_average": 63476, 
        "date": "2013-03-31", 
        "operating_revenue": 46129, 
        "short_term_average": 44482
    }, 
    {
        "accumulated_operating_revenue_yoy": 12.279724641878495, 
        "accumulated_operating_revenue": 201596, 
        "long_term_average": 64268, 
        "date": "2013-04-30", 
        "operating_revenue": 68150, 
        "short_term_average": 49341
    }, 
    {
        "accumulated_operating_revenue_yoy": 16.76025248809201, 
        "accumulated_operating_revenue": 301510, 
        "long_term_average": 66038, 
        "date": "2013-05-31", 
        "operating_revenue": 99914, 
        "short_term_average": 71397
    }, 
    {
        "accumulated_operating_revenue_yoy": 21.943401745234727, 
        "accumulated_operating_revenue": 400228, 
        "long_term_average": 68433, 
        "date": "2013-06-30", 
        "operating_revenue": 98718, 
        "short_term_average": 88927
    }, 
    {
        "accumulated_operating_revenue_yoy": 21.757771660416086, 
        "accumulated_operating_revenue": 507764, 
        "long_term_average": 69992, 
        "date": "2013-07-31", 
        "operating_revenue": 107536, 
        "short_term_average": 102056
    }, 
    {
        "accumulated_operating_revenue_yoy": 20.666885036382673, 
        "accumulated_operating_revenue": 600471, 
        "long_term_average": 71001, 
        "date": "2013-08-31", 
        "operating_revenue": 92707, 
        "short_term_average": 99653
    }, 
    {
        "accumulated_operating_revenue_yoy": 17.914602912633473, 
        "accumulated_operating_revenue": 661587, 
        "long_term_average": 70807, 
        "date": "2013-09-30", 
        "operating_revenue": 61116, 
        "short_term_average": 87119
    }, 
    {
        "accumulated_operating_revenue_yoy": 21.208305490028742, 
        "accumulated_operating_revenue": 752746, 
        "long_term_average": 73407, 
        "date": "2013-10-31", 
        "operating_revenue": 91159, 
        "short_term_average": 81660
    }, 
    {
        "accumulated_operating_revenue_yoy": 22.387550317516382, 
        "accumulated_operating_revenue": 821207, 
        "long_term_average": 74949, 
        "date": "2013-11-30", 
        "operating_revenue": 68461, 
        "short_term_average": 73578
    }, 
    {
        "accumulated_operating_revenue_yoy": 15.728480357085651, 
        "accumulated_operating_revenue": 867010, 
        "long_term_average": 72250, 
        "date": "2013-12-31", 
        "operating_revenue": 45803, 
        "short_term_average": 68474
    }, 
    {
        "accumulated_operating_revenue_yoy": -25.90207388325773, 
        "accumulated_operating_revenue": 39695, 
        "long_term_average": 71094, 
        "date": "2014-01-31", 
        "operating_revenue": 39695, 
        "short_term_average": 51319
    }, 
    {
        "accumulated_operating_revenue_yoy": 4.706987184626133, 
        "accumulated_operating_revenue": 91427, 
        "long_term_average": 72593, 
        "date": "2014-02-28", 
        "operating_revenue": 51732, 
        "short_term_average": 45743
    }, 
    {
        "accumulated_operating_revenue_yoy": 34.14864439548582, 
        "accumulated_operating_revenue": 179016, 
        "long_term_average": 76048, 
        "date": "2014-03-31", 
        "operating_revenue": 87589, 
        "short_term_average": 59672
    }, 
    {
        "accumulated_operating_revenue_yoy": 17.313339550387905, 
        "accumulated_operating_revenue": 236499, 
        "long_term_average": 75159, 
        "date": "2014-04-30", 
        "operating_revenue": 57483, 
        "short_term_average": 65601
    }, 
    {
        "accumulated_operating_revenue_yoy": 2.5242943849291897, 
        "accumulated_operating_revenue": 309121, 
        "long_term_average": 72885, 
        "date": "2014-05-31", 
        "operating_revenue": 72622, 
        "short_term_average": 72564
    }, 
    {
        "accumulated_operating_revenue_yoy": -6.478307364802063, 
        "accumulated_operating_revenue": 374300, 
        "long_term_average": 70090, 
        "date": "2014-06-30", 
        "operating_revenue": 65179, 
        "short_term_average": 65094
    }, 
    {
        "accumulated_operating_revenue_yoy": -9.599341426331918, 
        "accumulated_operating_revenue": 459022, 
        "long_term_average": 68189, 
        "date": "2014-07-31", 
        "operating_revenue": 84722, 
        "short_term_average": 74174
    }, 
    {
        "accumulated_operating_revenue_yoy": -8.03902270051343, 
        "accumulated_operating_revenue": 552199, 
        "long_term_average": 68228, 
        "date": "2014-08-31", 
        "operating_revenue": 93177, 
        "short_term_average": 81026
    }, 
    {
        "accumulated_operating_revenue_yoy": -1.8555382738778121, 
        "accumulated_operating_revenue": 649311, 
        "long_term_average": 71227, 
        "date": "2014-09-30", 
        "operating_revenue": 97112, 
        "short_term_average": 91670
    }, 
    {
        "accumulated_operating_revenue_yoy": 2.5666028115725625, 
        "accumulated_operating_revenue": 772066, 
        "long_term_average": 73860, 
        "date": "2014-10-31", 
        "operating_revenue": 122755, 
        "short_term_average": 104348
    }, 
    {
        "accumulated_operating_revenue_yoy": 2.0490570586953107, 
        "accumulated_operating_revenue": 838034, 
        "long_term_average": 73653, 
        "date": "2014-11-30", 
        "operating_revenue": 65968, 
        "short_term_average": 95278
    }, 
    {
        "accumulated_operating_revenue_yoy": 4.4344355889782126, 
        "accumulated_operating_revenue": 905457, 
        "long_term_average": 75454, 
        "date": "2014-12-31", 
        "operating_revenue": 67423, 
        "short_term_average": 85382
    }, 
    {
        "accumulated_operating_revenue_yoy": 49.583070915732456, 
        "accumulated_operating_revenue": 59377, 
        "long_term_average": 77094, 
        "date": "2015-01-31", 
        "operating_revenue": 59377, 
        "short_term_average": 64256
    }, 
    {
        "accumulated_operating_revenue_yoy": 1.0303302088004638, 
        "accumulated_operating_revenue": 92369, 
        "long_term_average": 75533, 
        "date": "2015-02-28", 
        "operating_revenue": 32992, 
        "short_term_average": 53264
    }, 
    {
        "accumulated_operating_revenue_yoy": -6.9032935603521475, 
        "accumulated_operating_revenue": 166658, 
        "long_term_average": 74424, 
        "date": "2015-03-31", 
        "operating_revenue": 74289, 
        "short_term_average": 55552
    }, 
    {
        "accumulated_operating_revenue_yoy": 5.468099230863555, 
        "accumulated_operating_revenue": 249431, 
        "long_term_average": 76532, 
        "date": "2015-04-30", 
        "operating_revenue": 82773, 
        "short_term_average": 63351
    }, 
    {
        "accumulated_operating_revenue_yoy": -3.3896111878520063, 
        "accumulated_operating_revenue": 298643, 
        "long_term_average": 74581, 
        "date": "2015-05-31", 
        "operating_revenue": 49212, 
        "short_term_average": 68758
    }, 
    {
        "accumulated_operating_revenue_yoy": -4.207854662035801, 
        "accumulated_operating_revenue": 358550, 
        "long_term_average": 74142, 
        "date": "2015-06-30", 
        "operating_revenue": 59907, 
        "short_term_average": 63964
    }, 
    {
        "accumulated_operating_revenue_yoy": -0.3119676181098074, 
        "accumulated_operating_revenue": 457590, 
        "long_term_average": 75335, 
        "date": "2015-07-31", 
        "operating_revenue": 99040, 
        "short_term_average": 69386
    }, 
    {
        "accumulated_operating_revenue_yoy": 0.17801553425486102, 
        "accumulated_operating_revenue": 553182, 
        "long_term_average": 75536, 
        "date": "2015-08-31", 
        "operating_revenue": 95592, 
        "short_term_average": 84846
    }
]