[
    {
        "date": "2011-09-30", 
        "operating_revenue": 419429, 
        "accumulated_operating_revenue": 419429, 
        "long_term_average": 419429, 
        "short_term_average": 419429
    }, 
    {
        "date": "2011-10-31", 
        "operating_revenue": 383052, 
        "accumulated_operating_revenue": 802481, 
        "long_term_average": 401240, 
        "short_term_average": 401240
    }, 
    {
        "date": "2011-11-30", 
        "operating_revenue": 407342, 
        "accumulated_operating_revenue": 1209823, 
        "long_term_average": 403274, 
        "short_term_average": 403274
    }, 
    {
        "date": "2011-12-31", 
        "operating_revenue": 407264, 
        "accumulated_operating_revenue": 1617087, 
        "long_term_average": 404271, 
        "short_term_average": 399219
    }, 
    {
        "date": "2012-01-31", 
        "operating_revenue": 306512, 
        "accumulated_operating_revenue": 306512, 
        "long_term_average": 384719, 
        "short_term_average": 373706
    }, 
    {
        "date": "2012-02-29", 
        "operating_revenue": 324308, 
        "accumulated_operating_revenue": 630820, 
        "long_term_average": 374651, 
        "short_term_average": 346028
    }, 
    {
        "date": "2012-03-31", 
        "operating_revenue": 356042, 
        "accumulated_operating_revenue": 986862, 
        "long_term_average": 371992, 
        "short_term_average": 328954
    }, 
    {
        "date": "2012-04-30", 
        "operating_revenue": 417239, 
        "accumulated_operating_revenue": 1404101, 
        "long_term_average": 377648, 
        "short_term_average": 365863
    }, 
    {
        "date": "2012-05-31", 
        "operating_revenue": 455264, 
        "accumulated_operating_revenue": 1859365, 
        "long_term_average": 386272, 
        "short_term_average": 409515
    }, 
    {
        "date": "2012-06-30", 
        "operating_revenue": 474723, 
        "accumulated_operating_revenue": 2334088, 
        "long_term_average": 395117, 
        "short_term_average": 449075
    }, 
    {
        "date": "2012-07-31", 
        "operating_revenue": 436979, 
        "accumulated_operating_revenue": 2771067, 
        "long_term_average": 398923, 
        "short_term_average": 455655
    }, 
    {
        "date": "2012-08-31", 
        "operating_revenue": 451165, 
        "accumulated_operating_revenue": 3222232, 
        "long_term_average": 403276, 
        "short_term_average": 454289
    }, 
    {
        "accumulated_operating_revenue_yoy": 797.6119915408806, 
        "accumulated_operating_revenue": 3764845, 
        "long_term_average": 413541, 
        "date": "2012-09-30", 
        "operating_revenue": 542613, 
        "short_term_average": 476919
    }, 
    {
        "accumulated_operating_revenue_yoy": 434.4380739232455, 
        "accumulated_operating_revenue": 4288764, 
        "long_term_average": 425280, 
        "date": "2012-10-31", 
        "operating_revenue": 523919, 
        "short_term_average": 505899
    }, 
    {
        "accumulated_operating_revenue_yoy": 297.30977176000124, 
        "accumulated_operating_revenue": 4806745, 
        "long_term_average": 434500, 
        "date": "2012-11-30", 
        "operating_revenue": 517981, 
        "short_term_average": 528171
    }, 
    {
        "accumulated_operating_revenue_yoy": 229.58566855091905, 
        "accumulated_operating_revenue": 5329687, 
        "long_term_average": 444140, 
        "date": "2012-12-31", 
        "operating_revenue": 522942, 
        "short_term_average": 521614
    }, 
    {
        "accumulated_operating_revenue_yoy": 79.47584433888396, 
        "accumulated_operating_revenue": 550115, 
        "long_term_average": 464440, 
        "date": "2013-01-31", 
        "operating_revenue": 550115, 
        "short_term_average": 530346
    }, 
    {
        "accumulated_operating_revenue_yoy": 48.998604990330044, 
        "accumulated_operating_revenue": 939913, 
        "long_term_average": 469898, 
        "date": "2013-02-28", 
        "operating_revenue": 389798, 
        "short_term_average": 487618
    }, 
    {
        "accumulated_operating_revenue_yoy": 45.253338359365344, 
        "accumulated_operating_revenue": 1433450, 
        "long_term_average": 481356, 
        "date": "2013-03-31", 
        "operating_revenue": 493537, 
        "short_term_average": 477816
    }, 
    {
        "accumulated_operating_revenue_yoy": 39.460622846931955, 
        "accumulated_operating_revenue": 1958168, 
        "long_term_average": 490312, 
        "date": "2013-04-30", 
        "operating_revenue": 524718, 
        "short_term_average": 469351
    }, 
    {
        "accumulated_operating_revenue_yoy": 34.48107283938334, 
        "accumulated_operating_revenue": 2500494, 
        "long_term_average": 497568, 
        "date": "2013-05-31", 
        "operating_revenue": 542326, 
        "short_term_average": 520193
    }, 
    {
        "accumulated_operating_revenue_yoy": 28.31174317335079, 
        "accumulated_operating_revenue": 2994909, 
        "long_term_average": 499209, 
        "date": "2013-06-30", 
        "operating_revenue": 494415, 
        "short_term_average": 520486
    }, 
    {
        "accumulated_operating_revenue_yoy": 26.92872456710718, 
        "accumulated_operating_revenue": 3517280, 
        "long_term_average": 506325, 
        "date": "2013-07-31", 
        "operating_revenue": 522371, 
        "short_term_average": 519704
    }, 
    {
        "accumulated_operating_revenue_yoy": 24.403581120167637, 
        "accumulated_operating_revenue": 4008572, 
        "long_term_average": 509668, 
        "date": "2013-08-31", 
        "operating_revenue": 491292, 
        "short_term_average": 502692
    }, 
    {
        "accumulated_operating_revenue_yoy": 19.942361504922513, 
        "accumulated_operating_revenue": 4515644, 
        "long_term_average": 506707, 
        "date": "2013-09-30", 
        "operating_revenue": 507072, 
        "short_term_average": 506911
    }, 
    {
        "accumulated_operating_revenue_yoy": 15.734859740475343, 
        "accumulated_operating_revenue": 4963595, 
        "long_term_average": 500376, 
        "date": "2013-10-31", 
        "operating_revenue": 447951, 
        "short_term_average": 482105
    }, 
    {
        "accumulated_operating_revenue_yoy": 13.754859057428675, 
        "accumulated_operating_revenue": 5467906, 
        "long_term_average": 499237, 
        "date": "2013-11-30", 
        "operating_revenue": 504311, 
        "short_term_average": 486444
    }, 
    {
        "accumulated_operating_revenue_yoy": 12.944737655325724, 
        "accumulated_operating_revenue": 6019601, 
        "long_term_average": 501633, 
        "date": "2013-12-31", 
        "operating_revenue": 551695, 
        "short_term_average": 501319
    }, 
    {
        "accumulated_operating_revenue_yoy": -19.294511147669123, 
        "accumulated_operating_revenue": 443973, 
        "long_term_average": 492788, 
        "date": "2014-01-31", 
        "operating_revenue": 443973, 
        "short_term_average": 499993
    }, 
    {
        "accumulated_operating_revenue_yoy": -13.411879610134129, 
        "accumulated_operating_revenue": 813853, 
        "long_term_average": 491128, 
        "date": "2014-02-28", 
        "operating_revenue": 369880, 
        "short_term_average": 455182
    }, 
    {
        "accumulated_operating_revenue_yoy": -11.459137046984548, 
        "accumulated_operating_revenue": 1269189, 
        "long_term_average": 487945, 
        "date": "2014-03-31", 
        "operating_revenue": 455336, 
        "short_term_average": 423063
    }, 
    {
        "accumulated_operating_revenue_yoy": -5.714269664298467, 
        "accumulated_operating_revenue": 1846273, 
        "long_term_average": 492308, 
        "date": "2014-04-30", 
        "operating_revenue": 577084, 
        "short_term_average": 467433
    }, 
    {
        "accumulated_operating_revenue_yoy": -5.340024811097327, 
        "accumulated_operating_revenue": 2366967, 
        "long_term_average": 490506, 
        "date": "2014-05-31", 
        "operating_revenue": 520694, 
        "short_term_average": 517704
    }, 
    {
        "accumulated_operating_revenue_yoy": -3.797911722860361, 
        "accumulated_operating_revenue": 2881165, 
        "long_term_average": 492154, 
        "date": "2014-06-30", 
        "operating_revenue": 514198, 
        "short_term_average": 537325
    }, 
    {
        "accumulated_operating_revenue_yoy": -2.8450962107082747, 
        "accumulated_operating_revenue": 3417210, 
        "long_term_average": 493294, 
        "date": "2014-07-31", 
        "operating_revenue": 536045, 
        "short_term_average": 523645
    }, 
    {
        "accumulated_operating_revenue_yoy": -3.030380893744705, 
        "accumulated_operating_revenue": 3887097, 
        "long_term_average": 491510, 
        "date": "2014-08-31", 
        "operating_revenue": 469887, 
        "short_term_average": 506710
    }, 
    {
        "accumulated_operating_revenue_yoy": -2.2038716958201308, 
        "accumulated_operating_revenue": 4416125, 
        "long_term_average": 493340, 
        "date": "2014-09-30", 
        "operating_revenue": 529028, 
        "short_term_average": 511653
    }, 
    {
        "accumulated_operating_revenue_yoy": -1.4482245227501438, 
        "accumulated_operating_revenue": 4891711, 
        "long_term_average": 495643, 
        "date": "2014-10-31", 
        "operating_revenue": 475586, 
        "short_term_average": 491500
    }, 
    {
        "accumulated_operating_revenue_yoy": -2.182755153435337, 
        "accumulated_operating_revenue": 5348555, 
        "long_term_average": 491687, 
        "date": "2014-11-30", 
        "operating_revenue": 456844, 
        "short_term_average": 487152
    }, 
    {
        "accumulated_operating_revenue_yoy": -1.320635703263389, 
        "accumulated_operating_revenue": 5940104, 
        "long_term_average": 495008, 
        "date": "2014-12-31", 
        "operating_revenue": 591549, 
        "short_term_average": 507993
    }, 
    {
        "accumulated_operating_revenue_yoy": 10.006013879222385, 
        "accumulated_operating_revenue": 488397, 
        "long_term_average": 498710, 
        "date": "2015-01-31", 
        "operating_revenue": 488397, 
        "short_term_average": 512263
    }, 
    {
        "accumulated_operating_revenue_yoy": 8.289580550787427, 
        "accumulated_operating_revenue": 881318, 
        "long_term_average": 500630, 
        "date": "2015-02-28", 
        "operating_revenue": 392921, 
        "short_term_average": 490955
    }, 
    {
        "accumulated_operating_revenue_yoy": 3.442828451869658, 
        "accumulated_operating_revenue": 1312885, 
        "long_term_average": 498650, 
        "date": "2015-03-31", 
        "operating_revenue": 431567, 
        "short_term_average": 437628
    }, 
    {
        "accumulated_operating_revenue_yoy": -3.452685491257252, 
        "accumulated_operating_revenue": 1782527, 
        "long_term_average": 489696, 
        "date": "2015-04-30", 
        "operating_revenue": 469642, 
        "short_term_average": 431376
    }, 
    {
        "accumulated_operating_revenue_yoy": -5.6155409010772015, 
        "accumulated_operating_revenue": 2234049, 
        "long_term_average": 483932, 
        "date": "2015-05-31", 
        "operating_revenue": 451522, 
        "short_term_average": 450910
    }, 
    {
        "accumulated_operating_revenue_yoy": -4.6002224794484174, 
        "accumulated_operating_revenue": 2748625, 
        "long_term_average": 483963, 
        "date": "2015-06-30", 
        "operating_revenue": 514576, 
        "short_term_average": 478580
    }, 
    {
        "accumulated_operating_revenue_yoy": -5.539694663190146, 
        "accumulated_operating_revenue": 3227907, 
        "long_term_average": 479233, 
        "date": "2015-07-31", 
        "operating_revenue": 479282, 
        "short_term_average": 481793
    }, 
    {
        "accumulated_operating_revenue_yoy": -4.697078565314938, 
        "accumulated_operating_revenue": 3704517, 
        "long_term_average": 479793, 
        "date": "2015-08-31", 
        "operating_revenue": 476610, 
        "short_term_average": 490156
    }, 
    {
        "accumulated_operating_revenue_yoy": -3.0983045090435617, 
        "accumulated_operating_revenue": 4279300, 
        "long_term_average": 483606, 
        "date": "2015-09-30", 
        "operating_revenue": 574783, 
        "short_term_average": 510225
    }, 
    {
        "accumulated_operating_revenue_yoy": -0.6695816658015978, 
        "accumulated_operating_revenue": 4858957, 
        "long_term_average": 492279, 
        "date": "2015-10-31", 
        "operating_revenue": 579657, 
        "short_term_average": 543683
    }
]