[
    {
        "date": "2011-09-30", 
        "operating_revenue": 141754, 
        "accumulated_operating_revenue": 141754, 
        "long_term_average": 141754, 
        "short_term_average": 141754
    }, 
    {
        "date": "2011-10-31", 
        "operating_revenue": 102570, 
        "accumulated_operating_revenue": 244324, 
        "long_term_average": 122162, 
        "short_term_average": 122162
    }, 
    {
        "date": "2011-11-30", 
        "operating_revenue": 112454, 
        "accumulated_operating_revenue": 356778, 
        "long_term_average": 118926, 
        "short_term_average": 118926
    }, 
    {
        "date": "2011-12-31", 
        "operating_revenue": 103929, 
        "accumulated_operating_revenue": 460707, 
        "long_term_average": 115176, 
        "short_term_average": 106317
    }, 
    {
        "date": "2012-01-31", 
        "operating_revenue": 71629, 
        "accumulated_operating_revenue": 71629, 
        "long_term_average": 106467, 
        "short_term_average": 96004
    }, 
    {
        "date": "2012-02-29", 
        "operating_revenue": 71443, 
        "accumulated_operating_revenue": 143072, 
        "long_term_average": 100629, 
        "short_term_average": 82333
    }, 
    {
        "date": "2012-03-31", 
        "operating_revenue": 146554, 
        "accumulated_operating_revenue": 289626, 
        "long_term_average": 107190, 
        "short_term_average": 96542
    }, 
    {
        "date": "2012-04-30", 
        "operating_revenue": 87669, 
        "accumulated_operating_revenue": 377295, 
        "long_term_average": 104750, 
        "short_term_average": 101888
    }, 
    {
        "date": "2012-05-31", 
        "operating_revenue": 101256, 
        "accumulated_operating_revenue": 478551, 
        "long_term_average": 104362, 
        "short_term_average": 111826
    }, 
    {
        "date": "2012-06-30", 
        "operating_revenue": 97391, 
        "accumulated_operating_revenue": 575942, 
        "long_term_average": 103664, 
        "short_term_average": 95438
    }, 
    {
        "date": "2012-07-31", 
        "operating_revenue": 77741, 
        "accumulated_operating_revenue": 653683, 
        "long_term_average": 101308, 
        "short_term_average": 92129
    }, 
    {
        "date": "2012-08-31", 
        "operating_revenue": 86287, 
        "accumulated_operating_revenue": 739970, 
        "long_term_average": 100056, 
        "short_term_average": 87139
    }, 
    {
        "accumulated_operating_revenue_yoy": 508.5740084935875, 
        "accumulated_operating_revenue": 862678, 
        "long_term_average": 98469, 
        "date": "2012-09-30", 
        "operating_revenue": 122708, 
        "short_term_average": 95578
    }, 
    {
        "accumulated_operating_revenue_yoy": 286.3701478364794, 
        "accumulated_operating_revenue": 943995, 
        "long_term_average": 96698, 
        "date": "2012-10-31", 
        "operating_revenue": 81317, 
        "short_term_average": 96770
    }, 
    {
        "accumulated_operating_revenue_yoy": 188.84236135636166, 
        "accumulated_operating_revenue": 1030526, 
        "long_term_average": 94537, 
        "date": "2012-11-30", 
        "operating_revenue": 86531, 
        "short_term_average": 96852
    }, 
    {
        "accumulated_operating_revenue_yoy": 143.04926992643914, 
        "accumulated_operating_revenue": 1119745, 
        "long_term_average": 93312, 
        "date": "2012-12-31", 
        "operating_revenue": 89219, 
        "short_term_average": 85689
    }, 
    {
        "accumulated_operating_revenue_yoy": -23.441622806405228, 
        "accumulated_operating_revenue": 54838, 
        "long_term_average": 91912, 
        "date": "2013-01-31", 
        "operating_revenue": 54838, 
        "short_term_average": 76862
    }, 
    {
        "accumulated_operating_revenue_yoy": -25.1782319391635, 
        "accumulated_operating_revenue": 107049, 
        "long_term_average": 90310, 
        "date": "2013-02-28", 
        "operating_revenue": 52211, 
        "short_term_average": 65422
    }, 
    {
        "accumulated_operating_revenue_yoy": -39.15532445291514, 
        "accumulated_operating_revenue": 176222, 
        "long_term_average": 83861, 
        "date": "2013-03-31", 
        "operating_revenue": 69173, 
        "short_term_average": 58740
    }, 
    {
        "accumulated_operating_revenue_yoy": -35.55467207357638, 
        "accumulated_operating_revenue": 243149, 
        "long_term_average": 82133, 
        "date": "2013-04-30", 
        "operating_revenue": 66927, 
        "short_term_average": 62770
    }, 
    {
        "accumulated_operating_revenue_yoy": -24.520479530917292, 
        "accumulated_operating_revenue": 361208, 
        "long_term_average": 83533, 
        "date": "2013-05-31", 
        "operating_revenue": 118059, 
        "short_term_average": 84719
    }, 
    {
        "accumulated_operating_revenue_yoy": -21.10177760955096, 
        "accumulated_operating_revenue": 454408, 
        "long_term_average": 83184, 
        "date": "2013-06-30", 
        "operating_revenue": 93200, 
        "short_term_average": 92728
    }, 
    {
        "accumulated_operating_revenue_yoy": -19.243731288713338, 
        "accumulated_operating_revenue": 527890, 
        "long_term_average": 82829, 
        "date": "2013-07-31", 
        "operating_revenue": 73482, 
        "short_term_average": 94913
    }, 
    {
        "accumulated_operating_revenue_yoy": -17.705717799370245, 
        "accumulated_operating_revenue": 608953, 
        "long_term_average": 82394, 
        "date": "2013-08-31", 
        "operating_revenue": 81063, 
        "short_term_average": 82581
    }, 
    {
        "accumulated_operating_revenue_yoy": -19.850396092168804, 
        "accumulated_operating_revenue": 691433, 
        "long_term_average": 79041, 
        "date": "2013-09-30", 
        "operating_revenue": 82480, 
        "short_term_average": 79008
    }, 
    {
        "accumulated_operating_revenue_yoy": -20.885386045476935, 
        "accumulated_operating_revenue": 746838, 
        "long_term_average": 76882, 
        "date": "2013-10-31", 
        "operating_revenue": 55405, 
        "short_term_average": 72982
    }, 
    {
        "accumulated_operating_revenue_yoy": -21.181901281481498, 
        "accumulated_operating_revenue": 812241, 
        "long_term_average": 75121, 
        "date": "2013-11-30", 
        "operating_revenue": 65403, 
        "short_term_average": 67762
    }, 
    {
        "accumulated_operating_revenue_yoy": -15.281157763597964, 
        "accumulated_operating_revenue": 948635, 
        "long_term_average": 79052, 
        "date": "2013-12-31", 
        "operating_revenue": 136394, 
        "short_term_average": 85734
    }, 
    {
        "accumulated_operating_revenue_yoy": -4.278055363069404, 
        "accumulated_operating_revenue": 52492, 
        "long_term_average": 78857, 
        "date": "2014-01-31", 
        "operating_revenue": 52492, 
        "short_term_average": 84763
    }, 
    {
        "accumulated_operating_revenue_yoy": 15.946902820203832, 
        "accumulated_operating_revenue": 124120, 
        "long_term_average": 80475, 
        "date": "2014-02-28", 
        "operating_revenue": 71628, 
        "short_term_average": 86838
    }, 
    {
        "accumulated_operating_revenue_yoy": 15.653550634994495, 
        "accumulated_operating_revenue": 203807, 
        "long_term_average": 81351, 
        "date": "2014-03-31", 
        "operating_revenue": 79687, 
        "short_term_average": 67935
    }, 
    {
        "accumulated_operating_revenue_yoy": 20.165412977227955, 
        "accumulated_operating_revenue": 292181, 
        "long_term_average": 83138, 
        "date": "2014-04-30", 
        "operating_revenue": 88374, 
        "short_term_average": 79896
    }, 
    {
        "accumulated_operating_revenue_yoy": -2.23195499545968, 
        "accumulated_operating_revenue": 353146, 
        "long_term_average": 78381, 
        "date": "2014-05-31", 
        "operating_revenue": 60965, 
        "short_term_average": 76342
    }, 
    {
        "accumulated_operating_revenue_yoy": -6.089021320047182, 
        "accumulated_operating_revenue": 426739, 
        "long_term_average": 76747, 
        "date": "2014-06-30", 
        "operating_revenue": 73593, 
        "short_term_average": 74310
    }, 
    {
        "accumulated_operating_revenue_yoy": -6.112447669021956, 
        "accumulated_operating_revenue": 495623, 
        "long_term_average": 76364, 
        "date": "2014-07-31", 
        "operating_revenue": 68884, 
        "short_term_average": 67814
    }, 
    {
        "accumulated_operating_revenue_yoy": -7.20449689877544, 
        "accumulated_operating_revenue": 565081, 
        "long_term_average": 75396, 
        "date": "2014-08-31", 
        "operating_revenue": 69458, 
        "short_term_average": 70645
    }, 
    {
        "accumulated_operating_revenue_yoy": -6.452685943540444, 
        "accumulated_operating_revenue": 646817, 
        "long_term_average": 75334, 
        "date": "2014-09-30", 
        "operating_revenue": 81736, 
        "short_term_average": 73359
    }, 
    {
        "accumulated_operating_revenue_yoy": -3.9645813416028646, 
        "accumulated_operating_revenue": 717229, 
        "long_term_average": 76585, 
        "date": "2014-10-31", 
        "operating_revenue": 70412, 
        "short_term_average": 73868
    }, 
    {
        "accumulated_operating_revenue_yoy": -3.5727081001820893, 
        "accumulated_operating_revenue": 783222, 
        "long_term_average": 76634, 
        "date": "2014-11-30", 
        "operating_revenue": 65993, 
        "short_term_average": 72713
    }, 
    {
        "accumulated_operating_revenue_yoy": -8.844708449509032, 
        "accumulated_operating_revenue": 864731, 
        "long_term_average": 72060, 
        "date": "2014-12-31", 
        "operating_revenue": 81509, 
        "short_term_average": 72638
    }, 
    {
        "accumulated_operating_revenue_yoy": 58.11552236531281, 
        "accumulated_operating_revenue": 82998, 
        "long_term_average": 74603, 
        "date": "2015-01-31", 
        "operating_revenue": 82998, 
        "short_term_average": 76833
    }, 
    {
        "accumulated_operating_revenue_yoy": 10.240895907186594, 
        "accumulated_operating_revenue": 136831, 
        "long_term_average": 73120, 
        "date": "2015-02-28", 
        "operating_revenue": 53833, 
        "short_term_average": 72780
    }, 
    {
        "accumulated_operating_revenue_yoy": -0.10401997968666435, 
        "accumulated_operating_revenue": 203595, 
        "long_term_average": 72043, 
        "date": "2015-03-31", 
        "operating_revenue": 66764, 
        "short_term_average": 67865
    }, 
    {
        "accumulated_operating_revenue_yoy": -9.730954442622895, 
        "accumulated_operating_revenue": 263749, 
        "long_term_average": 69691, 
        "date": "2015-04-30", 
        "operating_revenue": 60154, 
        "short_term_average": 60250
    }, 
    {
        "accumulated_operating_revenue_yoy": -11.782095790409633, 
        "accumulated_operating_revenue": 311538, 
        "long_term_average": 68593, 
        "date": "2015-05-31", 
        "operating_revenue": 47789, 
        "short_term_average": 58235
    }, 
    {
        "accumulated_operating_revenue_yoy": -1.5782480626331319, 
        "accumulated_operating_revenue": 420004, 
        "long_term_average": 71499, 
        "date": "2015-06-30", 
        "operating_revenue": 108466, 
        "short_term_average": 72136
    }, 
    {
        "accumulated_operating_revenue_yoy": -2.2827834866420647, 
        "accumulated_operating_revenue": 484309, 
        "long_term_average": 71118, 
        "date": "2015-07-31", 
        "operating_revenue": 64305, 
        "short_term_average": 73520
    }, 
    {
        "accumulated_operating_revenue_yoy": -5.044409562522895, 
        "accumulated_operating_revenue": 536576, 
        "long_term_average": 69685, 
        "date": "2015-08-31", 
        "operating_revenue": 52267, 
        "short_term_average": 75012
    }, 
    {
        "accumulated_operating_revenue_yoy": -4.582285252242906, 
        "accumulated_operating_revenue": 617178, 
        "long_term_average": 69591, 
        "date": "2015-09-30", 
        "operating_revenue": 80602, 
        "short_term_average": 65724
    }
]