[
    {
        "date": "2012-01-31", 
        "operating_revenue": 64975, 
        "accumulated_operating_revenue": 64975, 
        "long_term_average": 64975, 
        "short_term_average": 64975
    }, 
    {
        "date": "2012-02-29", 
        "operating_revenue": 85010, 
        "accumulated_operating_revenue": 149985, 
        "long_term_average": 74992, 
        "short_term_average": 74992
    }, 
    {
        "date": "2012-03-31", 
        "operating_revenue": 71085, 
        "accumulated_operating_revenue": 221070, 
        "long_term_average": 73690, 
        "short_term_average": 73690
    }, 
    {
        "date": "2012-04-30", 
        "operating_revenue": 27357, 
        "accumulated_operating_revenue": 248427, 
        "long_term_average": 62106, 
        "short_term_average": 61150
    }, 
    {
        "date": "2012-05-31", 
        "operating_revenue": 42666, 
        "accumulated_operating_revenue": 291093, 
        "long_term_average": 58218, 
        "short_term_average": 47036
    }, 
    {
        "date": "2012-06-30", 
        "operating_revenue": 40360, 
        "accumulated_operating_revenue": 331453, 
        "long_term_average": 55242, 
        "short_term_average": 36794
    }, 
    {
        "date": "2012-07-31", 
        "operating_revenue": 57413, 
        "accumulated_operating_revenue": 388866, 
        "long_term_average": 55552, 
        "short_term_average": 46813
    }, 
    {
        "date": "2012-08-31", 
        "operating_revenue": 49809, 
        "accumulated_operating_revenue": 438675, 
        "long_term_average": 54834, 
        "short_term_average": 49194
    }, 
    {
        "date": "2012-09-30", 
        "operating_revenue": 31352, 
        "accumulated_operating_revenue": 470027, 
        "long_term_average": 52225, 
        "short_term_average": 46191
    }, 
    {
        "date": "2012-10-31", 
        "operating_revenue": 27858, 
        "accumulated_operating_revenue": 497885, 
        "long_term_average": 49788, 
        "short_term_average": 36339
    }, 
    {
        "date": "2012-11-30", 
        "operating_revenue": 38897, 
        "accumulated_operating_revenue": 536782, 
        "long_term_average": 48798, 
        "short_term_average": 32702
    }, 
    {
        "date": "2012-12-31", 
        "operating_revenue": 21758, 
        "accumulated_operating_revenue": 558540, 
        "long_term_average": 46545, 
        "short_term_average": 29504
    }, 
    {
        "accumulated_operating_revenue_yoy": -32.136975759907656, 
        "accumulated_operating_revenue": 44094, 
        "long_term_average": 44804, 
        "date": "2013-01-31", 
        "operating_revenue": 44094, 
        "short_term_average": 34916
    }, 
    {
        "accumulated_operating_revenue_yoy": -50.33770043671034, 
        "accumulated_operating_revenue": 74486, 
        "long_term_average": 40253, 
        "date": "2013-02-28", 
        "operating_revenue": 30392, 
        "short_term_average": 32081
    }, 
    {
        "accumulated_operating_revenue_yoy": -50.25331343013525, 
        "accumulated_operating_revenue": 109975, 
        "long_term_average": 37287, 
        "date": "2013-03-31", 
        "operating_revenue": 35489, 
        "short_term_average": 36658
    }, 
    {
        "accumulated_operating_revenue_yoy": -42.35087168463975, 
        "accumulated_operating_revenue": 143216, 
        "long_term_average": 37777, 
        "date": "2013-04-30", 
        "operating_revenue": 33241, 
        "short_term_average": 33040
    }, 
    {
        "accumulated_operating_revenue_yoy": -39.253090936573535, 
        "accumulated_operating_revenue": 176830, 
        "long_term_average": 37023, 
        "date": "2013-05-31", 
        "operating_revenue": 33614, 
        "short_term_average": 34114
    }, 
    {
        "accumulated_operating_revenue_yoy": -38.09499386036633, 
        "accumulated_operating_revenue": 205186, 
        "long_term_average": 36022, 
        "date": "2013-06-30", 
        "operating_revenue": 28356, 
        "short_term_average": 31737
    }, 
    {
        "accumulated_operating_revenue_yoy": -38.12958705569528, 
        "accumulated_operating_revenue": 240593, 
        "long_term_average": 34188, 
        "date": "2013-07-31", 
        "operating_revenue": 35407, 
        "short_term_average": 32459
    }, 
    {
        "accumulated_operating_revenue_yoy": -33.71425314868638, 
        "accumulated_operating_revenue": 290779, 
        "long_term_average": 34220, 
        "date": "2013-08-31", 
        "operating_revenue": 50186, 
        "short_term_average": 37983
    }, 
    {
        "accumulated_operating_revenue_yoy": -29.546175006967683, 
        "accumulated_operating_revenue": 331152, 
        "long_term_average": 34972, 
        "date": "2013-09-30", 
        "operating_revenue": 40373, 
        "short_term_average": 41988
    }, 
    {
        "accumulated_operating_revenue_yoy": -24.148146660373378, 
        "accumulated_operating_revenue": 377655, 
        "long_term_average": 36525, 
        "date": "2013-10-31", 
        "operating_revenue": 46503, 
        "short_term_average": 45687
    }, 
    {
        "accumulated_operating_revenue_yoy": -22.135615575783092, 
        "accumulated_operating_revenue": 417962, 
        "long_term_average": 36643, 
        "date": "2013-11-30", 
        "operating_revenue": 40307, 
        "short_term_average": 42394
    }, 
    {
        "accumulated_operating_revenue_yoy": -17.465177068786478, 
        "accumulated_operating_revenue": 460990, 
        "long_term_average": 38415, 
        "date": "2013-12-31", 
        "operating_revenue": 43028, 
        "short_term_average": 43279
    }, 
    {
        "accumulated_operating_revenue_yoy": 0.6735610287113893, 
        "accumulated_operating_revenue": 44391, 
        "long_term_average": 38440, 
        "date": "2014-01-31", 
        "operating_revenue": 44391, 
        "short_term_average": 42575
    }, 
    {
        "accumulated_operating_revenue_yoy": 21.312729908976184, 
        "accumulated_operating_revenue": 90361, 
        "long_term_average": 39738, 
        "date": "2014-02-28", 
        "operating_revenue": 45970, 
        "short_term_average": 44463
    }, 
    {
        "accumulated_operating_revenue_yoy": 29.357581268470106, 
        "accumulated_operating_revenue": 142261, 
        "long_term_average": 41106, 
        "date": "2014-03-31", 
        "operating_revenue": 51900, 
        "short_term_average": 47420
    }, 
    {
        "accumulated_operating_revenue_yoy": 41.397609205675344, 
        "accumulated_operating_revenue": 202504, 
        "long_term_average": 43356, 
        "date": "2014-04-30", 
        "operating_revenue": 60243, 
        "short_term_average": 52704
    }, 
    {
        "accumulated_operating_revenue_yoy": 59.83769722332184, 
        "accumulated_operating_revenue": 282641, 
        "long_term_average": 47233, 
        "date": "2014-05-31", 
        "operating_revenue": 80137, 
        "short_term_average": 64093
    }, 
    {
        "accumulated_operating_revenue_yoy": 78.03407639897458, 
        "accumulated_operating_revenue": 365301, 
        "long_term_average": 51758, 
        "date": "2014-06-30", 
        "operating_revenue": 82660, 
        "short_term_average": 74346
    }, 
    {
        "accumulated_operating_revenue_yoy": 86.31298499956358, 
        "accumulated_operating_revenue": 448256, 
        "long_term_average": 55721, 
        "date": "2014-07-31", 
        "operating_revenue": 82955, 
        "short_term_average": 81917
    }, 
    {
        "accumulated_operating_revenue_yoy": 82.90557433652361, 
        "accumulated_operating_revenue": 531851, 
        "long_term_average": 58505, 
        "date": "2014-08-31", 
        "operating_revenue": 83595, 
        "short_term_average": 83070
    }, 
    {
        "accumulated_operating_revenue_yoy": 88.87489732811518, 
        "accumulated_operating_revenue": 625463, 
        "long_term_average": 62941, 
        "date": "2014-09-30", 
        "operating_revenue": 93612, 
        "short_term_average": 86720
    }, 
    {
        "accumulated_operating_revenue_yoy": 91.45278097734705, 
        "accumulated_operating_revenue": 723031, 
        "long_term_average": 67197, 
        "date": "2014-10-31", 
        "operating_revenue": 97568, 
        "short_term_average": 91591
    }, 
    {
        "accumulated_operating_revenue_yoy": 97.3490413004053, 
        "accumulated_operating_revenue": 824844, 
        "long_term_average": 72322, 
        "date": "2014-11-30", 
        "operating_revenue": 101813, 
        "short_term_average": 97664
    }, 
    {
        "accumulated_operating_revenue_yoy": 101.78897589969414, 
        "accumulated_operating_revenue": 930227, 
        "long_term_average": 77518, 
        "date": "2014-12-31", 
        "operating_revenue": 105383, 
        "short_term_average": 101588
    }, 
    {
        "accumulated_operating_revenue_yoy": 138.1518776328535, 
        "accumulated_operating_revenue": 105718, 
        "long_term_average": 82629, 
        "date": "2015-01-31", 
        "operating_revenue": 105718, 
        "short_term_average": 104304
    }, 
    {
        "accumulated_operating_revenue_yoy": 107.35162293467314, 
        "accumulated_operating_revenue": 187365, 
        "long_term_average": 85602, 
        "date": "2015-02-28", 
        "operating_revenue": 81647, 
        "short_term_average": 97582
    }, 
    {
        "accumulated_operating_revenue_yoy": 107.46655794630995, 
        "accumulated_operating_revenue": 295144, 
        "long_term_average": 90259, 
        "date": "2015-03-31", 
        "operating_revenue": 107779, 
        "short_term_average": 98381
    }, 
    {
        "accumulated_operating_revenue_yoy": 100.10518310749417, 
        "accumulated_operating_revenue": 405221, 
        "long_term_average": 94412, 
        "date": "2015-04-30", 
        "operating_revenue": 110077, 
        "short_term_average": 99834
    }, 
    {
        "accumulated_operating_revenue_yoy": 82.80362721615052, 
        "accumulated_operating_revenue": 516678, 
        "long_term_average": 97022, 
        "date": "2015-05-31", 
        "operating_revenue": 111457, 
        "short_term_average": 109771
    }, 
    {
        "accumulated_operating_revenue_yoy": 72.16569349659596, 
        "accumulated_operating_revenue": 628923, 
        "long_term_average": 99487, 
        "date": "2015-06-30", 
        "operating_revenue": 112245, 
        "short_term_average": 111259
    }, 
    {
        "accumulated_operating_revenue_yoy": 65.77848372358652, 
        "accumulated_operating_revenue": 743112, 
        "long_term_average": 102090, 
        "date": "2015-07-31", 
        "operating_revenue": 114189, 
        "short_term_average": 112630
    }, 
    {
        "accumulated_operating_revenue_yoy": 54.83453072383055, 
        "accumulated_operating_revenue": 823489, 
        "long_term_average": 101822, 
        "date": "2015-08-31", 
        "operating_revenue": 80377, 
        "short_term_average": 102270
    }, 
    {
        "accumulated_operating_revenue_yoy": 44.476012170184326, 
        "accumulated_operating_revenue": 903644, 
        "long_term_average": 100700, 
        "date": "2015-09-30", 
        "operating_revenue": 80155, 
        "short_term_average": 91573
    }, 
    {
        "accumulated_operating_revenue_yoy": 36.06276909288814, 
        "accumulated_operating_revenue": 983776, 
        "long_term_average": 99247, 
        "date": "2015-10-31", 
        "operating_revenue": 80132, 
        "short_term_average": 80221
    }
]