[
    {
        "date": "2011-09-30", 
        "operating_revenue": 145022, 
        "accumulated_operating_revenue": 145022, 
        "long_term_average": 145022, 
        "short_term_average": 145022
    }, 
    {
        "date": "2011-10-31", 
        "operating_revenue": 127548, 
        "accumulated_operating_revenue": 272570, 
        "long_term_average": 136285, 
        "short_term_average": 136285
    }, 
    {
        "date": "2011-11-30", 
        "operating_revenue": 147187, 
        "accumulated_operating_revenue": 419757, 
        "long_term_average": 139919, 
        "short_term_average": 139919
    }, 
    {
        "date": "2011-12-31", 
        "operating_revenue": 141019, 
        "accumulated_operating_revenue": 560776, 
        "long_term_average": 140194, 
        "short_term_average": 138584
    }, 
    {
        "date": "2012-01-31", 
        "operating_revenue": 110637, 
        "accumulated_operating_revenue": 110637, 
        "long_term_average": 134282, 
        "short_term_average": 132947
    }, 
    {
        "date": "2012-02-29", 
        "operating_revenue": 150456, 
        "accumulated_operating_revenue": 261093, 
        "long_term_average": 136978, 
        "short_term_average": 134037
    }, 
    {
        "date": "2012-03-31", 
        "operating_revenue": 152328, 
        "accumulated_operating_revenue": 413421, 
        "long_term_average": 139171, 
        "short_term_average": 137807
    }, 
    {
        "date": "2012-04-30", 
        "operating_revenue": 118909, 
        "accumulated_operating_revenue": 532330, 
        "long_term_average": 136638, 
        "short_term_average": 140564
    }, 
    {
        "date": "2012-05-31", 
        "operating_revenue": 159017, 
        "accumulated_operating_revenue": 691347, 
        "long_term_average": 139124, 
        "short_term_average": 143418
    }, 
    {
        "date": "2012-06-30", 
        "operating_revenue": 179087, 
        "accumulated_operating_revenue": 870434, 
        "long_term_average": 143121, 
        "short_term_average": 152337
    }, 
    {
        "date": "2012-07-31", 
        "operating_revenue": 200764, 
        "accumulated_operating_revenue": 1071198, 
        "long_term_average": 148361, 
        "short_term_average": 179622
    }, 
    {
        "date": "2012-08-31", 
        "operating_revenue": 156547, 
        "accumulated_operating_revenue": 1227745, 
        "long_term_average": 149043, 
        "short_term_average": 178799
    }, 
    {
        "accumulated_operating_revenue_yoy": 853.0236791659197, 
        "accumulated_operating_revenue": 1382094, 
        "long_term_average": 149820, 
        "date": "2012-09-30", 
        "operating_revenue": 154349, 
        "short_term_average": 170553
    }, 
    {
        "accumulated_operating_revenue_yoy": 487.45129691455406, 
        "accumulated_operating_revenue": 1601216, 
        "long_term_average": 157451, 
        "date": "2012-10-31", 
        "operating_revenue": 219122, 
        "short_term_average": 176672
    }, 
    {
        "accumulated_operating_revenue_yoy": 345.24713107821907, 
        "accumulated_operating_revenue": 1868956, 
        "long_term_average": 167497, 
        "date": "2012-11-30", 
        "operating_revenue": 267740, 
        "short_term_average": 213737
    }, 
    {
        "accumulated_operating_revenue_yoy": 283.58167967245384, 
        "accumulated_operating_revenue": 2151034, 
        "long_term_average": 179252, 
        "date": "2012-12-31", 
        "operating_revenue": 282078, 
        "short_term_average": 256313
    }, 
    {
        "accumulated_operating_revenue_yoy": 166.01227437475708, 
        "accumulated_operating_revenue": 294308, 
        "long_term_average": 194558, 
        "date": "2013-01-31", 
        "operating_revenue": 294308, 
        "short_term_average": 281375
    }, 
    {
        "accumulated_operating_revenue_yoy": 67.88653851309687, 
        "accumulated_operating_revenue": 438340, 
        "long_term_average": 194023, 
        "date": "2013-02-28", 
        "operating_revenue": 144032, 
        "short_term_average": 240139
    }, 
    {
        "accumulated_operating_revenue_yoy": 50.98386390628439, 
        "accumulated_operating_revenue": 624199, 
        "long_term_average": 196817, 
        "date": "2013-03-31", 
        "operating_revenue": 185859, 
        "short_term_average": 208066
    }, 
    {
        "accumulated_operating_revenue_yoy": 57.0003569214585, 
        "accumulated_operating_revenue": 835760, 
        "long_term_average": 204538, 
        "date": "2013-04-30", 
        "operating_revenue": 211561, 
        "short_term_average": 180484
    }, 
    {
        "accumulated_operating_revenue_yoy": 46.019148126772805, 
        "accumulated_operating_revenue": 1009499, 
        "long_term_average": 205765, 
        "date": "2013-05-31", 
        "operating_revenue": 173739, 
        "short_term_average": 190386
    }, 
    {
        "accumulated_operating_revenue_yoy": 33.67469561161444, 
        "accumulated_operating_revenue": 1163550, 
        "long_term_average": 203679, 
        "date": "2013-06-30", 
        "operating_revenue": 154051, 
        "short_term_average": 179783
    }, 
    {
        "accumulated_operating_revenue_yoy": 22.051292104727604, 
        "accumulated_operating_revenue": 1307411, 
        "long_term_average": 198937, 
        "date": "2013-07-31", 
        "operating_revenue": 143861, 
        "short_term_average": 157217
    }, 
    {
        "accumulated_operating_revenue_yoy": 18.467189848054765, 
        "accumulated_operating_revenue": 1454475, 
        "long_term_average": 198147, 
        "date": "2013-08-31", 
        "operating_revenue": 147064, 
        "short_term_average": 148325
    }, 
    {
        "accumulated_operating_revenue_yoy": 17.31712893623733, 
        "accumulated_operating_revenue": 1621433, 
        "long_term_average": 199197, 
        "date": "2013-09-30", 
        "operating_revenue": 166958, 
        "short_term_average": 152627
    }, 
    {
        "accumulated_operating_revenue_yoy": 14.192588632639195, 
        "accumulated_operating_revenue": 1828470, 
        "long_term_average": 198190, 
        "date": "2013-10-31", 
        "operating_revenue": 207037, 
        "short_term_average": 173686
    }, 
    {
        "accumulated_operating_revenue_yoy": 10.3305267753762, 
        "accumulated_operating_revenue": 2062029, 
        "long_term_average": 195342, 
        "date": "2013-11-30", 
        "operating_revenue": 233559, 
        "short_term_average": 202518
    }, 
    {
        "accumulated_operating_revenue_yoy": 6.517609670511949, 
        "accumulated_operating_revenue": 2291230, 
        "long_term_average": 190935, 
        "date": "2013-12-31", 
        "operating_revenue": 229201, 
        "short_term_average": 223265
    }, 
    {
        "accumulated_operating_revenue_yoy": -40.58639248678255, 
        "accumulated_operating_revenue": 174859, 
        "long_term_average": 180981, 
        "date": "2014-01-31", 
        "operating_revenue": 174859, 
        "short_term_average": 212539
    }, 
    {
        "accumulated_operating_revenue_yoy": -31.849933841310396, 
        "accumulated_operating_revenue": 298729, 
        "long_term_average": 179301, 
        "date": "2014-02-28", 
        "operating_revenue": 123870, 
        "short_term_average": 175976
    }, 
    {
        "accumulated_operating_revenue_yoy": -30.280247164766365, 
        "accumulated_operating_revenue": 435190, 
        "long_term_average": 175185, 
        "date": "2014-03-31", 
        "operating_revenue": 136461, 
        "short_term_average": 145063
    }, 
    {
        "accumulated_operating_revenue_yoy": -36.70730831817747, 
        "accumulated_operating_revenue": 528975, 
        "long_term_average": 165370, 
        "date": "2014-04-30", 
        "operating_revenue": 93785, 
        "short_term_average": 118038
    }, 
    {
        "accumulated_operating_revenue_yoy": -39.33020240733275, 
        "accumulated_operating_revenue": 612461, 
        "long_term_average": 157849, 
        "date": "2014-05-31", 
        "operating_revenue": 83486, 
        "short_term_average": 104577
    }, 
    {
        "accumulated_operating_revenue_yoy": -39.13772506553221, 
        "accumulated_operating_revenue": 708163, 
        "long_term_average": 152986, 
        "date": "2014-06-30", 
        "operating_revenue": 95702, 
        "short_term_average": 90991
    }, 
    {
        "accumulated_operating_revenue_yoy": -36.184413317617796, 
        "accumulated_operating_revenue": 834332, 
        "long_term_average": 151512, 
        "date": "2014-07-31", 
        "operating_revenue": 126169, 
        "short_term_average": 101785
    }, 
    {
        "accumulated_operating_revenue_yoy": -36.47529177194521, 
        "accumulated_operating_revenue": 923951, 
        "long_term_average": 146725, 
        "date": "2014-08-31", 
        "operating_revenue": 89619, 
        "short_term_average": 103830
    }, 
    {
        "accumulated_operating_revenue_yoy": -37.438241358107305, 
        "accumulated_operating_revenue": 1014397, 
        "long_term_average": 140349, 
        "date": "2014-09-30", 
        "operating_revenue": 90446, 
        "short_term_average": 102078
    }, 
    {
        "accumulated_operating_revenue_yoy": -38.61179018523684, 
        "accumulated_operating_revenue": 1122465, 
        "long_term_average": 132102, 
        "date": "2014-10-31", 
        "operating_revenue": 108068, 
        "short_term_average": 96044
    }, 
    {
        "accumulated_operating_revenue_yoy": -39.666658422359724, 
        "accumulated_operating_revenue": 1244091, 
        "long_term_average": 122774, 
        "date": "2014-11-30", 
        "operating_revenue": 121626, 
        "short_term_average": 106713
    }, 
    {
        "accumulated_operating_revenue_yoy": -38.87959742147231, 
        "accumulated_operating_revenue": 1400409, 
        "long_term_average": 116700, 
        "date": "2014-12-31", 
        "operating_revenue": 156318, 
        "short_term_average": 128670
    }, 
    {
        "accumulated_operating_revenue_yoy": -1.5664049319737618, 
        "accumulated_operating_revenue": 172120, 
        "long_term_average": 116472, 
        "date": "2015-01-31", 
        "operating_revenue": 172120, 
        "short_term_average": 150021
    }, 
    {
        "accumulated_operating_revenue_yoy": -11.096010096107173, 
        "accumulated_operating_revenue": 265582, 
        "long_term_average": 113938, 
        "date": "2015-02-28", 
        "operating_revenue": 93462, 
        "short_term_average": 140633
    }, 
    {
        "accumulated_operating_revenue_yoy": -6.312645051586663, 
        "accumulated_operating_revenue": 407718, 
        "long_term_average": 114411, 
        "date": "2015-03-31", 
        "operating_revenue": 142136, 
        "short_term_average": 135906
    }, 
    {
        "accumulated_operating_revenue_yoy": 0.27600548230067584, 
        "accumulated_operating_revenue": 530435, 
        "long_term_average": 116822, 
        "date": "2015-04-30", 
        "operating_revenue": 122717, 
        "short_term_average": 119438
    }, 
    {
        "accumulated_operating_revenue_yoy": 8.28379276394742, 
        "accumulated_operating_revenue": 663196, 
        "long_term_average": 120928, 
        "date": "2015-05-31", 
        "operating_revenue": 132761, 
        "short_term_average": 132538
    }, 
    {
        "accumulated_operating_revenue_yoy": 12.185330213524287, 
        "accumulated_operating_revenue": 794455, 
        "long_term_average": 123891, 
        "date": "2015-06-30", 
        "operating_revenue": 131259, 
        "short_term_average": 128912
    }, 
    {
        "accumulated_operating_revenue_yoy": 11.471452611190749, 
        "accumulated_operating_revenue": 930042, 
        "long_term_average": 124676, 
        "date": "2015-07-31", 
        "operating_revenue": 135587, 
        "short_term_average": 133202
    }, 
    {
        "accumulated_operating_revenue_yoy": 16.372080337593662, 
        "accumulated_operating_revenue": 1075221, 
        "long_term_average": 129306, 
        "date": "2015-08-31", 
        "operating_revenue": 145179, 
        "short_term_average": 137341
    }
]