[
    {
        "date": "2012-01-31", 
        "operating_revenue": 1051, 
        "accumulated_operating_revenue": 1051, 
        "long_term_average": 1051, 
        "short_term_average": 1051
    }, 
    {
        "date": "2012-02-29", 
        "operating_revenue": 1352, 
        "accumulated_operating_revenue": 2403, 
        "long_term_average": 1201, 
        "short_term_average": 1201
    }, 
    {
        "date": "2012-03-31", 
        "operating_revenue": 1158, 
        "accumulated_operating_revenue": 3561, 
        "long_term_average": 1187, 
        "short_term_average": 1187
    }, 
    {
        "date": "2012-04-30", 
        "operating_revenue": 1515, 
        "accumulated_operating_revenue": 5076, 
        "long_term_average": 1269, 
        "short_term_average": 1341
    }, 
    {
        "date": "2012-05-31", 
        "operating_revenue": 393, 
        "accumulated_operating_revenue": 5469, 
        "long_term_average": 1093, 
        "short_term_average": 1022
    }, 
    {
        "date": "2012-06-30", 
        "operating_revenue": 318, 
        "accumulated_operating_revenue": 5787, 
        "long_term_average": 964, 
        "short_term_average": 742
    }, 
    {
        "date": "2012-07-31", 
        "operating_revenue": 227, 
        "accumulated_operating_revenue": 6014, 
        "long_term_average": 859, 
        "short_term_average": 312
    }, 
    {
        "date": "2012-08-31", 
        "operating_revenue": 202, 
        "accumulated_operating_revenue": 6216, 
        "long_term_average": 777, 
        "short_term_average": 249
    }, 
    {
        "date": "2012-09-30", 
        "operating_revenue": 527, 
        "accumulated_operating_revenue": 6743, 
        "long_term_average": 749, 
        "short_term_average": 318
    }, 
    {
        "date": "2012-10-31", 
        "operating_revenue": 1139, 
        "accumulated_operating_revenue": 7882, 
        "long_term_average": 788, 
        "short_term_average": 622
    }, 
    {
        "date": "2012-11-30", 
        "operating_revenue": 821, 
        "accumulated_operating_revenue": 8703, 
        "long_term_average": 791, 
        "short_term_average": 829
    }, 
    {
        "date": "2012-12-31", 
        "operating_revenue": 850, 
        "accumulated_operating_revenue": 9553, 
        "long_term_average": 796, 
        "short_term_average": 936
    }, 
    {
        "accumulated_operating_revenue_yoy": -5.708848715509039, 
        "accumulated_operating_revenue": 991, 
        "long_term_average": 791, 
        "date": "2013-01-31", 
        "operating_revenue": 991, 
        "short_term_average": 887
    }, 
    {
        "accumulated_operating_revenue_yoy": -29.75447357469829, 
        "accumulated_operating_revenue": 1688, 
        "long_term_average": 736, 
        "date": "2013-02-28", 
        "operating_revenue": 697, 
        "short_term_average": 846
    }, 
    {
        "accumulated_operating_revenue_yoy": -38.4161752316765, 
        "accumulated_operating_revenue": 2193, 
        "long_term_average": 682, 
        "date": "2013-03-31", 
        "operating_revenue": 505, 
        "short_term_average": 731
    }, 
    {
        "accumulated_operating_revenue_yoy": -0.512214342001576, 
        "accumulated_operating_revenue": 5050, 
        "long_term_average": 793, 
        "date": "2013-04-30", 
        "operating_revenue": 2857, 
        "short_term_average": 1353
    }, 
    {
        "accumulated_operating_revenue_yoy": 20.78990674712013, 
        "accumulated_operating_revenue": 6606, 
        "long_term_average": 890, 
        "date": "2013-05-31", 
        "operating_revenue": 1556, 
        "short_term_average": 1639
    }, 
    {
        "accumulated_operating_revenue_yoy": 20.096768619319164, 
        "accumulated_operating_revenue": 6950, 
        "long_term_average": 893, 
        "date": "2013-06-30", 
        "operating_revenue": 344, 
        "short_term_average": 1585
    }, 
    {
        "accumulated_operating_revenue_yoy": 22.497505819753908, 
        "accumulated_operating_revenue": 7367, 
        "long_term_average": 908, 
        "date": "2013-07-31", 
        "operating_revenue": 417, 
        "short_term_average": 772
    }, 
    {
        "accumulated_operating_revenue_yoy": 24.034749034749034, 
        "accumulated_operating_revenue": 7710, 
        "long_term_average": 920, 
        "date": "2013-08-31", 
        "operating_revenue": 343, 
        "short_term_average": 368
    }, 
    {
        "accumulated_operating_revenue_yoy": 32.937861485985465, 
        "accumulated_operating_revenue": 8964, 
        "long_term_average": 981, 
        "date": "2013-09-30", 
        "operating_revenue": 1254, 
        "short_term_average": 671
    }, 
    {
        "accumulated_operating_revenue_yoy": 109.22354732301447, 
        "accumulated_operating_revenue": 16491, 
        "long_term_average": 1513, 
        "date": "2013-10-31", 
        "operating_revenue": 7527, 
        "short_term_average": 3041
    }, 
    {
        "accumulated_operating_revenue_yoy": 225.55440652648514, 
        "accumulated_operating_revenue": 28333, 
        "long_term_average": 2431, 
        "date": "2013-11-30", 
        "operating_revenue": 11842, 
        "short_term_average": 6874
    }, 
    {
        "accumulated_operating_revenue_yoy": 324.8089605359573, 
        "accumulated_operating_revenue": 40582, 
        "long_term_average": 3381, 
        "date": "2013-12-31", 
        "operating_revenue": 12249, 
        "short_term_average": 10539
    }, 
    {
        "accumulated_operating_revenue_yoy": 1537.6387487386478, 
        "accumulated_operating_revenue": 16229, 
        "long_term_average": 4651, 
        "date": "2014-01-31", 
        "operating_revenue": 16229, 
        "short_term_average": 13440
    }, 
    {
        "accumulated_operating_revenue_yoy": 1586.4336492890995, 
        "accumulated_operating_revenue": 28467, 
        "long_term_average": 5613, 
        "date": "2014-02-28", 
        "operating_revenue": 12238, 
        "short_term_average": 13572
    }, 
    {
        "accumulated_operating_revenue_yoy": 2102.3255813953488, 
        "accumulated_operating_revenue": 48297, 
        "long_term_average": 7223, 
        "date": "2014-03-31", 
        "operating_revenue": 19830, 
        "short_term_average": 16099
    }, 
    {
        "accumulated_operating_revenue_yoy": 1109.227722772277, 
        "accumulated_operating_revenue": 61066, 
        "long_term_average": 8049, 
        "date": "2014-04-30", 
        "operating_revenue": 12769, 
        "short_term_average": 14945
    }, 
    {
        "accumulated_operating_revenue_yoy": 1047.441719648804, 
        "accumulated_operating_revenue": 75800, 
        "long_term_average": 9148, 
        "date": "2014-05-31", 
        "operating_revenue": 14734, 
        "short_term_average": 15777
    }, 
    {
        "accumulated_operating_revenue_yoy": 1204.4316546762589, 
        "accumulated_operating_revenue": 90658, 
        "long_term_average": 10357, 
        "date": "2014-06-30", 
        "operating_revenue": 14858, 
        "short_term_average": 14120
    }, 
    {
        "accumulated_operating_revenue_yoy": 1512.7731776842677, 
        "accumulated_operating_revenue": 118813, 
        "long_term_average": 12669, 
        "date": "2014-07-31", 
        "operating_revenue": 28155, 
        "short_term_average": 19249
    }, 
    {
        "accumulated_operating_revenue_yoy": 1802.347600518807, 
        "accumulated_operating_revenue": 146671, 
        "long_term_average": 14961, 
        "date": "2014-08-31", 
        "operating_revenue": 27858, 
        "short_term_average": 23623
    }, 
    {
        "accumulated_operating_revenue_yoy": 1797.657295850067, 
        "accumulated_operating_revenue": 170106, 
        "long_term_average": 16810, 
        "date": "2014-09-30", 
        "operating_revenue": 23435, 
        "short_term_average": 26482
    }, 
    {
        "accumulated_operating_revenue_yoy": 1077.4543690497846, 
        "accumulated_operating_revenue": 194174, 
        "long_term_average": 18188, 
        "date": "2014-10-31", 
        "operating_revenue": 24068, 
        "short_term_average": 25120
    }, 
    {
        "accumulated_operating_revenue_yoy": 670.7902445911128, 
        "accumulated_operating_revenue": 218388, 
        "long_term_average": 19219, 
        "date": "2014-11-30", 
        "operating_revenue": 24214, 
        "short_term_average": 23905
    }, 
    {
        "accumulated_operating_revenue_yoy": 512.9121285298902, 
        "accumulated_operating_revenue": 248732, 
        "long_term_average": 20727, 
        "date": "2014-12-31", 
        "operating_revenue": 30344, 
        "short_term_average": 26208
    }, 
    {
        "accumulated_operating_revenue_yoy": -32.700720931665536, 
        "accumulated_operating_revenue": 10922, 
        "long_term_average": 20285, 
        "date": "2015-01-31", 
        "operating_revenue": 10922, 
        "short_term_average": 21826
    }, 
    {
        "accumulated_operating_revenue_yoy": -33.56869357501668, 
        "accumulated_operating_revenue": 18911, 
        "long_term_average": 19931, 
        "date": "2015-02-28", 
        "operating_revenue": 7989, 
        "short_term_average": 16418
    }, 
    {
        "accumulated_operating_revenue_yoy": -24.519121270472287, 
        "accumulated_operating_revenue": 36455, 
        "long_term_average": 19740, 
        "date": "2015-03-31", 
        "operating_revenue": 17544, 
        "short_term_average": 12151
    }, 
    {
        "accumulated_operating_revenue_yoy": -18.709265384993287, 
        "accumulated_operating_revenue": 49641, 
        "long_term_average": 19775, 
        "date": "2015-04-30", 
        "operating_revenue": 13186, 
        "short_term_average": 12906
    }, 
    {
        "accumulated_operating_revenue_yoy": -21.100263852242744, 
        "accumulated_operating_revenue": 59806, 
        "long_term_average": 19394, 
        "date": "2015-05-31", 
        "operating_revenue": 10165, 
        "short_term_average": 13631
    }, 
    {
        "accumulated_operating_revenue_yoy": -22.57053983101326, 
        "accumulated_operating_revenue": 70196, 
        "long_term_average": 19022, 
        "date": "2015-06-30", 
        "operating_revenue": 10390, 
        "short_term_average": 11247
    }, 
    {
        "accumulated_operating_revenue_yoy": -33.670557935579446, 
        "accumulated_operating_revenue": 78808, 
        "long_term_average": 17393, 
        "date": "2015-07-31", 
        "operating_revenue": 8612, 
        "short_term_average": 9722
    }, 
    {
        "accumulated_operating_revenue_yoy": -40.41085149756939, 
        "accumulated_operating_revenue": 87400, 
        "long_term_average": 15788, 
        "date": "2015-08-31", 
        "operating_revenue": 8592, 
        "short_term_average": 9198
    }, 
    {
        "accumulated_operating_revenue_yoy": -41.785710086651854, 
        "accumulated_operating_revenue": 99026, 
        "long_term_average": 14804, 
        "date": "2015-09-30", 
        "operating_revenue": 11626, 
        "short_term_average": 9610
    }
]