[
    {
        "date": "2012-01-31", 
        "operating_revenue": 23453, 
        "accumulated_operating_revenue": 23453, 
        "long_term_average": 23453, 
        "short_term_average": 23453
    }, 
    {
        "date": "2012-02-29", 
        "operating_revenue": 29618, 
        "accumulated_operating_revenue": 53071, 
        "long_term_average": 26535, 
        "short_term_average": 26535
    }, 
    {
        "date": "2012-03-31", 
        "operating_revenue": 33701, 
        "accumulated_operating_revenue": 86772, 
        "long_term_average": 28924, 
        "short_term_average": 28924
    }, 
    {
        "date": "2012-04-30", 
        "operating_revenue": 27901, 
        "accumulated_operating_revenue": 114673, 
        "long_term_average": 28668, 
        "short_term_average": 30406
    }, 
    {
        "date": "2012-05-31", 
        "operating_revenue": 29766, 
        "accumulated_operating_revenue": 144439, 
        "long_term_average": 28887, 
        "short_term_average": 30456
    }, 
    {
        "date": "2012-06-30", 
        "operating_revenue": 30844, 
        "accumulated_operating_revenue": 175283, 
        "long_term_average": 29213, 
        "short_term_average": 29503
    }, 
    {
        "date": "2012-07-31", 
        "operating_revenue": 28365, 
        "accumulated_operating_revenue": 203648, 
        "long_term_average": 29092, 
        "short_term_average": 29658
    }, 
    {
        "date": "2012-08-31", 
        "operating_revenue": 28957, 
        "accumulated_operating_revenue": 232605, 
        "long_term_average": 29075, 
        "short_term_average": 29388
    }, 
    {
        "date": "2012-09-30", 
        "operating_revenue": 35435, 
        "accumulated_operating_revenue": 268040, 
        "long_term_average": 29782, 
        "short_term_average": 30919
    }, 
    {
        "date": "2012-10-31", 
        "operating_revenue": 32537, 
        "accumulated_operating_revenue": 300577, 
        "long_term_average": 30057, 
        "short_term_average": 32309
    }, 
    {
        "date": "2012-11-30", 
        "operating_revenue": 24010, 
        "accumulated_operating_revenue": 324587, 
        "long_term_average": 29507, 
        "short_term_average": 30660
    }, 
    {
        "date": "2012-12-31", 
        "operating_revenue": 28512, 
        "accumulated_operating_revenue": 353099, 
        "long_term_average": 29424, 
        "short_term_average": 28353
    }, 
    {
        "accumulated_operating_revenue_yoy": 32.89984223766682, 
        "accumulated_operating_revenue": 31169, 
        "long_term_average": 30067, 
        "date": "2013-01-31", 
        "operating_revenue": 31169, 
        "short_term_average": 27897
    }, 
    {
        "accumulated_operating_revenue_yoy": -2.6605867611313148, 
        "accumulated_operating_revenue": 51659, 
        "long_term_average": 29307, 
        "date": "2013-02-28", 
        "operating_revenue": 20490, 
        "short_term_average": 26723
    }, 
    {
        "accumulated_operating_revenue_yoy": 1.3241598672382795, 
        "accumulated_operating_revenue": 87921, 
        "long_term_average": 29520, 
        "date": "2013-03-31", 
        "operating_revenue": 36262, 
        "short_term_average": 29307
    }, 
    {
        "accumulated_operating_revenue_yoy": 12.398733790866203, 
        "accumulated_operating_revenue": 128891, 
        "long_term_average": 30609, 
        "date": "2013-04-30", 
        "operating_revenue": 40970, 
        "short_term_average": 32574
    }, 
    {
        "accumulated_operating_revenue_yoy": 16.814018374538733, 
        "accumulated_operating_revenue": 168725, 
        "long_term_average": 31448, 
        "date": "2013-05-31", 
        "operating_revenue": 39834, 
        "short_term_average": 39022
    }, 
    {
        "accumulated_operating_revenue_yoy": 22.63653634408357, 
        "accumulated_operating_revenue": 214961, 
        "long_term_average": 32731, 
        "date": "2013-06-30", 
        "operating_revenue": 46236, 
        "short_term_average": 42346
    }, 
    {
        "accumulated_operating_revenue_yoy": 20.61056332495286, 
        "accumulated_operating_revenue": 245621, 
        "long_term_average": 32922, 
        "date": "2013-07-31", 
        "operating_revenue": 30660, 
        "short_term_average": 38910
    }, 
    {
        "accumulated_operating_revenue_yoy": 18.94370284387696, 
        "accumulated_operating_revenue": 276669, 
        "long_term_average": 33096, 
        "date": "2013-08-31", 
        "operating_revenue": 31048, 
        "short_term_average": 35981
    }, 
    {
        "accumulated_operating_revenue_yoy": 13.012236979555288, 
        "accumulated_operating_revenue": 302918, 
        "long_term_average": 32331, 
        "date": "2013-09-30", 
        "operating_revenue": 26249, 
        "short_term_average": 29319
    }, 
    {
        "accumulated_operating_revenue_yoy": 10.097578989743061, 
        "accumulated_operating_revenue": 330928, 
        "long_term_average": 31954, 
        "date": "2013-10-31", 
        "operating_revenue": 28010, 
        "short_term_average": 28435
    }, 
    {
        "accumulated_operating_revenue_yoy": 10.450819040811862, 
        "accumulated_operating_revenue": 358509, 
        "long_term_average": 32251, 
        "date": "2013-11-30", 
        "operating_revenue": 27581, 
        "short_term_average": 27280
    }, 
    {
        "accumulated_operating_revenue_yoy": 8.878529817416645, 
        "accumulated_operating_revenue": 384449, 
        "long_term_average": 32037, 
        "date": "2013-12-31", 
        "operating_revenue": 25940, 
        "short_term_average": 27177
    }, 
    {
        "accumulated_operating_revenue_yoy": -11.620520388847893, 
        "accumulated_operating_revenue": 27547, 
        "long_term_average": 31735, 
        "date": "2014-01-31", 
        "operating_revenue": 27547, 
        "short_term_average": 27022
    }, 
    {
        "accumulated_operating_revenue_yoy": 8.608374145840996, 
        "accumulated_operating_revenue": 56106, 
        "long_term_average": 32408, 
        "date": "2014-02-28", 
        "operating_revenue": 28559, 
        "short_term_average": 27348
    }, 
    {
        "accumulated_operating_revenue_yoy": -6.856154957291205, 
        "accumulated_operating_revenue": 81893, 
        "long_term_average": 31535, 
        "date": "2014-03-31", 
        "operating_revenue": 25787, 
        "short_term_average": 27297
    }, 
    {
        "accumulated_operating_revenue_yoy": -11.886012211868943, 
        "accumulated_operating_revenue": 113571, 
        "long_term_average": 30760, 
        "date": "2014-04-30", 
        "operating_revenue": 31678, 
        "short_term_average": 28674
    }, 
    {
        "accumulated_operating_revenue_yoy": -16.50851978070825, 
        "accumulated_operating_revenue": 140871, 
        "long_term_average": 29716, 
        "date": "2014-05-31", 
        "operating_revenue": 27300, 
        "short_term_average": 28255
    }, 
    {
        "accumulated_operating_revenue_yoy": -20.028749401054142, 
        "accumulated_operating_revenue": 171907, 
        "long_term_average": 28449, 
        "date": "2014-06-30", 
        "operating_revenue": 31036, 
        "short_term_average": 30004
    }, 
    {
        "accumulated_operating_revenue_yoy": -17.186234076076556, 
        "accumulated_operating_revenue": 203408, 
        "long_term_average": 28519, 
        "date": "2014-07-31", 
        "operating_revenue": 31501, 
        "short_term_average": 29945
    }, 
    {
        "accumulated_operating_revenue_yoy": -15.274208530771427, 
        "accumulated_operating_revenue": 234410, 
        "long_term_average": 28515, 
        "date": "2014-08-31", 
        "operating_revenue": 31002, 
        "short_term_average": 31179
    }, 
    {
        "accumulated_operating_revenue_yoy": -11.54008675615183, 
        "accumulated_operating_revenue": 267961, 
        "long_term_average": 29124, 
        "date": "2014-09-30", 
        "operating_revenue": 33551, 
        "short_term_average": 32018
    }, 
    {
        "accumulated_operating_revenue_yoy": -9.874353333655659, 
        "accumulated_operating_revenue": 298251, 
        "long_term_average": 29314, 
        "date": "2014-10-31", 
        "operating_revenue": 30290, 
        "short_term_average": 31614
    }, 
    {
        "accumulated_operating_revenue_yoy": -7.9300659118739, 
        "accumulated_operating_revenue": 330079, 
        "long_term_average": 29668, 
        "date": "2014-11-30", 
        "operating_revenue": 31828, 
        "short_term_average": 31889
    }, 
    {
        "accumulated_operating_revenue_yoy": -5.9316060127611205, 
        "accumulated_operating_revenue": 361645, 
        "long_term_average": 30137, 
        "date": "2014-12-31", 
        "operating_revenue": 31566, 
        "short_term_average": 31228
    }, 
    {
        "accumulated_operating_revenue_yoy": 21.751914909064507, 
        "accumulated_operating_revenue": 33539, 
        "long_term_average": 30636, 
        "date": "2015-01-31", 
        "operating_revenue": 33539, 
        "short_term_average": 32311
    }, 
    {
        "accumulated_operating_revenue_yoy": 2.388336363312302, 
        "accumulated_operating_revenue": 57446, 
        "long_term_average": 30248, 
        "date": "2015-02-28", 
        "operating_revenue": 23907, 
        "short_term_average": 29670
    }, 
    {
        "accumulated_operating_revenue_yoy": 8.940935122660058, 
        "accumulated_operating_revenue": 89215, 
        "long_term_average": 30747, 
        "date": "2015-03-31", 
        "operating_revenue": 31769, 
        "short_term_average": 29738
    }, 
    {
        "accumulated_operating_revenue_yoy": 6.318514409488338, 
        "accumulated_operating_revenue": 120747, 
        "long_term_average": 30735, 
        "date": "2015-04-30", 
        "operating_revenue": 31532, 
        "short_term_average": 29069
    }, 
    {
        "accumulated_operating_revenue_yoy": 2.4653761242555245, 
        "accumulated_operating_revenue": 144344, 
        "long_term_average": 30426, 
        "date": "2015-05-31", 
        "operating_revenue": 23597, 
        "short_term_average": 28966
    }, 
    {
        "accumulated_operating_revenue_yoy": 2.5164769322947875, 
        "accumulated_operating_revenue": 176233, 
        "long_term_average": 30497, 
        "date": "2015-06-30", 
        "operating_revenue": 31889, 
        "short_term_average": 29006
    }, 
    {
        "accumulated_operating_revenue_yoy": -0.13617950129788406, 
        "accumulated_operating_revenue": 203131, 
        "long_term_average": 30114, 
        "date": "2015-07-31", 
        "operating_revenue": 26898, 
        "short_term_average": 27461
    }, 
    {
        "accumulated_operating_revenue_yoy": -0.019197133228104603, 
        "accumulated_operating_revenue": 234365, 
        "long_term_average": 30133, 
        "date": "2015-08-31", 
        "operating_revenue": 31234, 
        "short_term_average": 30007
    }, 
    {
        "accumulated_operating_revenue_yoy": -1.4072943450726039, 
        "accumulated_operating_revenue": 264190, 
        "long_term_average": 29822, 
        "date": "2015-09-30", 
        "operating_revenue": 29825, 
        "short_term_average": 29319
    }
]