[
    {
        "date": "2012-01-31", 
        "operating_revenue": 88810, 
        "accumulated_operating_revenue": 88810, 
        "long_term_average": 88810, 
        "short_term_average": 88810
    }, 
    {
        "date": "2012-02-29", 
        "operating_revenue": 83970, 
        "accumulated_operating_revenue": 172780, 
        "long_term_average": 86390, 
        "short_term_average": 86390
    }, 
    {
        "date": "2012-03-31", 
        "operating_revenue": 130047, 
        "accumulated_operating_revenue": 302827, 
        "long_term_average": 100942, 
        "short_term_average": 100942
    }, 
    {
        "date": "2012-04-30", 
        "operating_revenue": 74759, 
        "accumulated_operating_revenue": 377586, 
        "long_term_average": 94396, 
        "short_term_average": 96258
    }, 
    {
        "date": "2012-05-31", 
        "operating_revenue": 110933, 
        "accumulated_operating_revenue": 488519, 
        "long_term_average": 97703, 
        "short_term_average": 105246
    }, 
    {
        "date": "2012-06-30", 
        "operating_revenue": 137559, 
        "accumulated_operating_revenue": 626078, 
        "long_term_average": 104346, 
        "short_term_average": 107750
    }, 
    {
        "date": "2012-07-31", 
        "operating_revenue": 111786, 
        "accumulated_operating_revenue": 737864, 
        "long_term_average": 105409, 
        "short_term_average": 120092
    }, 
    {
        "date": "2012-08-31", 
        "operating_revenue": 75295, 
        "accumulated_operating_revenue": 813159, 
        "long_term_average": 101644, 
        "short_term_average": 108213
    }, 
    {
        "date": "2012-09-30", 
        "operating_revenue": 112806, 
        "accumulated_operating_revenue": 925965, 
        "long_term_average": 102885, 
        "short_term_average": 99962
    }, 
    {
        "date": "2012-10-31", 
        "operating_revenue": 103736, 
        "accumulated_operating_revenue": 1029701, 
        "long_term_average": 102970, 
        "short_term_average": 97279
    }, 
    {
        "date": "2012-11-30", 
        "operating_revenue": 106393, 
        "accumulated_operating_revenue": 1136094, 
        "long_term_average": 103281, 
        "short_term_average": 107645
    }, 
    {
        "date": "2012-12-31", 
        "operating_revenue": 103397, 
        "accumulated_operating_revenue": 1239491, 
        "long_term_average": 103290, 
        "short_term_average": 104508
    }, 
    {
        "accumulated_operating_revenue_yoy": 51.24985925008445, 
        "accumulated_operating_revenue": 134325, 
        "long_term_average": 107083, 
        "date": "2013-01-31", 
        "operating_revenue": 134325, 
        "short_term_average": 114705
    }, 
    {
        "accumulated_operating_revenue_yoy": 9.737238106262298, 
        "accumulated_operating_revenue": 189604, 
        "long_term_average": 104692, 
        "date": "2013-02-28", 
        "operating_revenue": 55279, 
        "short_term_average": 97667
    }, 
    {
        "accumulated_operating_revenue_yoy": 2.415240384774145, 
        "accumulated_operating_revenue": 310141, 
        "long_term_average": 103900, 
        "date": "2013-03-31", 
        "operating_revenue": 120537, 
        "short_term_average": 103380
    }, 
    {
        "accumulated_operating_revenue_yoy": 4.235061681312337, 
        "accumulated_operating_revenue": 393577, 
        "long_term_average": 104623, 
        "date": "2013-04-30", 
        "operating_revenue": 83436, 
        "short_term_average": 86417
    }, 
    {
        "accumulated_operating_revenue_yoy": 16.24767921002049, 
        "accumulated_operating_revenue": 567892, 
        "long_term_average": 109905, 
        "date": "2013-05-31", 
        "operating_revenue": 174315, 
        "short_term_average": 126096
    }, 
    {
        "accumulated_operating_revenue_yoy": -2.0981411261855554, 
        "accumulated_operating_revenue": 612942, 
        "long_term_average": 102196, 
        "date": "2013-06-30", 
        "operating_revenue": 45050, 
        "short_term_average": 100933
    }, 
    {
        "accumulated_operating_revenue_yoy": -7.586086324851192, 
        "accumulated_operating_revenue": 681889, 
        "long_term_average": 98626, 
        "date": "2013-07-31", 
        "operating_revenue": 68947, 
        "short_term_average": 96104
    }, 
    {
        "accumulated_operating_revenue_yoy": -6.919065029102549, 
        "accumulated_operating_revenue": 756896, 
        "long_term_average": 98602, 
        "date": "2013-08-31", 
        "operating_revenue": 75007, 
        "short_term_average": 63001
    }, 
    {
        "accumulated_operating_revenue_yoy": -2.231941812055531, 
        "accumulated_operating_revenue": 905298, 
        "long_term_average": 101568, 
        "date": "2013-09-30", 
        "operating_revenue": 148402, 
        "short_term_average": 97452
    }, 
    {
        "accumulated_operating_revenue_yoy": -1.1892772756363255, 
        "accumulated_operating_revenue": 1017455, 
        "long_term_average": 102270, 
        "date": "2013-10-31", 
        "operating_revenue": 112157, 
        "short_term_average": 111855
    }, 
    {
        "accumulated_operating_revenue_yoy": -0.7318056428429338, 
        "accumulated_operating_revenue": 1127780, 
        "long_term_average": 102598, 
        "date": "2013-11-30", 
        "operating_revenue": 110325, 
        "short_term_average": 123628
    }, 
    {
        "accumulated_operating_revenue_yoy": 1.6551148818345593, 
        "accumulated_operating_revenue": 1260006, 
        "long_term_average": 105000, 
        "date": "2013-12-31", 
        "operating_revenue": 132226, 
        "short_term_average": 118236
    }, 
    {
        "accumulated_operating_revenue_yoy": -17.061604317885724, 
        "accumulated_operating_revenue": 111407, 
        "long_term_average": 103090, 
        "date": "2014-01-31", 
        "operating_revenue": 111407, 
        "short_term_average": 117986
    }, 
    {
        "accumulated_operating_revenue_yoy": 0.7357439716461678, 
        "accumulated_operating_revenue": 190999, 
        "long_term_average": 105116, 
        "date": "2014-02-28", 
        "operating_revenue": 79592, 
        "short_term_average": 107741
    }, 
    {
        "accumulated_operating_revenue_yoy": 2.3208798578710974, 
        "accumulated_operating_revenue": 317339, 
        "long_term_average": 105600, 
        "date": "2014-03-31", 
        "operating_revenue": 126340, 
        "short_term_average": 105779
    }, 
    {
        "accumulated_operating_revenue_yoy": 13.431933268458268, 
        "accumulated_operating_revenue": 446442, 
        "long_term_average": 109405, 
        "date": "2014-04-30", 
        "operating_revenue": 129103, 
        "short_term_average": 111678
    }, 
    {
        "accumulated_operating_revenue_yoy": -7.244687370133758, 
        "accumulated_operating_revenue": 526750, 
        "long_term_average": 101572, 
        "date": "2014-05-31", 
        "operating_revenue": 80308, 
        "short_term_average": 111917
    }, 
    {
        "accumulated_operating_revenue_yoy": 5.108639969197738, 
        "accumulated_operating_revenue": 644255, 
        "long_term_average": 107609, 
        "date": "2014-06-30", 
        "operating_revenue": 117505, 
        "short_term_average": 108972
    }, 
    {
        "accumulated_operating_revenue_yoy": 6.1763718141809, 
        "accumulated_operating_revenue": 724005, 
        "long_term_average": 108510, 
        "date": "2014-07-31", 
        "operating_revenue": 79750, 
        "short_term_average": 92521
    }, 
    {
        "accumulated_operating_revenue_yoy": 1.492146873546696, 
        "accumulated_operating_revenue": 768190, 
        "long_term_average": 105941, 
        "date": "2014-08-31", 
        "operating_revenue": 44185, 
        "short_term_average": 80480
    }, 
    {
        "accumulated_operating_revenue_yoy": -6.755676031538786, 
        "accumulated_operating_revenue": 844139, 
        "long_term_average": 99903, 
        "date": "2014-09-30", 
        "operating_revenue": 75949, 
        "short_term_average": 66628
    }, 
    {
        "accumulated_operating_revenue_yoy": -4.0225857654638295, 
        "accumulated_operating_revenue": 976527, 
        "long_term_average": 101589, 
        "date": "2014-10-31", 
        "operating_revenue": 132388, 
        "short_term_average": 84174
    }, 
    {
        "accumulated_operating_revenue_yoy": -3.525510294560996, 
        "accumulated_operating_revenue": 1088020, 
        "long_term_average": 101687, 
        "date": "2014-11-30", 
        "operating_revenue": 111493, 
        "short_term_average": 106610
    }, 
    {
        "accumulated_operating_revenue_yoy": -5.143308841386469, 
        "accumulated_operating_revenue": 1195200, 
        "long_term_average": 99600, 
        "date": "2014-12-31", 
        "operating_revenue": 107180, 
        "short_term_average": 117020
    }, 
    {
        "accumulated_operating_revenue_yoy": 148.43232471927257, 
        "accumulated_operating_revenue": 276771, 
        "long_term_average": 113380, 
        "date": "2015-01-31", 
        "operating_revenue": 276771, 
        "short_term_average": 165148
    }, 
    {
        "accumulated_operating_revenue_yoy": 140.0263875727098, 
        "accumulated_operating_revenue": 458448, 
        "long_term_average": 121887, 
        "date": "2015-02-28", 
        "operating_revenue": 181677, 
        "short_term_average": 188542
    }, 
    {
        "accumulated_operating_revenue_yoy": 121.9175707996811, 
        "accumulated_operating_revenue": 704231, 
        "long_term_average": 131841, 
        "date": "2015-03-31", 
        "operating_revenue": 245783, 
        "short_term_average": 234743
    }, 
    {
        "accumulated_operating_revenue_yoy": 91.57673337186017, 
        "accumulated_operating_revenue": 855279, 
        "long_term_average": 133669, 
        "date": "2015-04-30", 
        "operating_revenue": 151048, 
        "short_term_average": 192836
    }, 
    {
        "accumulated_operating_revenue_yoy": 90.37949691504508, 
        "accumulated_operating_revenue": 1002824, 
        "long_term_average": 139272, 
        "date": "2015-05-31", 
        "operating_revenue": 147545, 
        "short_term_average": 181458
    }, 
    {
        "accumulated_operating_revenue_yoy": 87.12559467912551, 
        "accumulated_operating_revenue": 1205566, 
        "long_term_average": 146375, 
        "date": "2015-06-30", 
        "operating_revenue": 202742, 
        "short_term_average": 167111
    }, 
    {
        "accumulated_operating_revenue_yoy": 93.98180951789007, 
        "accumulated_operating_revenue": 1404438, 
        "long_term_average": 156302, 
        "date": "2015-07-31", 
        "operating_revenue": 198872, 
        "short_term_average": 183053
    }, 
    {
        "accumulated_operating_revenue_yoy": 110.6549161014853, 
        "accumulated_operating_revenue": 1618230, 
        "long_term_average": 170436, 
        "date": "2015-08-31", 
        "operating_revenue": 213792, 
        "short_term_average": 205135
    }, 
    {
        "accumulated_operating_revenue_yoy": 120.46914074577766, 
        "accumulated_operating_revenue": 1861066, 
        "long_term_average": 184343, 
        "date": "2015-09-30", 
        "operating_revenue": 242836, 
        "short_term_average": 218500
    }
]