[
    {
        "date": "2011-09-30", 
        "operating_revenue": 3250090, 
        "accumulated_operating_revenue": 3250090, 
        "long_term_average": 3250090, 
        "short_term_average": 3250090
    }, 
    {
        "date": "2011-10-31", 
        "operating_revenue": 3252343, 
        "accumulated_operating_revenue": 6502433, 
        "long_term_average": 3251216, 
        "short_term_average": 3251216
    }, 
    {
        "date": "2011-11-30", 
        "operating_revenue": 3252019, 
        "accumulated_operating_revenue": 9754452, 
        "long_term_average": 3251484, 
        "short_term_average": 3251484
    }, 
    {
        "date": "2011-12-31", 
        "operating_revenue": 3215538, 
        "accumulated_operating_revenue": 12969990, 
        "long_term_average": 3242497, 
        "short_term_average": 3239966
    }, 
    {
        "date": "2012-01-31", 
        "operating_revenue": 3038557, 
        "accumulated_operating_revenue": 3038557, 
        "long_term_average": 3201709, 
        "short_term_average": 3168704
    }, 
    {
        "date": "2012-02-29", 
        "operating_revenue": 2832930, 
        "accumulated_operating_revenue": 5871487, 
        "long_term_average": 3140246, 
        "short_term_average": 3029008
    }, 
    {
        "date": "2012-03-31", 
        "operating_revenue": 2883883, 
        "accumulated_operating_revenue": 8755370, 
        "long_term_average": 3103622, 
        "short_term_average": 2918456
    }, 
    {
        "date": "2012-04-30", 
        "operating_revenue": 3741301, 
        "accumulated_operating_revenue": 12496671, 
        "long_term_average": 3183332, 
        "short_term_average": 3152704
    }, 
    {
        "date": "2012-05-31", 
        "operating_revenue": 3967027, 
        "accumulated_operating_revenue": 16463698, 
        "long_term_average": 3270409, 
        "short_term_average": 3530737
    }, 
    {
        "date": "2012-06-30", 
        "operating_revenue": 4200782, 
        "accumulated_operating_revenue": 20664480, 
        "long_term_average": 3363447, 
        "short_term_average": 3969703
    }, 
    {
        "date": "2012-07-31", 
        "operating_revenue": 3819846, 
        "accumulated_operating_revenue": 24484326, 
        "long_term_average": 3404937, 
        "short_term_average": 3995885
    }, 
    {
        "date": "2012-08-31", 
        "operating_revenue": 3477450, 
        "accumulated_operating_revenue": 27961776, 
        "long_term_average": 3410980, 
        "short_term_average": 3832692
    }, 
    {
        "accumulated_operating_revenue_yoy": 863.2688940921636, 
        "accumulated_operating_revenue": 31307106, 
        "long_term_average": 3418917, 
        "date": "2012-09-30", 
        "operating_revenue": 3345330, 
        "short_term_average": 3547542
    }, 
    {
        "accumulated_operating_revenue_yoy": 433.580984225443, 
        "accumulated_operating_revenue": 34695746, 
        "long_term_average": 3430275, 
        "date": "2012-10-31", 
        "operating_revenue": 3388640, 
        "short_term_average": 3403806
    }, 
    {
        "accumulated_operating_revenue_yoy": 291.4001832189035, 
        "accumulated_operating_revenue": 38178943, 
        "long_term_average": 3449540, 
        "date": "2012-11-30", 
        "operating_revenue": 3483197, 
        "short_term_average": 3405722
    }, 
    {
        "accumulated_operating_revenue_yoy": 220.82606848578914, 
        "accumulated_operating_revenue": 41611109, 
        "long_term_average": 3467592, 
        "date": "2012-12-31", 
        "operating_revenue": 3432166, 
        "short_term_average": 3434667
    }, 
    {
        "accumulated_operating_revenue_yoy": 4.243099602870705, 
        "accumulated_operating_revenue": 3167486, 
        "long_term_average": 3478336, 
        "date": "2013-01-31", 
        "operating_revenue": 3167486, 
        "short_term_average": 3360949
    }, 
    {
        "accumulated_operating_revenue_yoy": 3.7503957685676563, 
        "accumulated_operating_revenue": 6091691, 
        "long_term_average": 3485942, 
        "date": "2013-02-28", 
        "operating_revenue": 2924205, 
        "short_term_average": 3174619
    }, 
    {
        "accumulated_operating_revenue_yoy": 5.177531046660507, 
        "accumulated_operating_revenue": 9208682, 
        "long_term_average": 3505368, 
        "date": "2013-03-31", 
        "operating_revenue": 3116991, 
        "short_term_average": 3069560
    }, 
    {
        "accumulated_operating_revenue_yoy": -1.4092233043504145, 
        "accumulated_operating_revenue": 12320565, 
        "long_term_average": 3452916, 
        "date": "2013-04-30", 
        "operating_revenue": 3111883, 
        "short_term_average": 3051026
    }, 
    {
        "accumulated_operating_revenue_yoy": -6.031336337680635, 
        "accumulated_operating_revenue": 15470717, 
        "long_term_average": 3384844, 
        "date": "2013-05-31", 
        "operating_revenue": 3150152, 
        "short_term_average": 3126342
    }, 
    {
        "accumulated_operating_revenue_yoy": -9.68738627829009, 
        "accumulated_operating_revenue": 18662632, 
        "long_term_average": 3300771, 
        "date": "2013-06-30", 
        "operating_revenue": 3191915, 
        "short_term_average": 3151316
    }, 
    {
        "accumulated_operating_revenue_yoy": -10.73678319754442, 
        "accumulated_operating_revenue": 21855497, 
        "long_term_average": 3248523, 
        "date": "2013-07-31", 
        "operating_revenue": 3192865, 
        "short_term_average": 3178310
    }, 
    {
        "accumulated_operating_revenue_yoy": -10.610803119229622, 
        "accumulated_operating_revenue": 24994807, 
        "long_term_average": 3220345, 
        "date": "2013-08-31", 
        "operating_revenue": 3139310, 
        "short_term_average": 3174696
    }, 
    {
        "accumulated_operating_revenue_yoy": -10.532203136246448, 
        "accumulated_operating_revenue": 28009778, 
        "long_term_average": 3192815, 
        "date": "2013-09-30", 
        "operating_revenue": 3014971, 
        "short_term_average": 3115715
    }, 
    {
        "accumulated_operating_revenue_yoy": -10.042236878261674, 
        "accumulated_operating_revenue": 31211517, 
        "long_term_average": 3177240, 
        "date": "2013-10-31", 
        "operating_revenue": 3201739, 
        "short_term_average": 3118673
    }, 
    {
        "accumulated_operating_revenue_yoy": -9.797235612311216, 
        "accumulated_operating_revenue": 34438462, 
        "long_term_average": 3155885, 
        "date": "2013-11-30", 
        "operating_revenue": 3226945, 
        "short_term_average": 3147885
    }, 
    {
        "accumulated_operating_revenue_yoy": -9.627539607271702, 
        "accumulated_operating_revenue": 37604983, 
        "long_term_average": 3133748, 
        "date": "2013-12-31", 
        "operating_revenue": 3166521, 
        "short_term_average": 3198401
    }, 
    {
        "accumulated_operating_revenue_yoy": -2.887305579251179, 
        "accumulated_operating_revenue": 3076031, 
        "long_term_average": 3126127, 
        "date": "2014-01-31", 
        "operating_revenue": 3076031, 
        "short_term_average": 3156499
    }, 
    {
        "accumulated_operating_revenue_yoy": -2.9656461563792385, 
        "accumulated_operating_revenue": 5911033, 
        "long_term_average": 3118693, 
        "date": "2014-02-28", 
        "operating_revenue": 2835002, 
        "short_term_average": 3025851
    }, 
    {
        "accumulated_operating_revenue_yoy": 0.1936759245242696, 
        "accumulated_operating_revenue": 9226517, 
        "long_term_average": 3135234, 
        "date": "2014-03-31", 
        "operating_revenue": 3315484, 
        "short_term_average": 3075505
    }, 
    {
        "accumulated_operating_revenue_yoy": 2.538950121199799, 
        "accumulated_operating_revenue": 12633378, 
        "long_term_average": 3159816, 
        "date": "2014-04-30", 
        "operating_revenue": 3406861, 
        "short_term_average": 3185782
    }, 
    {
        "accumulated_operating_revenue_yoy": 5.292275723226015, 
        "accumulated_operating_revenue": 16289470, 
        "long_term_average": 3201978, 
        "date": "2014-05-31", 
        "operating_revenue": 3656092, 
        "short_term_average": 3459479
    }, 
    {
        "accumulated_operating_revenue_yoy": 6.131268086945078, 
        "accumulated_operating_revenue": 19806888, 
        "long_term_average": 3229103, 
        "date": "2014-06-30", 
        "operating_revenue": 3517418, 
        "short_term_average": 3526790
    }, 
    {
        "accumulated_operating_revenue_yoy": 6.5052329855505, 
        "accumulated_operating_revenue": 23277248, 
        "long_term_average": 3252227, 
        "date": "2014-07-31", 
        "operating_revenue": 3470360, 
        "short_term_average": 3547956
    }, 
    {
        "accumulated_operating_revenue_yoy": 7.240532003307727, 
        "accumulated_operating_revenue": 26804564, 
        "long_term_average": 3284561, 
        "date": "2014-08-31", 
        "operating_revenue": 3527316, 
        "short_term_average": 3505031
    }, 
    {
        "accumulated_operating_revenue_yoy": 8.054622924894298, 
        "accumulated_operating_revenue": 30265860, 
        "long_term_average": 3321755, 
        "date": "2014-09-30", 
        "operating_revenue": 3461296, 
        "short_term_average": 3486324
    }, 
    {
        "accumulated_operating_revenue_yoy": 7.695050516128389, 
        "accumulated_operating_revenue": 33613259, 
        "long_term_average": 3333893, 
        "date": "2014-10-31", 
        "operating_revenue": 3347399, 
        "short_term_average": 3445337
    }, 
    {
        "accumulated_operating_revenue_yoy": 7.027166311898597, 
        "accumulated_operating_revenue": 36858510, 
        "long_term_average": 3335419, 
        "date": "2014-11-30", 
        "operating_revenue": 3245251, 
        "short_term_average": 3351315
    }, 
    {
        "accumulated_operating_revenue_yoy": 6.473772372134831, 
        "accumulated_operating_revenue": 40039444, 
        "long_term_average": 3336620, 
        "date": "2014-12-31", 
        "operating_revenue": 3180934, 
        "short_term_average": 3257861
    }, 
    {
        "accumulated_operating_revenue_yoy": 4.228598476413274, 
        "accumulated_operating_revenue": 3206104, 
        "long_term_average": 3347459, 
        "date": "2015-01-31", 
        "operating_revenue": 3206104, 
        "short_term_average": 3210763
    }, 
    {
        "accumulated_operating_revenue_yoy": 4.006795428142594, 
        "accumulated_operating_revenue": 6147876, 
        "long_term_average": 3356357, 
        "date": "2015-02-28", 
        "operating_revenue": 2941772, 
        "short_term_average": 3109603
    }, 
    {
        "accumulated_operating_revenue_yoy": 2.209880499867935, 
        "accumulated_operating_revenue": 9430412, 
        "long_term_average": 3353611, 
        "date": "2015-03-31", 
        "operating_revenue": 3282536, 
        "short_term_average": 3143470
    }, 
    {
        "accumulated_operating_revenue_yoy": 1.3633962349579027, 
        "accumulated_operating_revenue": 12805621, 
        "long_term_average": 3350973, 
        "date": "2015-04-30", 
        "operating_revenue": 3375209, 
        "short_term_average": 3199839
    }, 
    {
        "accumulated_operating_revenue_yoy": -0.32634579271148784, 
        "accumulated_operating_revenue": 16236310, 
        "long_term_average": 3332190, 
        "date": "2015-05-31", 
        "operating_revenue": 3430689, 
        "short_term_average": 3362811
    }, 
    {
        "accumulated_operating_revenue_yoy": -0.6703627546134455, 
        "accumulated_operating_revenue": 19674110, 
        "long_term_average": 3325555, 
        "date": "2015-06-30", 
        "operating_revenue": 3437800, 
        "short_term_average": 3414566
    }, 
    {
        "accumulated_operating_revenue_yoy": -0.5907528243888625, 
        "accumulated_operating_revenue": 23139737, 
        "long_term_average": 3325161, 
        "date": "2015-07-31", 
        "operating_revenue": 3465627, 
        "short_term_average": 3444705
    }, 
    {
        "accumulated_operating_revenue_yoy": -0.31677814270733895, 
        "accumulated_operating_revenue": 26719653, 
        "long_term_average": 3329544, 
        "date": "2015-08-31", 
        "operating_revenue": 3579916, 
        "short_term_average": 3494447
    }, 
    {
        "accumulated_operating_revenue_yoy": 0.5437611883488525, 
        "accumulated_operating_revenue": 30430434, 
        "long_term_average": 3350334, 
        "date": "2015-09-30", 
        "operating_revenue": 3710781, 
        "short_term_average": 3585441
    }, 
    {
        "accumulated_operating_revenue_yoy": 2.3268407267501194, 
        "accumulated_operating_revenue": 34395386, 
        "long_term_average": 3401797, 
        "date": "2015-10-31", 
        "operating_revenue": 3964952, 
        "short_term_average": 3751883
    }
]