[
    {
        "date": "2011-09-30", 
        "operating_revenue": 34037, 
        "accumulated_operating_revenue": 34037, 
        "long_term_average": 34037, 
        "short_term_average": 34037
    }, 
    {
        "date": "2011-10-31", 
        "operating_revenue": 33654, 
        "accumulated_operating_revenue": 67691, 
        "long_term_average": 33845, 
        "short_term_average": 33845
    }, 
    {
        "date": "2011-11-30", 
        "operating_revenue": 33028, 
        "accumulated_operating_revenue": 100719, 
        "long_term_average": 33573, 
        "short_term_average": 33573
    }, 
    {
        "date": "2011-12-31", 
        "operating_revenue": 33253, 
        "accumulated_operating_revenue": 133972, 
        "long_term_average": 33493, 
        "short_term_average": 33311
    }, 
    {
        "date": "2012-01-31", 
        "operating_revenue": 30777, 
        "accumulated_operating_revenue": 30777, 
        "long_term_average": 32949, 
        "short_term_average": 32352
    }, 
    {
        "date": "2012-02-29", 
        "operating_revenue": 26128, 
        "accumulated_operating_revenue": 56905, 
        "long_term_average": 31812, 
        "short_term_average": 30052
    }, 
    {
        "date": "2012-03-31", 
        "operating_revenue": 20703, 
        "accumulated_operating_revenue": 77608, 
        "long_term_average": 30225, 
        "short_term_average": 25869
    }, 
    {
        "date": "2012-04-30", 
        "operating_revenue": 23044, 
        "accumulated_operating_revenue": 100652, 
        "long_term_average": 29328, 
        "short_term_average": 23291
    }, 
    {
        "date": "2012-05-31", 
        "operating_revenue": 23213, 
        "accumulated_operating_revenue": 123865, 
        "long_term_average": 28648, 
        "short_term_average": 22320
    }, 
    {
        "date": "2012-06-30", 
        "operating_revenue": 22846, 
        "accumulated_operating_revenue": 146711, 
        "long_term_average": 28068, 
        "short_term_average": 23034
    }, 
    {
        "date": "2012-07-31", 
        "operating_revenue": 36372, 
        "accumulated_operating_revenue": 183083, 
        "long_term_average": 28823, 
        "short_term_average": 27477
    }, 
    {
        "date": "2012-08-31", 
        "operating_revenue": 41307, 
        "accumulated_operating_revenue": 224390, 
        "long_term_average": 29863, 
        "short_term_average": 33508
    }, 
    {
        "accumulated_operating_revenue_yoy": 640.5147339659782, 
        "accumulated_operating_revenue": 252049, 
        "long_term_average": 29332, 
        "date": "2012-09-30", 
        "operating_revenue": 27659, 
        "short_term_average": 35112
    }, 
    {
        "accumulated_operating_revenue_yoy": 300.7992199849315, 
        "accumulated_operating_revenue": 271305, 
        "long_term_average": 28132, 
        "date": "2012-10-31", 
        "operating_revenue": 19256, 
        "short_term_average": 29407
    }, 
    {
        "accumulated_operating_revenue_yoy": 196.63717868525305, 
        "accumulated_operating_revenue": 298770, 
        "long_term_average": 27668, 
        "date": "2012-11-30", 
        "operating_revenue": 27465, 
        "short_term_average": 24793
    }, 
    {
        "accumulated_operating_revenue_yoy": 152.87522765951093, 
        "accumulated_operating_revenue": 338782, 
        "long_term_average": 28231, 
        "date": "2012-12-31", 
        "operating_revenue": 40012, 
        "short_term_average": 28911
    }, 
    {
        "accumulated_operating_revenue_yoy": 20.037690483153003, 
        "accumulated_operating_revenue": 36944, 
        "long_term_average": 28745, 
        "date": "2013-01-31", 
        "operating_revenue": 36944, 
        "short_term_average": 34807
    }, 
    {
        "accumulated_operating_revenue_yoy": 2.8240049204815043, 
        "accumulated_operating_revenue": 58512, 
        "long_term_average": 28365, 
        "date": "2013-02-28", 
        "operating_revenue": 21568, 
        "short_term_average": 32841
    }, 
    {
        "accumulated_operating_revenue_yoy": 7.576538501185445, 
        "accumulated_operating_revenue": 83488, 
        "long_term_average": 28721, 
        "date": "2013-03-31", 
        "operating_revenue": 24976, 
        "short_term_average": 27829
    }, 
    {
        "accumulated_operating_revenue_yoy": 7.151373047728808, 
        "accumulated_operating_revenue": 107850, 
        "long_term_average": 28831, 
        "date": "2013-04-30", 
        "operating_revenue": 24362, 
        "short_term_average": 23635
    }, 
    {
        "accumulated_operating_revenue_yoy": 7.6203931699834495, 
        "accumulated_operating_revenue": 133304, 
        "long_term_average": 29018, 
        "date": "2013-05-31", 
        "operating_revenue": 25454, 
        "short_term_average": 24930
    }, 
    {
        "accumulated_operating_revenue_yoy": 7.1398872613505455, 
        "accumulated_operating_revenue": 157186, 
        "long_term_average": 29104, 
        "date": "2013-06-30", 
        "operating_revenue": 23882, 
        "short_term_average": 24566
    }, 
    {
        "accumulated_operating_revenue_yoy": 3.2427915207856546, 
        "accumulated_operating_revenue": 189020, 
        "long_term_average": 28726, 
        "date": "2013-07-31", 
        "operating_revenue": 31834, 
        "short_term_average": 27056
    }, 
    {
        "accumulated_operating_revenue_yoy": 3.324123178394759, 
        "accumulated_operating_revenue": 231849, 
        "long_term_average": 28853, 
        "date": "2013-08-31", 
        "operating_revenue": 42829, 
        "short_term_average": 32848
    }, 
    {
        "accumulated_operating_revenue_yoy": 3.6302464996885524, 
        "accumulated_operating_revenue": 261199, 
        "long_term_average": 28994, 
        "date": "2013-09-30", 
        "operating_revenue": 29350, 
        "short_term_average": 34671
    }, 
    {
        "accumulated_operating_revenue_yoy": 3.8322183520392175, 
        "accumulated_operating_revenue": 281702, 
        "long_term_average": 29098, 
        "date": "2013-10-31", 
        "operating_revenue": 20503, 
        "short_term_average": 30894
    }, 
    {
        "accumulated_operating_revenue_yoy": 3.73096361749841, 
        "accumulated_operating_revenue": 309917, 
        "long_term_average": 29160, 
        "date": "2013-11-30", 
        "operating_revenue": 28215, 
        "short_term_average": 26022
    }, 
    {
        "accumulated_operating_revenue_yoy": 0.3353188776263202, 
        "accumulated_operating_revenue": 339918, 
        "long_term_average": 28326, 
        "date": "2013-12-31", 
        "operating_revenue": 30001, 
        "short_term_average": 26239
    }, 
    {
        "accumulated_operating_revenue_yoy": -11.706907752273711, 
        "accumulated_operating_revenue": 32619, 
        "long_term_average": 27966, 
        "date": "2014-01-31", 
        "operating_revenue": 32619, 
        "short_term_average": 30278
    }, 
    {
        "accumulated_operating_revenue_yoy": -8.41024063439978, 
        "accumulated_operating_revenue": 53591, 
        "long_term_average": 27916, 
        "date": "2014-02-28", 
        "operating_revenue": 20972, 
        "short_term_average": 27864
    }, 
    {
        "accumulated_operating_revenue_yoy": -4.958796473744729, 
        "accumulated_operating_revenue": 79348, 
        "long_term_average": 27981, 
        "date": "2014-03-31", 
        "operating_revenue": 25757, 
        "short_term_average": 26449
    }, 
    {
        "accumulated_operating_revenue_yoy": -8.433936022253128, 
        "accumulated_operating_revenue": 98754, 
        "long_term_average": 27568, 
        "date": "2014-04-30", 
        "operating_revenue": 19406, 
        "short_term_average": 22045
    }, 
    {
        "accumulated_operating_revenue_yoy": -11.163205905299165, 
        "accumulated_operating_revenue": 118423, 
        "long_term_average": 27086, 
        "date": "2014-05-31", 
        "operating_revenue": 19669, 
        "short_term_average": 21610
    }, 
    {
        "accumulated_operating_revenue_yoy": 1.9963609990711642, 
        "accumulated_operating_revenue": 160324, 
        "long_term_average": 28588, 
        "date": "2014-06-30", 
        "operating_revenue": 41901, 
        "short_term_average": 26992
    }, 
    {
        "accumulated_operating_revenue_yoy": -0.5031213628187493, 
        "accumulated_operating_revenue": 188069, 
        "long_term_average": 28247, 
        "date": "2014-07-31", 
        "operating_revenue": 27745, 
        "short_term_average": 29771
    }, 
    {
        "accumulated_operating_revenue_yoy": -2.29502822958046, 
        "accumulated_operating_revenue": 226528, 
        "long_term_average": 27883, 
        "date": "2014-08-31", 
        "operating_revenue": 38459, 
        "short_term_average": 36035
    }, 
    {
        "accumulated_operating_revenue_yoy": -4.094962078721587, 
        "accumulated_operating_revenue": 250503, 
        "long_term_average": 27435, 
        "date": "2014-09-30", 
        "operating_revenue": 23975, 
        "short_term_average": 30059
    }, 
    {
        "accumulated_operating_revenue_yoy": -2.804736920575644, 
        "accumulated_operating_revenue": 273801, 
        "long_term_average": 27668, 
        "date": "2014-10-31", 
        "operating_revenue": 23298, 
        "short_term_average": 28577
    }, 
    {
        "accumulated_operating_revenue_yoy": -5.129760548792095, 
        "accumulated_operating_revenue": 294019, 
        "long_term_average": 27001, 
        "date": "2014-11-30", 
        "operating_revenue": 20218, 
        "short_term_average": 22497
    }, 
    {
        "accumulated_operating_revenue_yoy": -0.7907789525709141, 
        "accumulated_operating_revenue": 337230, 
        "long_term_average": 28102, 
        "date": "2014-12-31", 
        "operating_revenue": 43211, 
        "short_term_average": 28909
    }, 
    {
        "accumulated_operating_revenue_yoy": -36.760783592384804, 
        "accumulated_operating_revenue": 20628, 
        "long_term_average": 27103, 
        "date": "2015-01-31", 
        "operating_revenue": 20628, 
        "short_term_average": 28019
    }, 
    {
        "accumulated_operating_revenue_yoy": -37.825381127428116, 
        "accumulated_operating_revenue": 33320, 
        "long_term_average": 26413, 
        "date": "2015-02-28", 
        "operating_revenue": 12692, 
        "short_term_average": 25510
    }, 
    {
        "accumulated_operating_revenue_yoy": -26.319503957251598, 
        "accumulated_operating_revenue": 58464, 
        "long_term_average": 26362, 
        "date": "2015-03-31", 
        "operating_revenue": 25144, 
        "short_term_average": 19488
    }, 
    {
        "accumulated_operating_revenue_yoy": -27.097636551430824, 
        "accumulated_operating_revenue": 71994, 
        "long_term_average": 25872, 
        "date": "2015-04-30", 
        "operating_revenue": 13530, 
        "short_term_average": 17122
    }, 
    {
        "accumulated_operating_revenue_yoy": -29.23249706560381, 
        "accumulated_operating_revenue": 83805, 
        "long_term_average": 25217, 
        "date": "2015-05-31", 
        "operating_revenue": 11811, 
        "short_term_average": 16828
    }, 
    {
        "accumulated_operating_revenue_yoy": -35.7575908784711, 
        "accumulated_operating_revenue": 102996, 
        "long_term_average": 23325, 
        "date": "2015-06-30", 
        "operating_revenue": 19191, 
        "short_term_average": 14844
    }, 
    {
        "accumulated_operating_revenue_yoy": -29.729514167672505, 
        "accumulated_operating_revenue": 132157, 
        "long_term_average": 23443, 
        "date": "2015-07-31", 
        "operating_revenue": 29161, 
        "short_term_average": 20054
    }, 
    {
        "accumulated_operating_revenue_yoy": -31.89495338324622, 
        "accumulated_operating_revenue": 154277, 
        "long_term_average": 22081, 
        "date": "2015-08-31", 
        "operating_revenue": 22120, 
        "short_term_average": 23490
    }, 
    {
        "accumulated_operating_revenue_yoy": -31.046334774433838, 
        "accumulated_operating_revenue": 172731, 
        "long_term_average": 21621, 
        "date": "2015-09-30", 
        "operating_revenue": 18454, 
        "short_term_average": 23245
    }
]