[
    {
        "date": "2012-01-31", 
        "operating_revenue": 67803, 
        "accumulated_operating_revenue": 67803, 
        "long_term_average": 67803, 
        "short_term_average": 67803
    }, 
    {
        "date": "2012-02-29", 
        "operating_revenue": 202762, 
        "accumulated_operating_revenue": 270565, 
        "long_term_average": 135282, 
        "short_term_average": 135282
    }, 
    {
        "date": "2012-03-31", 
        "operating_revenue": 219186, 
        "accumulated_operating_revenue": 489751, 
        "long_term_average": 163250, 
        "short_term_average": 163250
    }, 
    {
        "date": "2012-04-30", 
        "operating_revenue": 211602, 
        "accumulated_operating_revenue": 701353, 
        "long_term_average": 175338, 
        "short_term_average": 211183
    }, 
    {
        "date": "2012-05-31", 
        "operating_revenue": 158468, 
        "accumulated_operating_revenue": 859821, 
        "long_term_average": 171964, 
        "short_term_average": 196418
    }, 
    {
        "date": "2012-06-30", 
        "operating_revenue": 163460, 
        "accumulated_operating_revenue": 1023281, 
        "long_term_average": 170546, 
        "short_term_average": 177843
    }, 
    {
        "date": "2012-07-31", 
        "operating_revenue": 98133, 
        "accumulated_operating_revenue": 1121414, 
        "long_term_average": 160202, 
        "short_term_average": 140020
    }, 
    {
        "date": "2012-08-31", 
        "operating_revenue": 141359, 
        "accumulated_operating_revenue": 1262773, 
        "long_term_average": 157846, 
        "short_term_average": 134317
    }, 
    {
        "date": "2012-09-30", 
        "operating_revenue": 141748, 
        "accumulated_operating_revenue": 1404521, 
        "long_term_average": 156057, 
        "short_term_average": 127080
    }, 
    {
        "date": "2012-10-31", 
        "operating_revenue": 157136, 
        "accumulated_operating_revenue": 1561657, 
        "long_term_average": 156165, 
        "short_term_average": 146747
    }, 
    {
        "date": "2012-11-30", 
        "operating_revenue": 144721, 
        "accumulated_operating_revenue": 1706378, 
        "long_term_average": 155125, 
        "short_term_average": 147868
    }, 
    {
        "date": "2012-12-31", 
        "operating_revenue": 138681, 
        "accumulated_operating_revenue": 1845059, 
        "long_term_average": 153754, 
        "short_term_average": 146846
    }, 
    {
        "accumulated_operating_revenue_yoy": 124.02253587599368, 
        "accumulated_operating_revenue": 151894, 
        "long_term_average": 160762, 
        "date": "2013-01-31", 
        "operating_revenue": 151894, 
        "short_term_average": 145098
    }, 
    {
        "accumulated_operating_revenue_yoy": -8.26788387263689, 
        "accumulated_operating_revenue": 248195, 
        "long_term_average": 151890, 
        "date": "2013-02-28", 
        "operating_revenue": 96301, 
        "short_term_average": 128958
    }, 
    {
        "accumulated_operating_revenue_yoy": -20.071015679396265, 
        "accumulated_operating_revenue": 391453, 
        "long_term_average": 145563, 
        "date": "2013-03-31", 
        "operating_revenue": 143258, 
        "short_term_average": 130484
    }, 
    {
        "accumulated_operating_revenue_yoy": -36.52440354571806, 
        "accumulated_operating_revenue": 445188, 
        "long_term_average": 132407, 
        "date": "2013-04-30", 
        "operating_revenue": 53735, 
        "short_term_average": 97764
    }, 
    {
        "accumulated_operating_revenue_yoy": -46.563063707446084, 
        "accumulated_operating_revenue": 459462, 
        "long_term_average": 120391, 
        "date": "2013-05-31", 
        "operating_revenue": 14274, 
        "short_term_average": 70422
    }, 
    {
        "accumulated_operating_revenue_yoy": -53.792066890717216, 
        "accumulated_operating_revenue": 472837, 
        "long_term_average": 107884, 
        "date": "2013-06-30", 
        "operating_revenue": 13375, 
        "short_term_average": 27128
    }, 
    {
        "accumulated_operating_revenue_yoy": -56.521320404418, 
        "accumulated_operating_revenue": 487576, 
        "long_term_average": 100935, 
        "date": "2013-07-31", 
        "operating_revenue": 14739, 
        "short_term_average": 14129
    }, 
    {
        "accumulated_operating_revenue_yoy": -60.00888520739673, 
        "accumulated_operating_revenue": 504997, 
        "long_term_average": 90606, 
        "date": "2013-08-31", 
        "operating_revenue": 17421, 
        "short_term_average": 15178
    }, 
    {
        "accumulated_operating_revenue_yoy": -62.94629984172539, 
        "accumulated_operating_revenue": 520427, 
        "long_term_average": 80080, 
        "date": "2013-09-30", 
        "operating_revenue": 15430, 
        "short_term_average": 15863
    }, 
    {
        "accumulated_operating_revenue_yoy": -65.59635054304498, 
        "accumulated_operating_revenue": 537267, 
        "long_term_average": 68389, 
        "date": "2013-10-31", 
        "operating_revenue": 16840, 
        "short_term_average": 16563
    }, 
    {
        "accumulated_operating_revenue_yoy": -66.75636933903274, 
        "accumulated_operating_revenue": 567262, 
        "long_term_average": 58828, 
        "date": "2013-11-30", 
        "operating_revenue": 29995, 
        "short_term_average": 20755
    }, 
    {
        "accumulated_operating_revenue_yoy": -65.72429391146841, 
        "accumulated_operating_revenue": 632407, 
        "long_term_average": 52700, 
        "date": "2013-12-31", 
        "operating_revenue": 65145, 
        "short_term_average": 37326
    }, 
    {
        "accumulated_operating_revenue_yoy": -49.07896296101229, 
        "accumulated_operating_revenue": 77346, 
        "long_term_average": 46488, 
        "date": "2014-01-31", 
        "operating_revenue": 77346, 
        "short_term_average": 57495
    }, 
    {
        "accumulated_operating_revenue_yoy": -50.43977517677632, 
        "accumulated_operating_revenue": 123006, 
        "long_term_average": 42268, 
        "date": "2014-02-28", 
        "operating_revenue": 45660, 
        "short_term_average": 62717
    }, 
    {
        "accumulated_operating_revenue_yoy": -53.27612765772647, 
        "accumulated_operating_revenue": 182902, 
        "long_term_average": 35321, 
        "date": "2014-03-31", 
        "operating_revenue": 59896, 
        "short_term_average": 60967
    }, 
    {
        "accumulated_operating_revenue_yoy": -54.59176797218254, 
        "accumulated_operating_revenue": 202152, 
        "long_term_average": 32447, 
        "date": "2014-04-30", 
        "operating_revenue": 19250, 
        "short_term_average": 41602
    }, 
    {
        "accumulated_operating_revenue_yoy": -52.02889466375892, 
        "accumulated_operating_revenue": 220409, 
        "long_term_average": 32779, 
        "date": "2014-05-31", 
        "operating_revenue": 18257, 
        "short_term_average": 32467
    }, 
    {
        "accumulated_operating_revenue_yoy": -40.58311849538001, 
        "accumulated_operating_revenue": 280945, 
        "long_term_average": 36709, 
        "date": "2014-06-30", 
        "operating_revenue": 60536, 
        "short_term_average": 32681
    }, 
    {
        "accumulated_operating_revenue_yoy": -28.642714161484566, 
        "accumulated_operating_revenue": 347921, 
        "long_term_average": 41062, 
        "date": "2014-07-31", 
        "operating_revenue": 66976, 
        "short_term_average": 48589
    }, 
    {
        "accumulated_operating_revenue_yoy": -17.82149200886342, 
        "accumulated_operating_revenue": 414999, 
        "long_term_average": 45200, 
        "date": "2014-08-31", 
        "operating_revenue": 67078, 
        "short_term_average": 64863
    }, 
    {
        "accumulated_operating_revenue_yoy": -6.549621752906748, 
        "accumulated_operating_revenue": 486341, 
        "long_term_average": 49860, 
        "date": "2014-09-30", 
        "operating_revenue": 71342, 
        "short_term_average": 68465
    }, 
    {
        "accumulated_operating_revenue_yoy": -4.658763705941366, 
        "accumulated_operating_revenue": 512237, 
        "long_term_average": 50614, 
        "date": "2014-10-31", 
        "operating_revenue": 25896, 
        "short_term_average": 54772
    }, 
    {
        "accumulated_operating_revenue_yoy": -8.793114998007976, 
        "accumulated_operating_revenue": 517382, 
        "long_term_average": 48543, 
        "date": "2014-11-30", 
        "operating_revenue": 5145, 
        "short_term_average": 34127
    }, 
    {
        "accumulated_operating_revenue_yoy": -15.109889675477975, 
        "accumulated_operating_revenue": 536851, 
        "long_term_average": 44737, 
        "date": "2014-12-31", 
        "operating_revenue": 19469, 
        "short_term_average": 16836
    }, 
    {
        "accumulated_operating_revenue_yoy": -94.72888061438212, 
        "accumulated_operating_revenue": 4077, 
        "long_term_average": 38631, 
        "date": "2015-01-31", 
        "operating_revenue": 4077, 
        "short_term_average": 9563
    }, 
    {
        "accumulated_operating_revenue_yoy": -90.9988130660293, 
        "accumulated_operating_revenue": 11072, 
        "long_term_average": 35409, 
        "date": "2015-02-28", 
        "operating_revenue": 6995, 
        "short_term_average": 10180
    }, 
    {
        "accumulated_operating_revenue_yoy": -86.45941542465364, 
        "accumulated_operating_revenue": 24766, 
        "long_term_average": 31559, 
        "date": "2015-03-31", 
        "operating_revenue": 13694, 
        "short_term_average": 8255
    }, 
    {
        "accumulated_operating_revenue_yoy": -80.72836281609878, 
        "accumulated_operating_revenue": 38958, 
        "long_term_average": 31138, 
        "date": "2015-04-30", 
        "operating_revenue": 14192, 
        "short_term_average": 11627
    }, 
    {
        "accumulated_operating_revenue_yoy": -77.83212119287325, 
        "accumulated_operating_revenue": 48860, 
        "long_term_average": 30441, 
        "date": "2015-05-31", 
        "operating_revenue": 9902, 
        "short_term_average": 12596
    }, 
    {
        "accumulated_operating_revenue_yoy": -79.52588584954351, 
        "accumulated_operating_revenue": 57521, 
        "long_term_average": 26118, 
        "date": "2015-06-30", 
        "operating_revenue": 8661, 
        "short_term_average": 10918
    }, 
    {
        "accumulated_operating_revenue_yoy": -79.81725736589628, 
        "accumulated_operating_revenue": 70220, 
        "long_term_average": 21595, 
        "date": "2015-07-31", 
        "operating_revenue": 12699, 
        "short_term_average": 10420
    }, 
    {
        "accumulated_operating_revenue_yoy": -82.08067971248123, 
        "accumulated_operating_revenue": 74365, 
        "long_term_average": 16351, 
        "date": "2015-08-31", 
        "operating_revenue": 4145, 
        "short_term_average": 8501
    }, 
    {
        "accumulated_operating_revenue_yoy": -80.54430944543026, 
        "accumulated_operating_revenue": 94621, 
        "long_term_average": 12094, 
        "date": "2015-09-30", 
        "operating_revenue": 20256, 
        "short_term_average": 12366
    }
]