[
    {
        "date": "2012-01-31", 
        "operating_revenue": 13745, 
        "accumulated_operating_revenue": 13745, 
        "long_term_average": 13745, 
        "short_term_average": 13745
    }, 
    {
        "date": "2012-02-29", 
        "operating_revenue": 18595, 
        "accumulated_operating_revenue": 32340, 
        "long_term_average": 16170, 
        "short_term_average": 16170
    }, 
    {
        "date": "2012-03-31", 
        "operating_revenue": 32757, 
        "accumulated_operating_revenue": 65097, 
        "long_term_average": 21699, 
        "short_term_average": 21699
    }, 
    {
        "date": "2012-04-30", 
        "operating_revenue": 12743, 
        "accumulated_operating_revenue": 77840, 
        "long_term_average": 19460, 
        "short_term_average": 21365
    }, 
    {
        "date": "2012-05-31", 
        "operating_revenue": 25514, 
        "accumulated_operating_revenue": 103354, 
        "long_term_average": 20670, 
        "short_term_average": 23671
    }, 
    {
        "date": "2012-06-30", 
        "operating_revenue": 26195, 
        "accumulated_operating_revenue": 129549, 
        "long_term_average": 21591, 
        "short_term_average": 21484
    }, 
    {
        "date": "2012-07-31", 
        "operating_revenue": 23463, 
        "accumulated_operating_revenue": 153012, 
        "long_term_average": 21858, 
        "short_term_average": 25057
    }, 
    {
        "date": "2012-08-31", 
        "operating_revenue": 12383, 
        "accumulated_operating_revenue": 165395, 
        "long_term_average": 20674, 
        "short_term_average": 20680
    }, 
    {
        "date": "2012-09-30", 
        "operating_revenue": 29544, 
        "accumulated_operating_revenue": 194939, 
        "long_term_average": 21659, 
        "short_term_average": 21796
    }, 
    {
        "date": "2012-10-31", 
        "operating_revenue": 16909, 
        "accumulated_operating_revenue": 211848, 
        "long_term_average": 21184, 
        "short_term_average": 19612
    }, 
    {
        "date": "2012-11-30", 
        "operating_revenue": 14552, 
        "accumulated_operating_revenue": 226400, 
        "long_term_average": 20581, 
        "short_term_average": 20335
    }, 
    {
        "date": "2012-12-31", 
        "operating_revenue": 14868, 
        "accumulated_operating_revenue": 241268, 
        "long_term_average": 20105, 
        "short_term_average": 15443
    }, 
    {
        "accumulated_operating_revenue_yoy": 52.48453983266642, 
        "accumulated_operating_revenue": 20959, 
        "long_term_average": 20706, 
        "date": "2013-01-31", 
        "operating_revenue": 20959, 
        "short_term_average": 16793
    }, 
    {
        "accumulated_operating_revenue_yoy": 47.73654916512059, 
        "accumulated_operating_revenue": 47778, 
        "long_term_average": 21392, 
        "date": "2013-02-28", 
        "operating_revenue": 26819, 
        "short_term_average": 20882
    }, 
    {
        "accumulated_operating_revenue_yoy": -2.1368112201791174, 
        "accumulated_operating_revenue": 63706, 
        "long_term_average": 19989, 
        "date": "2013-03-31", 
        "operating_revenue": 15928, 
        "short_term_average": 21235
    }, 
    {
        "accumulated_operating_revenue_yoy": 15.876156217882837, 
        "accumulated_operating_revenue": 90198, 
        "long_term_average": 21135, 
        "date": "2013-04-30", 
        "operating_revenue": 26492, 
        "short_term_average": 23079
    }, 
    {
        "accumulated_operating_revenue_yoy": 3.756990537376396, 
        "accumulated_operating_revenue": 107237, 
        "long_term_average": 20429, 
        "date": "2013-05-31", 
        "operating_revenue": 17039, 
        "short_term_average": 19819
    }, 
    {
        "accumulated_operating_revenue_yoy": -8.873862399555382, 
        "accumulated_operating_revenue": 118053, 
        "long_term_average": 19147, 
        "date": "2013-06-30", 
        "operating_revenue": 10816, 
        "short_term_average": 18115
    }, 
    {
        "accumulated_operating_revenue_yoy": -8.76532559537814, 
        "accumulated_operating_revenue": 139600, 
        "long_term_average": 18988, 
        "date": "2013-07-31", 
        "operating_revenue": 21547, 
        "short_term_average": 16467
    }, 
    {
        "accumulated_operating_revenue_yoy": -2.049034130415067, 
        "accumulated_operating_revenue": 162006, 
        "long_term_average": 19823, 
        "date": "2013-08-31", 
        "operating_revenue": 22406, 
        "short_term_average": 18256
    }, 
    {
        "accumulated_operating_revenue_yoy": -9.460395303146113, 
        "accumulated_operating_revenue": 176497, 
        "long_term_average": 18568, 
        "date": "2013-09-30", 
        "operating_revenue": 14491, 
        "short_term_average": 19481
    }, 
    {
        "accumulated_operating_revenue_yoy": -3.79422982515766, 
        "accumulated_operating_revenue": 203810, 
        "long_term_average": 19435, 
        "date": "2013-10-31", 
        "operating_revenue": 27313, 
        "short_term_average": 21403
    }, 
    {
        "accumulated_operating_revenue_yoy": -2.9253533568904597, 
        "accumulated_operating_revenue": 219777, 
        "long_term_average": 19553, 
        "date": "2013-11-30", 
        "operating_revenue": 15967, 
        "short_term_average": 19257
    }, 
    {
        "accumulated_operating_revenue_yoy": -1.6235058109653995, 
        "accumulated_operating_revenue": 237351, 
        "long_term_average": 19779, 
        "date": "2013-12-31", 
        "operating_revenue": 17574, 
        "short_term_average": 20284
    }, 
    {
        "accumulated_operating_revenue_yoy": 7.018464621403693, 
        "accumulated_operating_revenue": 22430, 
        "long_term_average": 19901, 
        "date": "2014-01-31", 
        "operating_revenue": 22430, 
        "short_term_average": 18657
    }, 
    {
        "accumulated_operating_revenue_yoy": -33.61589015865042, 
        "accumulated_operating_revenue": 31717, 
        "long_term_average": 18440, 
        "date": "2014-02-28", 
        "operating_revenue": 9287, 
        "short_term_average": 16430
    }, 
    {
        "accumulated_operating_revenue_yoy": -27.38046651806737, 
        "accumulated_operating_revenue": 46263, 
        "long_term_average": 18325, 
        "date": "2014-03-31", 
        "operating_revenue": 14546, 
        "short_term_average": 15421
    }, 
    {
        "accumulated_operating_revenue_yoy": -20.14124481695825, 
        "accumulated_operating_revenue": 72031, 
        "long_term_average": 18265, 
        "date": "2014-04-30", 
        "operating_revenue": 25768, 
        "short_term_average": 16533
    }, 
    {
        "accumulated_operating_revenue_yoy": -18.97759168943555, 
        "accumulated_operating_revenue": 86886, 
        "long_term_average": 18083, 
        "date": "2014-05-31", 
        "operating_revenue": 14855, 
        "short_term_average": 18389
    }, 
    {
        "accumulated_operating_revenue_yoy": -19.49632792051028, 
        "accumulated_operating_revenue": 95037, 
        "long_term_average": 17861, 
        "date": "2014-06-30", 
        "operating_revenue": 8151, 
        "short_term_average": 16258
    }, 
    {
        "accumulated_operating_revenue_yoy": -23.98209169054441, 
        "accumulated_operating_revenue": 106121, 
        "long_term_average": 16989, 
        "date": "2014-07-31", 
        "operating_revenue": 11084, 
        "short_term_average": 11363
    }, 
    {
        "accumulated_operating_revenue_yoy": -22.552868412281025, 
        "accumulated_operating_revenue": 125469, 
        "long_term_average": 16734, 
        "date": "2014-08-31", 
        "operating_revenue": 19348, 
        "short_term_average": 12861
    }, 
    {
        "accumulated_operating_revenue_yoy": -18.100024363020335, 
        "accumulated_operating_revenue": 144551, 
        "long_term_average": 17117, 
        "date": "2014-09-30", 
        "operating_revenue": 19082, 
        "short_term_average": 16504
    }, 
    {
        "accumulated_operating_revenue_yoy": -8.387223394337864, 
        "accumulated_operating_revenue": 186716, 
        "long_term_average": 18354, 
        "date": "2014-10-31", 
        "operating_revenue": 42165, 
        "short_term_average": 26865
    }, 
    {
        "accumulated_operating_revenue_yoy": 0.30394445278623333, 
        "accumulated_operating_revenue": 220445, 
        "long_term_average": 19834, 
        "date": "2014-11-30", 
        "operating_revenue": 33729, 
        "short_term_average": 31658
    }, 
    {
        "accumulated_operating_revenue_yoy": 7.825962393248817, 
        "accumulated_operating_revenue": 255926, 
        "long_term_average": 21327, 
        "date": "2014-12-31", 
        "operating_revenue": 35481, 
        "short_term_average": 37125
    }, 
    {
        "accumulated_operating_revenue_yoy": 36.27284886312974, 
        "accumulated_operating_revenue": 30566, 
        "long_term_average": 22005, 
        "date": "2015-01-31", 
        "operating_revenue": 30566, 
        "short_term_average": 33258
    }, 
    {
        "accumulated_operating_revenue_yoy": 55.94476148437746, 
        "accumulated_operating_revenue": 49461, 
        "long_term_average": 22805, 
        "date": "2015-02-28", 
        "operating_revenue": 18895, 
        "short_term_average": 28314
    }, 
    {
        "accumulated_operating_revenue_yoy": 108.01504441994683, 
        "accumulated_operating_revenue": 96234, 
        "long_term_average": 25491, 
        "date": "2015-03-31", 
        "operating_revenue": 46773, 
        "short_term_average": 32078
    }, 
    {
        "accumulated_operating_revenue_yoy": 99.50854493204315, 
        "accumulated_operating_revenue": 143708, 
        "long_term_average": 27300, 
        "date": "2015-04-30", 
        "operating_revenue": 47474, 
        "short_term_average": 37714
    }, 
    {
        "accumulated_operating_revenue_yoy": 128.61795916488273, 
        "accumulated_operating_revenue": 198637, 
        "long_term_average": 30639, 
        "date": "2015-05-31", 
        "operating_revenue": 54929, 
        "short_term_average": 49725
    }, 
    {
        "accumulated_operating_revenue_yoy": 151.59148542146744, 
        "accumulated_operating_revenue": 239105, 
        "long_term_average": 33332, 
        "date": "2015-06-30", 
        "operating_revenue": 40468, 
        "short_term_average": 47623
    }, 
    {
        "accumulated_operating_revenue_yoy": 156.49023284741003, 
        "accumulated_operating_revenue": 272190, 
        "long_term_average": 35166, 
        "date": "2015-07-31", 
        "operating_revenue": 33085, 
        "short_term_average": 42827
    }, 
    {
        "accumulated_operating_revenue_yoy": 140.2537678629781, 
        "accumulated_operating_revenue": 301444, 
        "long_term_average": 35991, 
        "date": "2015-08-31", 
        "operating_revenue": 29254, 
        "short_term_average": 34269
    }, 
    {
        "accumulated_operating_revenue_yoy": 130.36921225034763, 
        "accumulated_operating_revenue": 333001, 
        "long_term_average": 37031, 
        "date": "2015-09-30", 
        "operating_revenue": 31557, 
        "short_term_average": 31298
    }, 
    {
        "accumulated_operating_revenue_yoy": 102.00197090768867, 
        "accumulated_operating_revenue": 377170, 
        "long_term_average": 37198, 
        "date": "2015-10-31", 
        "operating_revenue": 44169, 
        "short_term_average": 34993
    }
]