[
    {
        "date": "2012-01-31", 
        "operating_revenue": 54672, 
        "accumulated_operating_revenue": 54672, 
        "long_term_average": 54672, 
        "short_term_average": 54672
    }, 
    {
        "date": "2012-02-29", 
        "operating_revenue": 71567, 
        "accumulated_operating_revenue": 126239, 
        "long_term_average": 63119, 
        "short_term_average": 63119
    }, 
    {
        "date": "2012-03-31", 
        "operating_revenue": 103598, 
        "accumulated_operating_revenue": 229837, 
        "long_term_average": 76612, 
        "short_term_average": 76612
    }, 
    {
        "date": "2012-04-30", 
        "operating_revenue": 76196, 
        "accumulated_operating_revenue": 306033, 
        "long_term_average": 76508, 
        "short_term_average": 83787
    }, 
    {
        "date": "2012-05-31", 
        "operating_revenue": 78421, 
        "accumulated_operating_revenue": 384454, 
        "long_term_average": 76890, 
        "short_term_average": 86071
    }, 
    {
        "date": "2012-06-30", 
        "operating_revenue": 70254, 
        "accumulated_operating_revenue": 454708, 
        "long_term_average": 75784, 
        "short_term_average": 74957
    }, 
    {
        "date": "2012-07-31", 
        "operating_revenue": 90726, 
        "accumulated_operating_revenue": 545434, 
        "long_term_average": 77919, 
        "short_term_average": 79800
    }, 
    {
        "date": "2012-08-31", 
        "operating_revenue": 77259, 
        "accumulated_operating_revenue": 622693, 
        "long_term_average": 77836, 
        "short_term_average": 79413
    }, 
    {
        "date": "2012-09-30", 
        "operating_revenue": 92078, 
        "accumulated_operating_revenue": 714771, 
        "long_term_average": 79419, 
        "short_term_average": 86687
    }, 
    {
        "date": "2012-10-31", 
        "operating_revenue": 56354, 
        "accumulated_operating_revenue": 771125, 
        "long_term_average": 77112, 
        "short_term_average": 75230
    }, 
    {
        "date": "2012-11-30", 
        "operating_revenue": 71241, 
        "accumulated_operating_revenue": 842366, 
        "long_term_average": 76578, 
        "short_term_average": 73224
    }, 
    {
        "date": "2012-12-31", 
        "operating_revenue": 71891, 
        "accumulated_operating_revenue": 914257, 
        "long_term_average": 76188, 
        "short_term_average": 66495
    }, 
    {
        "accumulated_operating_revenue_yoy": 19.97366110623354, 
        "accumulated_operating_revenue": 65592, 
        "long_term_average": 77098, 
        "date": "2013-01-31", 
        "operating_revenue": 65592, 
        "short_term_average": 69574
    }, 
    {
        "accumulated_operating_revenue_yoy": -13.753277513288287, 
        "accumulated_operating_revenue": 108877, 
        "long_term_average": 74741, 
        "date": "2013-02-28", 
        "operating_revenue": 43285, 
        "short_term_average": 60256
    }, 
    {
        "accumulated_operating_revenue_yoy": -24.754935019165757, 
        "accumulated_operating_revenue": 172941, 
        "long_term_average": 71446, 
        "date": "2013-03-31", 
        "operating_revenue": 64064, 
        "short_term_average": 57647
    }, 
    {
        "accumulated_operating_revenue_yoy": -24.042831982171858, 
        "accumulated_operating_revenue": 232454, 
        "long_term_average": 70056, 
        "date": "2013-04-30", 
        "operating_revenue": 59513, 
        "short_term_average": 55620
    }, 
    {
        "accumulated_operating_revenue_yoy": -22.840443850239563, 
        "accumulated_operating_revenue": 296643, 
        "long_term_average": 68870, 
        "date": "2013-05-31", 
        "operating_revenue": 64189, 
        "short_term_average": 62588
    }, 
    {
        "accumulated_operating_revenue_yoy": -21.370637859901297, 
        "accumulated_operating_revenue": 357534, 
        "long_term_average": 68090, 
        "date": "2013-06-30", 
        "operating_revenue": 60891, 
        "short_term_average": 61531
    }, 
    {
        "accumulated_operating_revenue_yoy": -23.40796503334959, 
        "accumulated_operating_revenue": 417759, 
        "long_term_average": 65548, 
        "date": "2013-07-31", 
        "operating_revenue": 60225, 
        "short_term_average": 61768
    }, 
    {
        "accumulated_operating_revenue_yoy": -21.682273608343117, 
        "accumulated_operating_revenue": 487679, 
        "long_term_average": 64936, 
        "date": "2013-08-31", 
        "operating_revenue": 69920, 
        "short_term_average": 63678
    }, 
    {
        "accumulated_operating_revenue_yoy": -20.696558757979826, 
        "accumulated_operating_revenue": 566838, 
        "long_term_average": 63860, 
        "date": "2013-09-30", 
        "operating_revenue": 79159, 
        "short_term_average": 69768
    }, 
    {
        "accumulated_operating_revenue_yoy": -19.57023828821527, 
        "accumulated_operating_revenue": 620214, 
        "long_term_average": 63612, 
        "date": "2013-10-31", 
        "operating_revenue": 53376, 
        "short_term_average": 67485
    }, 
    {
        "accumulated_operating_revenue_yoy": -18.279227794094254, 
        "accumulated_operating_revenue": 688388, 
        "long_term_average": 63356, 
        "date": "2013-11-30", 
        "operating_revenue": 68174, 
        "short_term_average": 66903
    }, 
    {
        "accumulated_operating_revenue_yoy": -16.598505671818756, 
        "accumulated_operating_revenue": 762504, 
        "long_term_average": 63542, 
        "date": "2013-12-31", 
        "operating_revenue": 74116, 
        "short_term_average": 65222
    }, 
    {
        "accumulated_operating_revenue_yoy": -10.989145017685084, 
        "accumulated_operating_revenue": 58384, 
        "long_term_average": 62941, 
        "date": "2014-01-31", 
        "operating_revenue": 58384, 
        "short_term_average": 66891
    }, 
    {
        "accumulated_operating_revenue_yoy": -10.273060425985287, 
        "accumulated_operating_revenue": 97692, 
        "long_term_average": 62609, 
        "date": "2014-02-28", 
        "operating_revenue": 39308, 
        "short_term_average": 57269
    }, 
    {
        "accumulated_operating_revenue_yoy": -3.78337120752164, 
        "accumulated_operating_revenue": 166398, 
        "long_term_average": 62996, 
        "date": "2014-03-31", 
        "operating_revenue": 68706, 
        "short_term_average": 55466
    }, 
    {
        "accumulated_operating_revenue_yoy": -2.911973981949117, 
        "accumulated_operating_revenue": 225685, 
        "long_term_average": 62977, 
        "date": "2014-04-30", 
        "operating_revenue": 59287, 
        "short_term_average": 55767
    }, 
    {
        "accumulated_operating_revenue_yoy": -3.3312769895126464, 
        "accumulated_operating_revenue": 286761, 
        "long_term_average": 62718, 
        "date": "2014-05-31", 
        "operating_revenue": 61076, 
        "short_term_average": 63023
    }, 
    {
        "accumulated_operating_revenue_yoy": -0.9252266917272203, 
        "accumulated_operating_revenue": 354226, 
        "long_term_average": 63266, 
        "date": "2014-06-30", 
        "operating_revenue": 67465, 
        "short_term_average": 62609
    }, 
    {
        "accumulated_operating_revenue_yoy": 0.5828719429144554, 
        "accumulated_operating_revenue": 420194, 
        "long_term_average": 63744, 
        "date": "2014-07-31", 
        "operating_revenue": 65968, 
        "short_term_average": 64836
    }, 
    {
        "accumulated_operating_revenue_yoy": -1.0802187504485532, 
        "accumulated_operating_revenue": 482411, 
        "long_term_average": 63103, 
        "date": "2014-08-31", 
        "operating_revenue": 62217, 
        "short_term_average": 65216
    }, 
    {
        "accumulated_operating_revenue_yoy": -4.585789943511197, 
        "accumulated_operating_revenue": 540844, 
        "long_term_average": 61375, 
        "date": "2014-09-30", 
        "operating_revenue": 58433, 
        "short_term_average": 62206
    }, 
    {
        "accumulated_operating_revenue_yoy": -5.1256501788092494, 
        "accumulated_operating_revenue": 588424, 
        "long_term_average": 60892, 
        "date": "2014-10-31", 
        "operating_revenue": 47580, 
        "short_term_average": 56076
    }, 
    {
        "accumulated_operating_revenue_yoy": -4.961881961916826, 
        "accumulated_operating_revenue": 654231, 
        "long_term_average": 60695, 
        "date": "2014-11-30", 
        "operating_revenue": 65807, 
        "short_term_average": 57273
    }, 
    {
        "accumulated_operating_revenue_yoy": -7.422387292394532, 
        "accumulated_operating_revenue": 705908, 
        "long_term_average": 58825, 
        "date": "2014-12-31", 
        "operating_revenue": 51677, 
        "short_term_average": 55021
    }, 
    {
        "accumulated_operating_revenue_yoy": -40.43744861605919, 
        "accumulated_operating_revenue": 34775, 
        "long_term_average": 56858, 
        "date": "2015-01-31", 
        "operating_revenue": 34775, 
        "short_term_average": 50753
    }, 
    {
        "accumulated_operating_revenue_yoy": -22.349834172706057, 
        "accumulated_operating_revenue": 75858, 
        "long_term_average": 57006, 
        "date": "2015-02-28", 
        "operating_revenue": 41083, 
        "short_term_average": 42511
    }, 
    {
        "accumulated_operating_revenue_yoy": -32.29245543816632, 
        "accumulated_operating_revenue": 112664, 
        "long_term_average": 54347, 
        "date": "2015-03-31", 
        "operating_revenue": 36806, 
        "short_term_average": 37554
    }, 
    {
        "accumulated_operating_revenue_yoy": -37.87668653211335, 
        "accumulated_operating_revenue": 140203, 
        "long_term_average": 51702, 
        "date": "2015-04-30", 
        "operating_revenue": 27539, 
        "short_term_average": 35142
    }, 
    {
        "accumulated_operating_revenue_yoy": -39.14758283030119, 
        "accumulated_operating_revenue": 174501, 
        "long_term_average": 49470, 
        "date": "2015-05-31", 
        "operating_revenue": 34298, 
        "short_term_average": 32881
    }, 
    {
        "accumulated_operating_revenue_yoy": -41.93424536877587, 
        "accumulated_operating_revenue": 205684, 
        "long_term_average": 46447, 
        "date": "2015-06-30", 
        "operating_revenue": 31183, 
        "short_term_average": 31006
    }, 
    {
        "accumulated_operating_revenue_yoy": -43.753123557214046, 
        "accumulated_operating_revenue": 236346, 
        "long_term_average": 43505, 
        "date": "2015-07-31", 
        "operating_revenue": 30662, 
        "short_term_average": 32047
    }, 
    {
        "accumulated_operating_revenue_yoy": -40.57079958790326, 
        "accumulated_operating_revenue": 286693, 
        "long_term_average": 42515, 
        "date": "2015-08-31", 
        "operating_revenue": 50347, 
        "short_term_average": 37397
    }, 
    {
        "accumulated_operating_revenue_yoy": -36.62719749132837, 
        "accumulated_operating_revenue": 342748, 
        "long_term_average": 42317, 
        "date": "2015-09-30", 
        "operating_revenue": 56055, 
        "short_term_average": 45688
    }, 
    {
        "accumulated_operating_revenue_yoy": -35.03545062743872, 
        "accumulated_operating_revenue": 382267, 
        "long_term_average": 41645, 
        "date": "2015-10-31", 
        "operating_revenue": 39519, 
        "short_term_average": 48640
    }
]