[
    {
        "date": "2011-09-30", 
        "operating_revenue": 2191880, 
        "accumulated_operating_revenue": 2191880, 
        "long_term_average": 2191880, 
        "short_term_average": 2191880
    }, 
    {
        "date": "2011-10-31", 
        "operating_revenue": 1783375, 
        "accumulated_operating_revenue": 3975255, 
        "long_term_average": 1987627, 
        "short_term_average": 1987627
    }, 
    {
        "date": "2011-11-30", 
        "operating_revenue": 1236428, 
        "accumulated_operating_revenue": 5211683, 
        "long_term_average": 1737227, 
        "short_term_average": 1737227
    }, 
    {
        "date": "2011-12-31", 
        "operating_revenue": 930839, 
        "accumulated_operating_revenue": 6142522, 
        "long_term_average": 1535630, 
        "short_term_average": 1316880
    }, 
    {
        "date": "2012-01-31", 
        "operating_revenue": 998505, 
        "accumulated_operating_revenue": 998505, 
        "long_term_average": 1428205, 
        "short_term_average": 1055257
    }, 
    {
        "date": "2012-02-29", 
        "operating_revenue": 1368813, 
        "accumulated_operating_revenue": 2367318, 
        "long_term_average": 1418306, 
        "short_term_average": 1099385
    }, 
    {
        "date": "2012-03-31", 
        "operating_revenue": 1522798, 
        "accumulated_operating_revenue": 3890116, 
        "long_term_average": 1433234, 
        "short_term_average": 1296705
    }, 
    {
        "date": "2012-04-30", 
        "operating_revenue": 1645624, 
        "accumulated_operating_revenue": 5535740, 
        "long_term_average": 1459782, 
        "short_term_average": 1512411
    }, 
    {
        "date": "2012-05-31", 
        "operating_revenue": 1579615, 
        "accumulated_operating_revenue": 7115355, 
        "long_term_average": 1473097, 
        "short_term_average": 1582679
    }, 
    {
        "date": "2012-06-30", 
        "operating_revenue": 1227587, 
        "accumulated_operating_revenue": 8342942, 
        "long_term_average": 1448546, 
        "short_term_average": 1484275
    }, 
    {
        "date": "2012-07-31", 
        "operating_revenue": 1086135, 
        "accumulated_operating_revenue": 9429077, 
        "long_term_average": 1415599, 
        "short_term_average": 1297779
    }, 
    {
        "date": "2012-08-31", 
        "operating_revenue": 1147488, 
        "accumulated_operating_revenue": 10576565, 
        "long_term_average": 1393257, 
        "short_term_average": 1153736
    }, 
    {
        "accumulated_operating_revenue_yoy": 429.5279851086739, 
        "accumulated_operating_revenue": 11606618, 
        "long_term_average": 1296438, 
        "date": "2012-09-30", 
        "operating_revenue": 1030053, 
        "short_term_average": 1087892
    }, 
    {
        "accumulated_operating_revenue_yoy": 216.8391210123627, 
        "accumulated_operating_revenue": 12595163, 
        "long_term_average": 1230202, 
        "date": "2012-10-31", 
        "operating_revenue": 988545, 
        "short_term_average": 1055362
    }, 
    {
        "accumulated_operating_revenue_yoy": 164.4355000102654, 
        "accumulated_operating_revenue": 13781540, 
        "long_term_average": 1226031, 
        "date": "2012-11-30", 
        "operating_revenue": 1186377, 
        "short_term_average": 1068325
    }, 
    {
        "accumulated_operating_revenue_yoy": 142.81147059790752, 
        "accumulated_operating_revenue": 14914748, 
        "long_term_average": 1242895, 
        "date": "2012-12-31", 
        "operating_revenue": 1133208, 
        "short_term_average": 1102710
    }, 
    {
        "accumulated_operating_revenue_yoy": 6.487198361550519, 
        "accumulated_operating_revenue": 1063280, 
        "long_term_average": 1248293, 
        "date": "2013-01-31", 
        "operating_revenue": 1063280, 
        "short_term_average": 1127621
    }, 
    {
        "accumulated_operating_revenue_yoy": -12.952928165966718, 
        "accumulated_operating_revenue": 2060681, 
        "long_term_average": 1217342, 
        "date": "2013-02-28", 
        "operating_revenue": 997401, 
        "short_term_average": 1064629
    }, 
    {
        "accumulated_operating_revenue_yoy": -5.73689833413708, 
        "accumulated_operating_revenue": 3666944, 
        "long_term_average": 1224298, 
        "date": "2013-03-31", 
        "operating_revenue": 1606263, 
        "short_term_average": 1222314
    }, 
    {
        "accumulated_operating_revenue_yoy": -4.412309826689837, 
        "accumulated_operating_revenue": 5291486, 
        "long_term_average": 1222541, 
        "date": "2013-04-30", 
        "operating_revenue": 1624542, 
        "short_term_average": 1409402
    }, 
    {
        "accumulated_operating_revenue_yoy": -0.47095331153540476, 
        "accumulated_operating_revenue": 7081845, 
        "long_term_average": 1240103, 
        "date": "2013-05-31", 
        "operating_revenue": 1790359, 
        "short_term_average": 1673721
    }, 
    {
        "accumulated_operating_revenue_yoy": 5.093526959674417, 
        "accumulated_operating_revenue": 8767892, 
        "long_term_average": 1278308, 
        "date": "2013-06-30", 
        "operating_revenue": 1686047, 
        "short_term_average": 1700316
    }, 
    {
        "accumulated_operating_revenue_yoy": 12.129745042913532, 
        "accumulated_operating_revenue": 10572800, 
        "long_term_average": 1338205, 
        "date": "2013-07-31", 
        "operating_revenue": 1804908, 
        "short_term_average": 1760438
    }, 
    {
        "accumulated_operating_revenue_yoy": 21.141230635844437, 
        "accumulated_operating_revenue": 12812581, 
        "long_term_average": 1429230, 
        "date": "2013-08-31", 
        "operating_revenue": 2239781, 
        "short_term_average": 1910245
    }, 
    {
        "accumulated_operating_revenue_yoy": 30.270170001287195, 
        "accumulated_operating_revenue": 15119961, 
        "long_term_average": 1535674, 
        "date": "2013-09-30", 
        "operating_revenue": 2307380, 
        "short_term_average": 2117356
    }, 
    {
        "accumulated_operating_revenue_yoy": 36.63770766603021, 
        "accumulated_operating_revenue": 17209742, 
        "long_term_average": 1627443, 
        "date": "2013-10-31", 
        "operating_revenue": 2089781, 
        "short_term_average": 2212314
    }, 
    {
        "accumulated_operating_revenue_yoy": 39.713544349905746, 
        "accumulated_operating_revenue": 19254678, 
        "long_term_average": 1698990, 
        "date": "2013-11-30", 
        "operating_revenue": 2044936, 
        "short_term_average": 2147365
    }, 
    {
        "accumulated_operating_revenue_yoy": 43.14483892051009, 
        "accumulated_operating_revenue": 21349692, 
        "long_term_average": 1779141, 
        "date": "2013-12-31", 
        "operating_revenue": 2095014, 
        "short_term_average": 2076577
    }, 
    {
        "accumulated_operating_revenue_yoy": 95.4709954104281, 
        "accumulated_operating_revenue": 2078404, 
        "long_term_average": 1863734, 
        "date": "2014-01-31", 
        "operating_revenue": 2078404, 
        "short_term_average": 2072784
    }, 
    {
        "accumulated_operating_revenue_yoy": 93.22515226762414, 
        "accumulated_operating_revenue": 3981754, 
        "long_term_average": 1939230, 
        "date": "2014-02-28", 
        "operating_revenue": 1903350, 
        "short_term_average": 2025589
    }, 
    {
        "accumulated_operating_revenue_yoy": 63.174785325328116, 
        "accumulated_operating_revenue": 5983528, 
        "long_term_average": 1972189, 
        "date": "2014-03-31", 
        "operating_revenue": 2001774, 
        "short_term_average": 1994509
    }, 
    {
        "accumulated_operating_revenue_yoy": 49.804421669073676, 
        "accumulated_operating_revenue": 7926880, 
        "long_term_average": 1998757, 
        "date": "2014-04-30", 
        "operating_revenue": 1943352, 
        "short_term_average": 1949492
    }, 
    {
        "accumulated_operating_revenue_yoy": 37.64144795600581, 
        "accumulated_operating_revenue": 9747554, 
        "long_term_average": 2001283, 
        "date": "2014-05-31", 
        "operating_revenue": 1820674, 
        "short_term_average": 1921933
    }, 
    {
        "accumulated_operating_revenue_yoy": 28.321163171261688, 
        "accumulated_operating_revenue": 11251061, 
        "long_term_average": 1986071, 
        "date": "2014-06-30", 
        "operating_revenue": 1503507, 
        "short_term_average": 1755844
    }, 
    {
        "accumulated_operating_revenue_yoy": 17.72462356234867, 
        "accumulated_operating_revenue": 12446789, 
        "long_term_average": 1935306, 
        "date": "2014-07-31", 
        "operating_revenue": 1195728, 
        "short_term_average": 1506636
    }, 
    {
        "accumulated_operating_revenue_yoy": 5.8587649123935295, 
        "accumulated_operating_revenue": 13563240, 
        "long_term_average": 1841695, 
        "date": "2014-08-31", 
        "operating_revenue": 1116451, 
        "short_term_average": 1271895
    }, 
    {
        "accumulated_operating_revenue_yoy": -0.02771832546393473, 
        "accumulated_operating_revenue": 15115770, 
        "long_term_average": 1778791, 
        "date": "2014-09-30", 
        "operating_revenue": 1552530, 
        "short_term_average": 1288236
    }, 
    {
        "accumulated_operating_revenue_yoy": -3.1618254358490674, 
        "accumulated_operating_revenue": 16665600, 
        "long_term_average": 1733795, 
        "date": "2014-10-31", 
        "operating_revenue": 1549830, 
        "short_term_average": 1406270
    }, 
    {
        "accumulated_operating_revenue_yoy": -4.070205692351749, 
        "accumulated_operating_revenue": 18470973, 
        "long_term_average": 1713832, 
        "date": "2014-11-30", 
        "operating_revenue": 1805373, 
        "short_term_average": 1635911
    }, 
    {
        "accumulated_operating_revenue_yoy": -6.420931037318946, 
        "accumulated_operating_revenue": 19978843, 
        "long_term_average": 1664903, 
        "date": "2014-12-31", 
        "operating_revenue": 1507870, 
        "short_term_average": 1621024
    }, 
    {
        "accumulated_operating_revenue_yoy": -17.72605326009765, 
        "accumulated_operating_revenue": 1709985, 
        "long_term_average": 1634202, 
        "date": "2015-01-31", 
        "operating_revenue": 1709985, 
        "short_term_average": 1674409
    }, 
    {
        "accumulated_operating_revenue_yoy": -22.357332974362553, 
        "accumulated_operating_revenue": 3091540, 
        "long_term_average": 1590719, 
        "date": "2015-02-28", 
        "operating_revenue": 1381555, 
        "short_term_average": 1533136
    }, 
    {
        "accumulated_operating_revenue_yoy": -30.020399336311286, 
        "accumulated_operating_revenue": 4187249, 
        "long_term_average": 1515213, 
        "date": "2015-03-31", 
        "operating_revenue": 1095709, 
        "short_term_average": 1395749
    }, 
    {
        "accumulated_operating_revenue_yoy": -30.191020931312195, 
        "accumulated_operating_revenue": 5533674, 
        "long_term_average": 1465469, 
        "date": "2015-04-30", 
        "operating_revenue": 1346425, 
        "short_term_average": 1274563
    }, 
    {
        "accumulated_operating_revenue_yoy": -26.234263488050434, 
        "accumulated_operating_revenue": 7190355, 
        "long_term_average": 1451803, 
        "date": "2015-05-31", 
        "operating_revenue": 1656681, 
        "short_term_average": 1366271
    }, 
    {
        "accumulated_operating_revenue_yoy": -17.110990687900458, 
        "accumulated_operating_revenue": 9325893, 
        "long_term_average": 1504472, 
        "date": "2015-06-30", 
        "operating_revenue": 2135538, 
        "short_term_average": 1712881
    }, 
    {
        "accumulated_operating_revenue_yoy": -6.706340084980954, 
        "accumulated_operating_revenue": 11612065, 
        "long_term_average": 1595343, 
        "date": "2015-07-31", 
        "operating_revenue": 2286172, 
        "short_term_average": 2026130
    }, 
    {
        "accumulated_operating_revenue_yoy": 2.364847927191438, 
        "accumulated_operating_revenue": 13883990, 
        "long_term_average": 1691632, 
        "date": "2015-08-31", 
        "operating_revenue": 2271925, 
        "short_term_average": 2231211
    }
]