[
    {
        "date": "2012-01-31", 
        "operating_revenue": 231849, 
        "accumulated_operating_revenue": 231849, 
        "long_term_average": 231849, 
        "short_term_average": 231849
    }, 
    {
        "date": "2012-02-29", 
        "operating_revenue": 246231, 
        "accumulated_operating_revenue": 478080, 
        "long_term_average": 239040, 
        "short_term_average": 239040
    }, 
    {
        "date": "2012-03-31", 
        "operating_revenue": 292369, 
        "accumulated_operating_revenue": 770449, 
        "long_term_average": 256816, 
        "short_term_average": 256816
    }, 
    {
        "date": "2012-04-30", 
        "operating_revenue": 229739, 
        "accumulated_operating_revenue": 1000188, 
        "long_term_average": 250047, 
        "short_term_average": 256113
    }, 
    {
        "date": "2012-05-31", 
        "operating_revenue": 231361, 
        "accumulated_operating_revenue": 1231549, 
        "long_term_average": 246309, 
        "short_term_average": 251156
    }, 
    {
        "date": "2012-06-30", 
        "operating_revenue": 273080, 
        "accumulated_operating_revenue": 1504629, 
        "long_term_average": 250771, 
        "short_term_average": 244726
    }, 
    {
        "date": "2012-07-31", 
        "operating_revenue": 233411, 
        "accumulated_operating_revenue": 1738040, 
        "long_term_average": 248291, 
        "short_term_average": 245950
    }, 
    {
        "date": "2012-08-31", 
        "operating_revenue": 287137, 
        "accumulated_operating_revenue": 2025177, 
        "long_term_average": 253147, 
        "short_term_average": 264542
    }, 
    {
        "date": "2012-09-30", 
        "operating_revenue": 279521, 
        "accumulated_operating_revenue": 2304698, 
        "long_term_average": 256077, 
        "short_term_average": 266689
    }, 
    {
        "date": "2012-10-31", 
        "operating_revenue": 278067, 
        "accumulated_operating_revenue": 2582765, 
        "long_term_average": 258276, 
        "short_term_average": 281575
    }, 
    {
        "date": "2012-11-30", 
        "operating_revenue": 315702, 
        "accumulated_operating_revenue": 2898467, 
        "long_term_average": 263497, 
        "short_term_average": 291096
    }, 
    {
        "date": "2012-12-31", 
        "operating_revenue": 355550, 
        "accumulated_operating_revenue": 3254017, 
        "long_term_average": 271168, 
        "short_term_average": 316439
    }, 
    {
        "accumulated_operating_revenue_yoy": 26.939947983385736, 
        "accumulated_operating_revenue": 294309, 
        "long_term_average": 276373, 
        "date": "2013-01-31", 
        "operating_revenue": 294309, 
        "short_term_average": 321853
    }, 
    {
        "accumulated_operating_revenue_yoy": 1.5076974564926373, 
        "accumulated_operating_revenue": 485288, 
        "long_term_average": 271768, 
        "date": "2013-02-28", 
        "operating_revenue": 190979, 
        "short_term_average": 280279
    }, 
    {
        "accumulated_operating_revenue_yoy": 6.228186421164801, 
        "accumulated_operating_revenue": 818434, 
        "long_term_average": 275166, 
        "date": "2013-03-31", 
        "operating_revenue": 333146, 
        "short_term_average": 272811
    }, 
    {
        "accumulated_operating_revenue_yoy": 6.845613024751347, 
        "accumulated_operating_revenue": 1068657, 
        "long_term_average": 276873, 
        "date": "2013-04-30", 
        "operating_revenue": 250223, 
        "short_term_average": 258116
    }, 
    {
        "accumulated_operating_revenue_yoy": 8.937200225082396, 
        "accumulated_operating_revenue": 1341615, 
        "long_term_average": 280340, 
        "date": "2013-05-31", 
        "operating_revenue": 272958, 
        "short_term_average": 285442
    }, 
    {
        "accumulated_operating_revenue_yoy": 15.288885167041178, 
        "accumulated_operating_revenue": 1734670, 
        "long_term_average": 290338, 
        "date": "2013-06-30", 
        "operating_revenue": 393055, 
        "short_term_average": 305412
    }, 
    {
        "accumulated_operating_revenue_yoy": 17.355124162850107, 
        "accumulated_operating_revenue": 2039679, 
        "long_term_average": 296304, 
        "date": "2013-07-31", 
        "operating_revenue": 305009, 
        "short_term_average": 323674
    }, 
    {
        "accumulated_operating_revenue_yoy": 16.231618273365736, 
        "accumulated_operating_revenue": 2353896, 
        "long_term_average": 298561, 
        "date": "2013-08-31", 
        "operating_revenue": 314217, 
        "short_term_average": 337427
    }, 
    {
        "accumulated_operating_revenue_yoy": 19.806673151970454, 
        "accumulated_operating_revenue": 2761182, 
        "long_term_average": 309208, 
        "date": "2013-09-30", 
        "operating_revenue": 407286, 
        "short_term_average": 342170
    }, 
    {
        "accumulated_operating_revenue_yoy": 19.811287515511477, 
        "accumulated_operating_revenue": 3094444, 
        "long_term_average": 313808, 
        "date": "2013-10-31", 
        "operating_revenue": 333262, 
        "short_term_average": 351588
    }, 
    {
        "accumulated_operating_revenue_yoy": 19.38828353056978, 
        "accumulated_operating_revenue": 3460430, 
        "long_term_average": 317998, 
        "date": "2013-11-30", 
        "operating_revenue": 365986, 
        "short_term_average": 368844
    }, 
    {
        "accumulated_operating_revenue_yoy": 20.13216280062458, 
        "accumulated_operating_revenue": 3909121, 
        "long_term_average": 325760, 
        "date": "2013-12-31", 
        "operating_revenue": 448691, 
        "short_term_average": 382646
    }, 
    {
        "accumulated_operating_revenue_yoy": 11.774699380582993, 
        "accumulated_operating_revenue": 328963, 
        "long_term_average": 328647, 
        "date": "2014-01-31", 
        "operating_revenue": 328963, 
        "short_term_average": 381213
    }, 
    {
        "accumulated_operating_revenue_yoy": 31.826667875570795, 
        "accumulated_operating_revenue": 639739, 
        "long_term_average": 338631, 
        "date": "2014-02-28", 
        "operating_revenue": 310776, 
        "short_term_average": 362810
    }, 
    {
        "accumulated_operating_revenue_yoy": 23.337251384962013, 
        "accumulated_operating_revenue": 1009434, 
        "long_term_average": 341676, 
        "date": "2014-03-31", 
        "operating_revenue": 369695, 
        "short_term_average": 336478
    }, 
    {
        "accumulated_operating_revenue_yoy": 23.21558741485809, 
        "accumulated_operating_revenue": 1316752, 
        "long_term_average": 346434, 
        "date": "2014-04-30", 
        "operating_revenue": 307318, 
        "short_term_average": 329263
    }, 
    {
        "accumulated_operating_revenue_yoy": 20.371119881635195, 
        "accumulated_operating_revenue": 1614917, 
        "long_term_average": 348535, 
        "date": "2014-05-31", 
        "operating_revenue": 298165, 
        "short_term_average": 325059
    }, 
    {
        "accumulated_operating_revenue_yoy": 18.974041172096136, 
        "accumulated_operating_revenue": 2063807, 
        "long_term_average": 353188, 
        "date": "2014-06-30", 
        "operating_revenue": 448890, 
        "short_term_average": 351457
    }, 
    {
        "accumulated_operating_revenue_yoy": 15.264215594708775, 
        "accumulated_operating_revenue": 2351020, 
        "long_term_average": 351705, 
        "date": "2014-07-31", 
        "operating_revenue": 287213, 
        "short_term_average": 344756
    }, 
    {
        "accumulated_operating_revenue_yoy": 13.1752209953201, 
        "accumulated_operating_revenue": 2664027, 
        "long_term_average": 351604, 
        "date": "2014-08-31", 
        "operating_revenue": 313007, 
        "short_term_average": 349703
    }, 
    {
        "accumulated_operating_revenue_yoy": 14.756289154427343, 
        "accumulated_operating_revenue": 3168630, 
        "long_term_average": 359714, 
        "date": "2014-09-30", 
        "operating_revenue": 504603, 
        "short_term_average": 368274
    }, 
    {
        "accumulated_operating_revenue_yoy": 14.015312605430893, 
        "accumulated_operating_revenue": 3528140, 
        "long_term_average": 361901, 
        "date": "2014-10-31", 
        "operating_revenue": 359510, 
        "short_term_average": 392373
    }, 
    {
        "accumulated_operating_revenue_yoy": 14.113448328675915, 
        "accumulated_operating_revenue": 3948816, 
        "long_term_average": 366458, 
        "date": "2014-11-30", 
        "operating_revenue": 420676, 
        "short_term_average": 428263
    }, 
    {
        "accumulated_operating_revenue_yoy": 16.133933945764277, 
        "accumulated_operating_revenue": 4539816, 
        "long_term_average": 378318, 
        "date": "2014-12-31", 
        "operating_revenue": 591000, 
        "short_term_average": 457062
    }, 
    {
        "accumulated_operating_revenue_yoy": 31.78199371965844, 
        "accumulated_operating_revenue": 433514, 
        "long_term_average": 387030, 
        "date": "2015-01-31", 
        "operating_revenue": 433514, 
        "short_term_average": 481730
    }, 
    {
        "accumulated_operating_revenue_yoy": 12.238897425356278, 
        "accumulated_operating_revenue": 718036, 
        "long_term_average": 384842, 
        "date": "2015-02-28", 
        "operating_revenue": 284522, 
        "short_term_average": 436345
    }, 
    {
        "accumulated_operating_revenue_yoy": 16.06850967968188, 
        "accumulated_operating_revenue": 1171635, 
        "long_term_average": 391834, 
        "date": "2015-03-31", 
        "operating_revenue": 453599, 
        "short_term_average": 390545
    }, 
    {
        "accumulated_operating_revenue_yoy": 14.317198682819543, 
        "accumulated_operating_revenue": 1505274, 
        "long_term_average": 394028, 
        "date": "2015-04-30", 
        "operating_revenue": 333639, 
        "short_term_average": 357253
    }, 
    {
        "accumulated_operating_revenue_yoy": 18.44831653886856, 
        "accumulated_operating_revenue": 1912842, 
        "long_term_average": 403145, 
        "date": "2015-05-31", 
        "operating_revenue": 407568, 
        "short_term_average": 398268
    }, 
    {
        "accumulated_operating_revenue_yoy": 19.960684308174166, 
        "accumulated_operating_revenue": 2475757, 
        "long_term_average": 412647, 
        "date": "2015-06-30", 
        "operating_revenue": 562915, 
        "short_term_average": 434707
    }, 
    {
        "accumulated_operating_revenue_yoy": 26.184039268062374, 
        "accumulated_operating_revenue": 2966612, 
        "long_term_average": 429617, 
        "date": "2015-07-31", 
        "operating_revenue": 490855, 
        "short_term_average": 487112
    }, 
    {
        "accumulated_operating_revenue_yoy": 25.008079873064347, 
        "accumulated_operating_revenue": 3330249, 
        "long_term_average": 433836, 
        "date": "2015-08-31", 
        "operating_revenue": 363637, 
        "short_term_average": 472469
    }, 
    {
        "accumulated_operating_revenue_yoy": 21.11521383058293, 
        "accumulated_operating_revenue": 3837693, 
        "long_term_average": 434073, 
        "date": "2015-09-30", 
        "operating_revenue": 507444, 
        "short_term_average": 453978
    }
]