[
    {
        "date": "2011-09-30", 
        "operating_revenue": 283537, 
        "accumulated_operating_revenue": 283537, 
        "long_term_average": 283537, 
        "short_term_average": 283537
    }, 
    {
        "date": "2011-10-31", 
        "operating_revenue": 187058, 
        "accumulated_operating_revenue": 470595, 
        "long_term_average": 235297, 
        "short_term_average": 235297
    }, 
    {
        "date": "2011-11-30", 
        "operating_revenue": 220941, 
        "accumulated_operating_revenue": 691536, 
        "long_term_average": 230512, 
        "short_term_average": 230512
    }, 
    {
        "date": "2011-12-31", 
        "operating_revenue": 230958, 
        "accumulated_operating_revenue": 922494, 
        "long_term_average": 230623, 
        "short_term_average": 212985
    }, 
    {
        "date": "2012-01-31", 
        "operating_revenue": 189881, 
        "accumulated_operating_revenue": 189881, 
        "long_term_average": 222475, 
        "short_term_average": 213926
    }, 
    {
        "date": "2012-02-29", 
        "operating_revenue": 171790, 
        "accumulated_operating_revenue": 361671, 
        "long_term_average": 214027, 
        "short_term_average": 197543
    }, 
    {
        "date": "2012-03-31", 
        "operating_revenue": 242803, 
        "accumulated_operating_revenue": 604474, 
        "long_term_average": 218138, 
        "short_term_average": 201491
    }, 
    {
        "date": "2012-04-30", 
        "operating_revenue": 267433, 
        "accumulated_operating_revenue": 871907, 
        "long_term_average": 224300, 
        "short_term_average": 227342
    }, 
    {
        "date": "2012-05-31", 
        "operating_revenue": 371975, 
        "accumulated_operating_revenue": 1243882, 
        "long_term_average": 240708, 
        "short_term_average": 294070
    }, 
    {
        "date": "2012-06-30", 
        "operating_revenue": 355921, 
        "accumulated_operating_revenue": 1599803, 
        "long_term_average": 252229, 
        "short_term_average": 331776
    }, 
    {
        "date": "2012-07-31", 
        "operating_revenue": 324503, 
        "accumulated_operating_revenue": 1924306, 
        "long_term_average": 258800, 
        "short_term_average": 350799
    }, 
    {
        "date": "2012-08-31", 
        "operating_revenue": 321816, 
        "accumulated_operating_revenue": 2246122, 
        "long_term_average": 264051, 
        "short_term_average": 334080
    }, 
    {
        "accumulated_operating_revenue_yoy": 783.8260967704391, 
        "accumulated_operating_revenue": 2505974, 
        "long_term_average": 262077, 
        "date": "2012-09-30", 
        "operating_revenue": 259852, 
        "short_term_average": 302057
    }, 
    {
        "accumulated_operating_revenue_yoy": 472.400684240164, 
        "accumulated_operating_revenue": 2693689, 
        "long_term_average": 262132, 
        "date": "2012-10-31", 
        "operating_revenue": 187715, 
        "short_term_average": 256461
    }, 
    {
        "accumulated_operating_revenue_yoy": 316.1588116887624, 
        "accumulated_operating_revenue": 2877888, 
        "long_term_average": 259070, 
        "date": "2012-11-30", 
        "operating_revenue": 184199, 
        "short_term_average": 210588
    }, 
    {
        "accumulated_operating_revenue_yoy": 240.57381403022674, 
        "accumulated_operating_revenue": 3141773, 
        "long_term_average": 261814, 
        "date": "2012-12-31", 
        "operating_revenue": 263885, 
        "short_term_average": 211933
    }, 
    {
        "accumulated_operating_revenue_yoy": 23.413085037470836, 
        "accumulated_operating_revenue": 234338, 
        "long_term_average": 265519, 
        "date": "2013-01-31", 
        "operating_revenue": 234338, 
        "short_term_average": 227474
    }, 
    {
        "accumulated_operating_revenue_yoy": 0.7993452613010167, 
        "accumulated_operating_revenue": 364562, 
        "long_term_average": 262055, 
        "date": "2013-02-28", 
        "operating_revenue": 130224, 
        "short_term_average": 209482
    }, 
    {
        "accumulated_operating_revenue_yoy": 0.7060684165075752, 
        "accumulated_operating_revenue": 608742, 
        "long_term_average": 262170, 
        "date": "2013-03-31", 
        "operating_revenue": 244180, 
        "short_term_average": 202914
    }, 
    {
        "accumulated_operating_revenue_yoy": -1.5620932048945588, 
        "accumulated_operating_revenue": 858287, 
        "long_term_average": 260679, 
        "date": "2013-04-30", 
        "operating_revenue": 249545, 
        "short_term_average": 207983
    }, 
    {
        "accumulated_operating_revenue_yoy": -9.08775912827744, 
        "accumulated_operating_revenue": 1130841, 
        "long_term_average": 252394, 
        "date": "2013-05-31", 
        "operating_revenue": 272554, 
        "short_term_average": 255426
    }, 
    {
        "accumulated_operating_revenue_yoy": -14.322513459469697, 
        "accumulated_operating_revenue": 1370671, 
        "long_term_average": 242720, 
        "date": "2013-06-30", 
        "operating_revenue": 239830, 
        "short_term_average": 253976
    }, 
    {
        "accumulated_operating_revenue_yoy": -14.260361917491293, 
        "accumulated_operating_revenue": 1649893, 
        "long_term_average": 238946, 
        "date": "2013-07-31", 
        "operating_revenue": 279222, 
        "short_term_average": 263868
    }, 
    {
        "accumulated_operating_revenue_yoy": -15.929989555331368, 
        "accumulated_operating_revenue": 1888315, 
        "long_term_average": 231997, 
        "date": "2013-08-31", 
        "operating_revenue": 238422, 
        "short_term_average": 252491
    }, 
    {
        "accumulated_operating_revenue_yoy": -14.77317801381818, 
        "accumulated_operating_revenue": 2135762, 
        "long_term_average": 230963, 
        "date": "2013-09-30", 
        "operating_revenue": 247447, 
        "short_term_average": 255030
    }, 
    {
        "accumulated_operating_revenue_yoy": -10.103542019884255, 
        "accumulated_operating_revenue": 2421531, 
        "long_term_average": 239134, 
        "date": "2013-10-31", 
        "operating_revenue": 285769, 
        "short_term_average": 257212
    }, 
    {
        "accumulated_operating_revenue_yoy": -9.223326272599905, 
        "accumulated_operating_revenue": 2612451, 
        "long_term_average": 239694, 
        "date": "2013-11-30", 
        "operating_revenue": 190920, 
        "short_term_average": 241378
    }, 
    {
        "accumulated_operating_revenue_yoy": -7.759026511463432, 
        "accumulated_operating_revenue": 2898002, 
        "long_term_average": 241500, 
        "date": "2013-12-31", 
        "operating_revenue": 285551, 
        "short_term_average": 254080
    }, 
    {
        "accumulated_operating_revenue_yoy": -25.41201170958189, 
        "accumulated_operating_revenue": 174788, 
        "long_term_average": 236537, 
        "date": "2014-01-31", 
        "operating_revenue": 174788, 
        "short_term_average": 217086
    }, 
    {
        "accumulated_operating_revenue_yoy": -12.804132081785813, 
        "accumulated_operating_revenue": 317883, 
        "long_term_average": 237610, 
        "date": "2014-02-28", 
        "operating_revenue": 143095, 
        "short_term_average": 201144
    }, 
    {
        "accumulated_operating_revenue_yoy": -20.862204349297404, 
        "accumulated_operating_revenue": 481745, 
        "long_term_average": 230917, 
        "date": "2014-03-31", 
        "operating_revenue": 163862, 
        "short_term_average": 160581
    }, 
    {
        "accumulated_operating_revenue_yoy": -18.9169823147735, 
        "accumulated_operating_revenue": 695925, 
        "long_term_average": 227970, 
        "date": "2014-04-30", 
        "operating_revenue": 214180, 
        "short_term_average": 173712
    }, 
    {
        "accumulated_operating_revenue_yoy": -23.808209995923388, 
        "accumulated_operating_revenue": 861608, 
        "long_term_average": 219064, 
        "date": "2014-05-31", 
        "operating_revenue": 165683, 
        "short_term_average": 181241
    }, 
    {
        "accumulated_operating_revenue_yoy": -26.80694346053867, 
        "accumulated_operating_revenue": 1003236, 
        "long_term_average": 210880, 
        "date": "2014-06-30", 
        "operating_revenue": 141628, 
        "short_term_average": 173830
    }, 
    {
        "accumulated_operating_revenue_yoy": -28.414812354498142, 
        "accumulated_operating_revenue": 1181079, 
        "long_term_average": 202432, 
        "date": "2014-07-31", 
        "operating_revenue": 177843, 
        "short_term_average": 161718
    }, 
    {
        "accumulated_operating_revenue_yoy": -32.22010098950652, 
        "accumulated_operating_revenue": 1279898, 
        "long_term_average": 190798, 
        "date": "2014-08-31", 
        "operating_revenue": 98819, 
        "short_term_average": 139430
    }, 
    {
        "accumulated_operating_revenue_yoy": -35.967256651256086, 
        "accumulated_operating_revenue": 1367587, 
        "long_term_average": 177485, 
        "date": "2014-09-30", 
        "operating_revenue": 87689, 
        "short_term_average": 121450
    }, 
    {
        "accumulated_operating_revenue_yoy": -39.8791508347405, 
        "accumulated_operating_revenue": 1455845, 
        "long_term_average": 161026, 
        "date": "2014-10-31", 
        "operating_revenue": 88258, 
        "short_term_average": 91588
    }, 
    {
        "accumulated_operating_revenue_yoy": -41.32628707677197, 
        "accumulated_operating_revenue": 1532822, 
        "long_term_average": 151531, 
        "date": "2014-11-30", 
        "operating_revenue": 76977, 
        "short_term_average": 84308
    }, 
    {
        "accumulated_operating_revenue_yoy": -44.56598028572789, 
        "accumulated_operating_revenue": 1606479, 
        "long_term_average": 133873, 
        "date": "2014-12-31", 
        "operating_revenue": 73657, 
        "short_term_average": 79630
    }, 
    {
        "accumulated_operating_revenue_yoy": -42.7620889305902, 
        "accumulated_operating_revenue": 100045, 
        "long_term_average": 127644, 
        "date": "2015-01-31", 
        "operating_revenue": 100045, 
        "short_term_average": 83559
    }, 
    {
        "accumulated_operating_revenue_yoy": -48.78115533073489, 
        "accumulated_operating_revenue": 162816, 
        "long_term_average": 120951, 
        "date": "2015-02-28", 
        "operating_revenue": 62771, 
        "short_term_average": 78824
    }, 
    {
        "accumulated_operating_revenue_yoy": -50.69570000726525, 
        "accumulated_operating_revenue": 237521, 
        "long_term_average": 113521, 
        "date": "2015-03-31", 
        "operating_revenue": 74705, 
        "short_term_average": 79173
    }, 
    {
        "accumulated_operating_revenue_yoy": -52.392427344900675, 
        "accumulated_operating_revenue": 331313, 
        "long_term_average": 103488, 
        "date": "2015-04-30", 
        "operating_revenue": 93792, 
        "short_term_average": 77089
    }, 
    {
        "accumulated_operating_revenue_yoy": -51.53991142143527, 
        "accumulated_operating_revenue": 417536, 
        "long_term_average": 96867, 
        "date": "2015-05-31", 
        "operating_revenue": 86223, 
        "short_term_average": 84906
    }, 
    {
        "accumulated_operating_revenue_yoy": -50.07964227758972, 
        "accumulated_operating_revenue": 500819, 
        "long_term_average": 92005, 
        "date": "2015-06-30", 
        "operating_revenue": 83283, 
        "short_term_average": 87766
    }, 
    {
        "accumulated_operating_revenue_yoy": -52.06874391975474, 
        "accumulated_operating_revenue": 566106, 
        "long_term_average": 82625, 
        "date": "2015-07-31", 
        "operating_revenue": 65287, 
        "short_term_average": 78264
    }, 
    {
        "accumulated_operating_revenue_yoy": -50.08563182378596, 
        "accumulated_operating_revenue": 638853, 
        "long_term_average": 80452, 
        "date": "2015-08-31", 
        "operating_revenue": 72747, 
        "short_term_average": 73772
    }, 
    {
        "accumulated_operating_revenue_yoy": -48.845886952713066, 
        "accumulated_operating_revenue": 699577, 
        "long_term_average": 78205, 
        "date": "2015-09-30", 
        "operating_revenue": 60724, 
        "short_term_average": 66252
    }
]