[
    {
        "date": "2012-01-31", 
        "operating_revenue": 80044, 
        "accumulated_operating_revenue": 80044, 
        "long_term_average": 80044, 
        "short_term_average": 80044
    }, 
    {
        "date": "2012-02-29", 
        "operating_revenue": 69697, 
        "accumulated_operating_revenue": 149741, 
        "long_term_average": 74870, 
        "short_term_average": 74870
    }, 
    {
        "date": "2012-03-31", 
        "operating_revenue": 71410, 
        "accumulated_operating_revenue": 221151, 
        "long_term_average": 73717, 
        "short_term_average": 73717
    }, 
    {
        "date": "2012-04-30", 
        "operating_revenue": 61682, 
        "accumulated_operating_revenue": 282833, 
        "long_term_average": 70708, 
        "short_term_average": 67596
    }, 
    {
        "date": "2012-05-31", 
        "operating_revenue": 63854, 
        "accumulated_operating_revenue": 346687, 
        "long_term_average": 69337, 
        "short_term_average": 65648
    }, 
    {
        "date": "2012-06-30", 
        "operating_revenue": 58651, 
        "accumulated_operating_revenue": 405338, 
        "long_term_average": 67556, 
        "short_term_average": 61395
    }, 
    {
        "date": "2012-07-31", 
        "operating_revenue": 57763, 
        "accumulated_operating_revenue": 463101, 
        "long_term_average": 66157, 
        "short_term_average": 60089
    }, 
    {
        "date": "2012-08-31", 
        "operating_revenue": 67256, 
        "accumulated_operating_revenue": 530357, 
        "long_term_average": 66294, 
        "short_term_average": 61223
    }, 
    {
        "date": "2012-09-30", 
        "operating_revenue": 77745, 
        "accumulated_operating_revenue": 608102, 
        "long_term_average": 67566, 
        "short_term_average": 67588
    }, 
    {
        "date": "2012-10-31", 
        "operating_revenue": 108495, 
        "accumulated_operating_revenue": 716597, 
        "long_term_average": 71659, 
        "short_term_average": 84498
    }, 
    {
        "date": "2012-11-30", 
        "operating_revenue": 111289, 
        "accumulated_operating_revenue": 827886, 
        "long_term_average": 75262, 
        "short_term_average": 99176
    }, 
    {
        "date": "2012-12-31", 
        "operating_revenue": 80572, 
        "accumulated_operating_revenue": 908458, 
        "long_term_average": 75704, 
        "short_term_average": 100118
    }, 
    {
        "accumulated_operating_revenue_yoy": 19.329368847134077, 
        "accumulated_operating_revenue": 95516, 
        "long_term_average": 76994, 
        "date": "2013-01-31", 
        "operating_revenue": 95516, 
        "short_term_average": 95792
    }, 
    {
        "accumulated_operating_revenue_yoy": -4.761554951549676, 
        "accumulated_operating_revenue": 142611, 
        "long_term_average": 75110, 
        "date": "2013-02-28", 
        "operating_revenue": 47095, 
        "short_term_average": 74394
    }, 
    {
        "accumulated_operating_revenue_yoy": -1.5487155834701176, 
        "accumulated_operating_revenue": 217726, 
        "long_term_average": 75419, 
        "date": "2013-03-31", 
        "operating_revenue": 75115, 
        "short_term_average": 72575
    }, 
    {
        "accumulated_operating_revenue_yoy": 3.65021054827407, 
        "accumulated_operating_revenue": 293157, 
        "long_term_average": 76565, 
        "date": "2013-04-30", 
        "operating_revenue": 75431, 
        "short_term_average": 65880
    }, 
    {
        "accumulated_operating_revenue_yoy": 6.066855694041022, 
        "accumulated_operating_revenue": 367720, 
        "long_term_average": 77457, 
        "date": "2013-05-31", 
        "operating_revenue": 74563, 
        "short_term_average": 75036
    }, 
    {
        "accumulated_operating_revenue_yoy": 5.303721832149959, 
        "accumulated_operating_revenue": 426836, 
        "long_term_average": 77496, 
        "date": "2013-06-30", 
        "operating_revenue": 59116, 
        "short_term_average": 69703
    }, 
    {
        "accumulated_operating_revenue_yoy": 16.085475954489407, 
        "accumulated_operating_revenue": 537593, 
        "long_term_average": 81912, 
        "date": "2013-07-31", 
        "operating_revenue": 110757, 
        "short_term_average": 81478
    }, 
    {
        "accumulated_operating_revenue_yoy": 21.3088542246072, 
        "accumulated_operating_revenue": 643370, 
        "long_term_average": 85122, 
        "date": "2013-08-31", 
        "operating_revenue": 105777, 
        "short_term_average": 91883
    }, 
    {
        "accumulated_operating_revenue_yoy": 25.984127662793412, 
        "accumulated_operating_revenue": 766112, 
        "long_term_average": 88872, 
        "date": "2013-09-30", 
        "operating_revenue": 122742, 
        "short_term_average": 113092
    }, 
    {
        "accumulated_operating_revenue_yoy": 16.14980246917026, 
        "accumulated_operating_revenue": 832326, 
        "long_term_average": 85348, 
        "date": "2013-10-31", 
        "operating_revenue": 66214, 
        "short_term_average": 98244
    }, 
    {
        "accumulated_operating_revenue_yoy": 11.20383724329195, 
        "accumulated_operating_revenue": 920641, 
        "long_term_average": 83434, 
        "date": "2013-11-30", 
        "operating_revenue": 88315, 
        "short_term_average": 92423
    }, 
    {
        "accumulated_operating_revenue_yoy": 10.85586785520079, 
        "accumulated_operating_revenue": 1007079, 
        "long_term_average": 83923, 
        "date": "2013-12-31", 
        "operating_revenue": 86438, 
        "short_term_average": 80322
    }, 
    {
        "accumulated_operating_revenue_yoy": -14.89907450060723, 
        "accumulated_operating_revenue": 81285, 
        "long_term_average": 82737, 
        "date": "2014-01-31", 
        "operating_revenue": 81285, 
        "short_term_average": 85346
    }, 
    {
        "accumulated_operating_revenue_yoy": -12.828603684147788, 
        "accumulated_operating_revenue": 124316, 
        "long_term_average": 82398, 
        "date": "2014-02-28", 
        "operating_revenue": 43031, 
        "short_term_average": 70251
    }, 
    {
        "accumulated_operating_revenue_yoy": -5.057733114097536, 
        "accumulated_operating_revenue": 206714, 
        "long_term_average": 83005, 
        "date": "2014-03-31", 
        "operating_revenue": 82398, 
        "short_term_average": 68904
    }, 
    {
        "accumulated_operating_revenue_yoy": 12.255549074386762, 
        "accumulated_operating_revenue": 329085, 
        "long_term_average": 86917, 
        "date": "2014-04-30", 
        "operating_revenue": 122371, 
        "short_term_average": 82600
    }, 
    {
        "accumulated_operating_revenue_yoy": 18.99162406178614, 
        "accumulated_operating_revenue": 437556, 
        "long_term_average": 89742, 
        "date": "2014-05-31", 
        "operating_revenue": 108471, 
        "short_term_average": 104413
    }, 
    {
        "accumulated_operating_revenue_yoy": 21.85968381298672, 
        "accumulated_operating_revenue": 520141, 
        "long_term_average": 91698, 
        "date": "2014-06-30", 
        "operating_revenue": 82585, 
        "short_term_average": 104475
    }, 
    {
        "accumulated_operating_revenue_yoy": 14.018597712395808, 
        "accumulated_operating_revenue": 612956, 
        "long_term_average": 90203, 
        "date": "2014-07-31", 
        "operating_revenue": 92815, 
        "short_term_average": 94623
    }, 
    {
        "accumulated_operating_revenue_yoy": 9.39770272160654, 
        "accumulated_operating_revenue": 703832, 
        "long_term_average": 88961, 
        "date": "2014-08-31", 
        "operating_revenue": 90876, 
        "short_term_average": 88758
    }, 
    {
        "accumulated_operating_revenue_yoy": 7.679686521030868, 
        "accumulated_operating_revenue": 824947, 
        "long_term_average": 88826, 
        "date": "2014-09-30", 
        "operating_revenue": 121115, 
        "short_term_average": 101602
    }, 
    {
        "accumulated_operating_revenue_yoy": 14.71154331355743, 
        "accumulated_operating_revenue": 954774, 
        "long_term_average": 94127, 
        "date": "2014-10-31", 
        "operating_revenue": 129827, 
        "short_term_average": 113939
    }, 
    {
        "accumulated_operating_revenue_yoy": 17.32966487479919, 
        "accumulated_operating_revenue": 1080185, 
        "long_term_average": 97218, 
        "date": "2014-11-30", 
        "operating_revenue": 125411, 
        "short_term_average": 125451
    }, 
    {
        "accumulated_operating_revenue_yoy": 19.46689385837655, 
        "accumulated_operating_revenue": 1203126, 
        "long_term_average": 100260, 
        "date": "2014-12-31", 
        "operating_revenue": 122941, 
        "short_term_average": 126059
    }, 
    {
        "accumulated_operating_revenue_yoy": 28.374238789444544, 
        "accumulated_operating_revenue": 104349, 
        "long_term_average": 102182, 
        "date": "2015-01-31", 
        "operating_revenue": 104349, 
        "short_term_average": 117567
    }, 
    {
        "accumulated_operating_revenue_yoy": 56.50037002477557, 
        "accumulated_operating_revenue": 194555, 
        "long_term_average": 106113, 
        "date": "2015-02-28", 
        "operating_revenue": 90206, 
        "short_term_average": 105832
    }, 
    {
        "accumulated_operating_revenue_yoy": 38.85126309780663, 
        "accumulated_operating_revenue": 287025, 
        "long_term_average": 106953, 
        "date": "2015-03-31", 
        "operating_revenue": 92470, 
        "short_term_average": 95675
    }, 
    {
        "accumulated_operating_revenue_yoy": 34.24555965783916, 
        "accumulated_operating_revenue": 441782, 
        "long_term_average": 109651, 
        "date": "2015-04-30", 
        "operating_revenue": 154757, 
        "short_term_average": 112477
    }, 
    {
        "accumulated_operating_revenue_yoy": 24.024124912011263, 
        "accumulated_operating_revenue": 542675, 
        "long_term_average": 109020, 
        "date": "2015-05-31", 
        "operating_revenue": 100893, 
        "short_term_average": 116040
    }, 
    {
        "accumulated_operating_revenue_yoy": 22.286841452606122, 
        "accumulated_operating_revenue": 636064, 
        "long_term_average": 109920, 
        "date": "2015-06-30", 
        "operating_revenue": 93389, 
        "short_term_average": 116346
    }, 
    {
        "accumulated_operating_revenue_yoy": 21.206579265069596, 
        "accumulated_operating_revenue": 742943, 
        "long_term_average": 111092, 
        "date": "2015-07-31", 
        "operating_revenue": 106879, 
        "short_term_average": 100387
    }, 
    {
        "accumulated_operating_revenue_yoy": 20.319479648552495, 
        "accumulated_operating_revenue": 846847, 
        "long_term_average": 112178, 
        "date": "2015-08-31", 
        "operating_revenue": 103904, 
        "short_term_average": 101390
    }, 
    {
        "accumulated_operating_revenue_yoy": 25.60055373254282, 
        "accumulated_operating_revenue": 1036138, 
        "long_term_average": 117859, 
        "date": "2015-09-30", 
        "operating_revenue": 189291, 
        "short_term_average": 133358
    }
]