[
    {
        "date": "2011-09-30", 
        "operating_revenue": 46874, 
        "accumulated_operating_revenue": 46874, 
        "long_term_average": 46874, 
        "short_term_average": 46874
    }, 
    {
        "date": "2011-10-31", 
        "operating_revenue": 30119, 
        "accumulated_operating_revenue": 76993, 
        "long_term_average": 38496, 
        "short_term_average": 38496
    }, 
    {
        "date": "2011-11-30", 
        "operating_revenue": 39801, 
        "accumulated_operating_revenue": 116794, 
        "long_term_average": 38931, 
        "short_term_average": 38931
    }, 
    {
        "date": "2011-12-31", 
        "operating_revenue": 43575, 
        "accumulated_operating_revenue": 160369, 
        "long_term_average": 40092, 
        "short_term_average": 37831
    }, 
    {
        "date": "2012-01-31", 
        "operating_revenue": 30489, 
        "accumulated_operating_revenue": 30489, 
        "long_term_average": 38171, 
        "short_term_average": 37955
    }, 
    {
        "date": "2012-02-29", 
        "operating_revenue": 31367, 
        "accumulated_operating_revenue": 61856, 
        "long_term_average": 37037, 
        "short_term_average": 35143
    }, 
    {
        "date": "2012-03-31", 
        "operating_revenue": 38648, 
        "accumulated_operating_revenue": 100504, 
        "long_term_average": 37267, 
        "short_term_average": 33501
    }, 
    {
        "date": "2012-04-30", 
        "operating_revenue": 34316, 
        "accumulated_operating_revenue": 134820, 
        "long_term_average": 36898, 
        "short_term_average": 34777
    }, 
    {
        "date": "2012-05-31", 
        "operating_revenue": 43217, 
        "accumulated_operating_revenue": 178037, 
        "long_term_average": 37600, 
        "short_term_average": 38727
    }, 
    {
        "date": "2012-06-30", 
        "operating_revenue": 32454, 
        "accumulated_operating_revenue": 210491, 
        "long_term_average": 37086, 
        "short_term_average": 36662
    }, 
    {
        "date": "2012-07-31", 
        "operating_revenue": 34726, 
        "accumulated_operating_revenue": 245217, 
        "long_term_average": 36871, 
        "short_term_average": 36799
    }, 
    {
        "date": "2012-08-31", 
        "operating_revenue": 34705, 
        "accumulated_operating_revenue": 279922, 
        "long_term_average": 36690, 
        "short_term_average": 33961
    }, 
    {
        "accumulated_operating_revenue_yoy": 558.7809873277297, 
        "accumulated_operating_revenue": 308797, 
        "long_term_average": 35191, 
        "date": "2012-09-30", 
        "operating_revenue": 28875, 
        "short_term_average": 32768
    }, 
    {
        "accumulated_operating_revenue_yoy": 332.7588222305924, 
        "accumulated_operating_revenue": 333194, 
        "long_term_average": 34714, 
        "date": "2012-10-31", 
        "operating_revenue": 24397, 
        "short_term_average": 29325
    }, 
    {
        "accumulated_operating_revenue_yoy": 211.6949500830522, 
        "accumulated_operating_revenue": 364041, 
        "long_term_average": 33968, 
        "date": "2012-11-30", 
        "operating_revenue": 30847, 
        "short_term_average": 28039
    }, 
    {
        "accumulated_operating_revenue_yoy": 140.09627795895716, 
        "accumulated_operating_revenue": 385040, 
        "long_term_average": 32086, 
        "date": "2012-12-31", 
        "operating_revenue": 20999, 
        "short_term_average": 25414
    }, 
    {
        "accumulated_operating_revenue_yoy": -41.365738463052246, 
        "accumulated_operating_revenue": 17877, 
        "long_term_average": 31035, 
        "date": "2013-01-31", 
        "operating_revenue": 17877, 
        "short_term_average": 23241
    }, 
    {
        "accumulated_operating_revenue_yoy": -57.79229177444387, 
        "accumulated_operating_revenue": 26108, 
        "long_term_average": 29107, 
        "date": "2013-02-28", 
        "operating_revenue": 8231, 
        "short_term_average": 15702
    }, 
    {
        "accumulated_operating_revenue_yoy": -57.47034943882831, 
        "accumulated_operating_revenue": 42744, 
        "long_term_average": 27273, 
        "date": "2013-03-31", 
        "operating_revenue": 16636, 
        "short_term_average": 14248
    }, 
    {
        "accumulated_operating_revenue_yoy": -56.01097759976265, 
        "accumulated_operating_revenue": 59306, 
        "long_term_average": 25793, 
        "date": "2013-04-30", 
        "operating_revenue": 16562, 
        "short_term_average": 13809
    }, 
    {
        "accumulated_operating_revenue_yoy": -56.52364396164842, 
        "accumulated_operating_revenue": 77404, 
        "long_term_average": 23700, 
        "date": "2013-05-31", 
        "operating_revenue": 18098, 
        "short_term_average": 17098
    }, 
    {
        "accumulated_operating_revenue_yoy": -54.76053607992741, 
        "accumulated_operating_revenue": 95225, 
        "long_term_average": 22481, 
        "date": "2013-06-30", 
        "operating_revenue": 17821, 
        "short_term_average": 17493
    }, 
    {
        "accumulated_operating_revenue_yoy": -58.25656459380875, 
        "accumulated_operating_revenue": 102362, 
        "long_term_average": 20182, 
        "date": "2013-07-31", 
        "operating_revenue": 7137, 
        "short_term_average": 14352
    }, 
    {
        "accumulated_operating_revenue_yoy": -62.13588070962626, 
        "accumulated_operating_revenue": 105990, 
        "long_term_average": 17592, 
        "date": "2013-08-31", 
        "operating_revenue": 3628, 
        "short_term_average": 9528
    }, 
    {
        "accumulated_operating_revenue_yoy": -65.28560834464065, 
        "accumulated_operating_revenue": 107197, 
        "long_term_average": 15286, 
        "date": "2013-09-30", 
        "operating_revenue": 1207, 
        "short_term_average": 3990
    }, 
    {
        "accumulated_operating_revenue_yoy": -67.15817211594447, 
        "accumulated_operating_revenue": 109427, 
        "long_term_average": 13439, 
        "date": "2013-10-31", 
        "operating_revenue": 2230, 
        "short_term_average": 2355
    }, 
    {
        "accumulated_operating_revenue_yoy": -62.97807115132636, 
        "accumulated_operating_revenue": 134775, 
        "long_term_average": 12981, 
        "date": "2013-11-30", 
        "operating_revenue": 25348, 
        "short_term_average": 9595
    }, 
    {
        "accumulated_operating_revenue_yoy": -42.50415541242468, 
        "accumulated_operating_revenue": 221382, 
        "long_term_average": 18448, 
        "date": "2013-12-31", 
        "operating_revenue": 86607, 
        "short_term_average": 38061
    }, 
    {
        "accumulated_operating_revenue_yoy": -34.41852659842255, 
        "accumulated_operating_revenue": 11724, 
        "long_term_average": 17935, 
        "date": "2014-01-31", 
        "operating_revenue": 11724, 
        "short_term_average": 41226
    }, 
    {
        "accumulated_operating_revenue_yoy": -8.694652979929524, 
        "accumulated_operating_revenue": 23838, 
        "long_term_average": 18259, 
        "date": "2014-02-28", 
        "operating_revenue": 12114, 
        "short_term_average": 36815
    }, 
    {
        "accumulated_operating_revenue_yoy": 30.780928317424667, 
        "accumulated_operating_revenue": 55901, 
        "long_term_average": 19544, 
        "date": "2014-03-31", 
        "operating_revenue": 32063, 
        "short_term_average": 18633
    }, 
    {
        "accumulated_operating_revenue_yoy": 72.34006677233332, 
        "accumulated_operating_revenue": 102208, 
        "long_term_average": 22023, 
        "date": "2014-04-30", 
        "operating_revenue": 46307, 
        "short_term_average": 30161
    }, 
    {
        "accumulated_operating_revenue_yoy": 112.62337863676295, 
        "accumulated_operating_revenue": 164579, 
        "long_term_average": 25713, 
        "date": "2014-05-31", 
        "operating_revenue": 62371, 
        "short_term_average": 46913
    }, 
    {
        "accumulated_operating_revenue_yoy": 166.40168023103178, 
        "accumulated_operating_revenue": 253681, 
        "long_term_average": 31653, 
        "date": "2014-06-30", 
        "operating_revenue": 89102, 
        "short_term_average": 65926
    }, 
    {
        "accumulated_operating_revenue_yoy": 234.8732928235087, 
        "accumulated_operating_revenue": 342783, 
        "long_term_average": 38483, 
        "date": "2014-07-31", 
        "operating_revenue": 89102, 
        "short_term_average": 80191
    }, 
    {
        "accumulated_operating_revenue_yoy": 326.04019247098785, 
        "accumulated_operating_revenue": 451560, 
        "long_term_average": 47246, 
        "date": "2014-08-31", 
        "operating_revenue": 108777, 
        "short_term_average": 95660
    }, 
    {
        "accumulated_operating_revenue_yoy": 432.6268459005383, 
        "accumulated_operating_revenue": 570960, 
        "long_term_average": 57095, 
        "date": "2014-09-30", 
        "operating_revenue": 119400, 
        "short_term_average": 105759
    }, 
    {
        "accumulated_operating_revenue_yoy": 594.2939128368685, 
        "accumulated_operating_revenue": 759745, 
        "long_term_average": 72641, 
        "date": "2014-10-31", 
        "operating_revenue": 188785, 
        "short_term_average": 138987
    }, 
    {
        "accumulated_operating_revenue_yoy": 568.5112224077166, 
        "accumulated_operating_revenue": 900986, 
        "long_term_average": 82299, 
        "date": "2014-11-30", 
        "operating_revenue": 141241, 
        "short_term_average": 149808
    }, 
    {
        "accumulated_operating_revenue_yoy": 366.0907390844784, 
        "accumulated_operating_revenue": 1031841, 
        "long_term_average": 85986, 
        "date": "2014-12-31", 
        "operating_revenue": 130855, 
        "short_term_average": 153627
    }, 
    {
        "accumulated_operating_revenue_yoy": 740.4042988741044, 
        "accumulated_operating_revenue": 98529, 
        "long_term_average": 93220, 
        "date": "2015-01-31", 
        "operating_revenue": 98529, 
        "short_term_average": 123541
    }, 
    {
        "accumulated_operating_revenue_yoy": 625.1363369410185, 
        "accumulated_operating_revenue": 172858, 
        "long_term_average": 98405, 
        "date": "2015-02-28", 
        "operating_revenue": 74329, 
        "short_term_average": 101237
    }, 
    {
        "accumulated_operating_revenue_yoy": 377.02008908606285, 
        "accumulated_operating_revenue": 266659, 
        "long_term_average": 103549, 
        "date": "2015-03-31", 
        "operating_revenue": 93801, 
        "short_term_average": 88886
    }, 
    {
        "accumulated_operating_revenue_yoy": 255.8263541014402, 
        "accumulated_operating_revenue": 363683, 
        "long_term_average": 107776, 
        "date": "2015-04-30", 
        "operating_revenue": 97024, 
        "short_term_average": 88384
    }, 
    {
        "accumulated_operating_revenue_yoy": 188.21174025847768, 
        "accumulated_operating_revenue": 474336, 
        "long_term_average": 111799, 
        "date": "2015-05-31", 
        "operating_revenue": 110653, 
        "short_term_average": 100492
    }, 
    {
        "accumulated_operating_revenue_yoy": 140.25922319763797, 
        "accumulated_operating_revenue": 609492, 
        "long_term_average": 115637, 
        "date": "2015-06-30", 
        "operating_revenue": 135156, 
        "short_term_average": 114277
    }, 
    {
        "accumulated_operating_revenue_yoy": 117.28965555468037, 
        "accumulated_operating_revenue": 744832, 
        "long_term_average": 119490, 
        "date": "2015-07-31", 
        "operating_revenue": 135340, 
        "short_term_average": 127049
    }, 
    {
        "accumulated_operating_revenue_yoy": 85.97129949508371, 
        "accumulated_operating_revenue": 839772, 
        "long_term_average": 118337, 
        "date": "2015-08-31", 
        "operating_revenue": 94940, 
        "short_term_average": 121812
    }, 
    {
        "accumulated_operating_revenue_yoy": 60.5940871514642, 
        "accumulated_operating_revenue": 916928, 
        "long_term_average": 114817, 
        "date": "2015-09-30", 
        "operating_revenue": 77156, 
        "short_term_average": 102478
    }
]