[
    {
        "date": "2012-01-31", 
        "operating_revenue": 14247, 
        "accumulated_operating_revenue": 14247, 
        "long_term_average": 14247, 
        "short_term_average": 14247
    }, 
    {
        "date": "2012-02-29", 
        "operating_revenue": 10295, 
        "accumulated_operating_revenue": 24542, 
        "long_term_average": 12271, 
        "short_term_average": 12271
    }, 
    {
        "date": "2012-03-31", 
        "operating_revenue": 13259, 
        "accumulated_operating_revenue": 37801, 
        "long_term_average": 12600, 
        "short_term_average": 12600
    }, 
    {
        "date": "2012-04-30", 
        "operating_revenue": 9660, 
        "accumulated_operating_revenue": 47461, 
        "long_term_average": 11865, 
        "short_term_average": 11071
    }, 
    {
        "date": "2012-05-31", 
        "operating_revenue": 12189, 
        "accumulated_operating_revenue": 59650, 
        "long_term_average": 11930, 
        "short_term_average": 11702
    }, 
    {
        "date": "2012-06-30", 
        "operating_revenue": 2798, 
        "accumulated_operating_revenue": 62448, 
        "long_term_average": 10408, 
        "short_term_average": 8215
    }, 
    {
        "date": "2012-07-31", 
        "operating_revenue": 19271, 
        "accumulated_operating_revenue": 81719, 
        "long_term_average": 11674, 
        "short_term_average": 11419
    }, 
    {
        "date": "2012-08-31", 
        "operating_revenue": 26783, 
        "accumulated_operating_revenue": 108502, 
        "long_term_average": 13562, 
        "short_term_average": 16284
    }, 
    {
        "date": "2012-09-30", 
        "operating_revenue": 23439, 
        "accumulated_operating_revenue": 131941, 
        "long_term_average": 14660, 
        "short_term_average": 23164
    }, 
    {
        "date": "2012-10-31", 
        "operating_revenue": 16823, 
        "accumulated_operating_revenue": 148764, 
        "long_term_average": 14876, 
        "short_term_average": 22348
    }, 
    {
        "date": "2012-11-30", 
        "operating_revenue": 19432, 
        "accumulated_operating_revenue": 168196, 
        "long_term_average": 15290, 
        "short_term_average": 19898
    }, 
    {
        "date": "2012-12-31", 
        "operating_revenue": 29372, 
        "accumulated_operating_revenue": 197568, 
        "long_term_average": 16464, 
        "short_term_average": 21875
    }, 
    {
        "accumulated_operating_revenue_yoy": 124.50340422545096, 
        "accumulated_operating_revenue": 31985, 
        "long_term_average": 17942, 
        "date": "2013-01-31", 
        "operating_revenue": 31985, 
        "short_term_average": 26929
    }, 
    {
        "accumulated_operating_revenue_yoy": 158.54861054518784, 
        "accumulated_operating_revenue": 63453, 
        "long_term_average": 19706, 
        "date": "2013-02-28", 
        "operating_revenue": 31468, 
        "short_term_average": 30941
    }, 
    {
        "accumulated_operating_revenue_yoy": 148.9696039787307, 
        "accumulated_operating_revenue": 94113, 
        "long_term_average": 21156, 
        "date": "2013-03-31", 
        "operating_revenue": 30660, 
        "short_term_average": 31371
    }, 
    {
        "accumulated_operating_revenue_yoy": 165.55909062177366, 
        "accumulated_operating_revenue": 126037, 
        "long_term_average": 23012, 
        "date": "2013-04-30", 
        "operating_revenue": 31924, 
        "short_term_average": 31350
    }, 
    {
        "accumulated_operating_revenue_yoy": 157.2321877619447, 
        "accumulated_operating_revenue": 153439, 
        "long_term_average": 24279, 
        "date": "2013-05-31", 
        "operating_revenue": 27402, 
        "short_term_average": 29995
    }, 
    {
        "accumulated_operating_revenue_yoy": 178.684665641814, 
        "accumulated_operating_revenue": 174033, 
        "long_term_average": 25762, 
        "date": "2013-06-30", 
        "operating_revenue": 20594, 
        "short_term_average": 26640
    }, 
    {
        "accumulated_operating_revenue_yoy": 134.12425506920056, 
        "accumulated_operating_revenue": 191324, 
        "long_term_average": 25597, 
        "date": "2013-07-31", 
        "operating_revenue": 17291, 
        "short_term_average": 21762
    }, 
    {
        "accumulated_operating_revenue_yoy": 82.04825717498295, 
        "accumulated_operating_revenue": 197526, 
        "long_term_average": 23882, 
        "date": "2013-08-31", 
        "operating_revenue": 6202, 
        "short_term_average": 14695
    }, 
    {
        "accumulated_operating_revenue_yoy": 55.05642673619269, 
        "accumulated_operating_revenue": 204583, 
        "long_term_average": 22517, 
        "date": "2013-09-30", 
        "operating_revenue": 7057, 
        "short_term_average": 10183
    }, 
    {
        "accumulated_operating_revenue_yoy": 38.94961146513942, 
        "accumulated_operating_revenue": 206707, 
        "long_term_average": 21292, 
        "date": "2013-10-31", 
        "operating_revenue": 2124, 
        "short_term_average": 5127
    }, 
    {
        "accumulated_operating_revenue_yoy": 23.832314680491805, 
        "accumulated_operating_revenue": 208281, 
        "long_term_average": 19804, 
        "date": "2013-11-30", 
        "operating_revenue": 1574, 
        "short_term_average": 3585
    }, 
    {
        "accumulated_operating_revenue_yoy": 7.667739714933592, 
        "accumulated_operating_revenue": 212717, 
        "long_term_average": 17726, 
        "date": "2013-12-31", 
        "operating_revenue": 4436, 
        "short_term_average": 2711
    }, 
    {
        "accumulated_operating_revenue_yoy": -97.04236360794121, 
        "accumulated_operating_revenue": 946, 
        "long_term_average": 15139, 
        "date": "2014-01-31", 
        "operating_revenue": 946, 
        "short_term_average": 2318
    }, 
    {
        "accumulated_operating_revenue_yoy": -93.35256016264006, 
        "accumulated_operating_revenue": 4218, 
        "long_term_average": 12790, 
        "date": "2014-02-28", 
        "operating_revenue": 3272, 
        "short_term_average": 2884
    }, 
    {
        "accumulated_operating_revenue_yoy": -79.31635374496616, 
        "accumulated_operating_revenue": 19466, 
        "long_term_average": 11505, 
        "date": "2014-03-31", 
        "operating_revenue": 15248, 
        "short_term_average": 6488
    }, 
    {
        "accumulated_operating_revenue_yoy": -50.726374001285336, 
        "accumulated_operating_revenue": 62103, 
        "long_term_average": 12398, 
        "date": "2014-04-30", 
        "operating_revenue": 42637, 
        "short_term_average": 20385
    }, 
    {
        "accumulated_operating_revenue_yoy": -27.256434152985875, 
        "accumulated_operating_revenue": 111617, 
        "long_term_average": 14241, 
        "date": "2014-05-31", 
        "operating_revenue": 49514, 
        "short_term_average": 35799
    }, 
    {
        "accumulated_operating_revenue_yoy": -17.385208552400982, 
        "accumulated_operating_revenue": 143777, 
        "long_term_average": 15205, 
        "date": "2014-06-30", 
        "operating_revenue": 32160, 
        "short_term_average": 41437
    }, 
    {
        "accumulated_operating_revenue_yoy": -14.848111057682257, 
        "accumulated_operating_revenue": 162916, 
        "long_term_average": 15359, 
        "date": "2014-07-31", 
        "operating_revenue": 19139, 
        "short_term_average": 33604
    }, 
    {
        "accumulated_operating_revenue_yoy": -7.795935724917226, 
        "accumulated_operating_revenue": 182127, 
        "long_term_average": 16443, 
        "date": "2014-08-31", 
        "operating_revenue": 19211, 
        "short_term_average": 23503
    }, 
    {
        "accumulated_operating_revenue_yoy": -2.1370299585009507, 
        "accumulated_operating_revenue": 200211, 
        "long_term_average": 17362, 
        "date": "2014-09-30", 
        "operating_revenue": 18084, 
        "short_term_average": 18811
    }, 
    {
        "accumulated_operating_revenue_yoy": 2.0439559376315266, 
        "accumulated_operating_revenue": 210932, 
        "long_term_average": 18078, 
        "date": "2014-10-31", 
        "operating_revenue": 10721, 
        "short_term_average": 16005
    }, 
    {
        "accumulated_operating_revenue_yoy": 7.258943446593784, 
        "accumulated_operating_revenue": 223400, 
        "long_term_average": 18986, 
        "date": "2014-11-30", 
        "operating_revenue": 12468, 
        "short_term_average": 13757
    }, 
    {
        "accumulated_operating_revenue_yoy": 10.601409384299327, 
        "accumulated_operating_revenue": 235268, 
        "long_term_average": 19605, 
        "date": "2014-12-31", 
        "operating_revenue": 11868, 
        "short_term_average": 11685
    }, 
    {
        "accumulated_operating_revenue_yoy": 228.32980972515858, 
        "accumulated_operating_revenue": 3106, 
        "long_term_average": 19785, 
        "date": "2015-01-31", 
        "operating_revenue": 3106, 
        "short_term_average": 9147
    }, 
    {
        "accumulated_operating_revenue_yoy": 216.73779042200096, 
        "accumulated_operating_revenue": 13360, 
        "long_term_average": 20367, 
        "date": "2015-02-28", 
        "operating_revenue": 10254, 
        "short_term_average": 8409
    }, 
    {
        "accumulated_operating_revenue_yoy": -4.022398027329703, 
        "accumulated_operating_revenue": 18683, 
        "long_term_average": 19540, 
        "date": "2015-03-31", 
        "operating_revenue": 5323, 
        "short_term_average": 6227
    }, 
    {
        "accumulated_operating_revenue_yoy": -17.36470057807191, 
        "accumulated_operating_revenue": 51319, 
        "long_term_average": 18707, 
        "date": "2015-04-30", 
        "operating_revenue": 32636, 
        "short_term_average": 16071
    }, 
    {
        "accumulated_operating_revenue_yoy": -47.71853749876811, 
        "accumulated_operating_revenue": 58355, 
        "long_term_average": 15167, 
        "date": "2015-05-31", 
        "operating_revenue": 7036, 
        "short_term_average": 14998
    }, 
    {
        "accumulated_operating_revenue_yoy": -44.65804683642029, 
        "accumulated_operating_revenue": 79569, 
        "long_term_average": 14255, 
        "date": "2015-06-30", 
        "operating_revenue": 21214, 
        "short_term_average": 20295
    }, 
    {
        "accumulated_operating_revenue_yoy": -46.73942399764296, 
        "accumulated_operating_revenue": 86770, 
        "long_term_average": 13260, 
        "date": "2015-07-31", 
        "operating_revenue": 7201, 
        "short_term_average": 11817
    }, 
    {
        "accumulated_operating_revenue_yoy": -45.435328095230254, 
        "accumulated_operating_revenue": 99377, 
        "long_term_average": 12709, 
        "date": "2015-08-31", 
        "operating_revenue": 12607, 
        "short_term_average": 13674
    }, 
    {
        "accumulated_operating_revenue_yoy": -47.496890780226856, 
        "accumulated_operating_revenue": 105117, 
        "long_term_average": 11681, 
        "date": "2015-09-30", 
        "operating_revenue": 5740, 
        "short_term_average": 8516
    }
]