[
    {
        "date": "2011-09-30", 
        "operating_revenue": 361824, 
        "accumulated_operating_revenue": 361824, 
        "long_term_average": 361824, 
        "short_term_average": 361824
    }, 
    {
        "date": "2011-10-31", 
        "operating_revenue": 370706, 
        "accumulated_operating_revenue": 732530, 
        "long_term_average": 366265, 
        "short_term_average": 366265
    }, 
    {
        "date": "2011-11-30", 
        "operating_revenue": 374694, 
        "accumulated_operating_revenue": 1107224, 
        "long_term_average": 369074, 
        "short_term_average": 369074
    }, 
    {
        "date": "2011-12-31", 
        "operating_revenue": 371439, 
        "accumulated_operating_revenue": 1478663, 
        "long_term_average": 369665, 
        "short_term_average": 372279
    }, 
    {
        "date": "2012-01-31", 
        "operating_revenue": 344610, 
        "accumulated_operating_revenue": 344610, 
        "long_term_average": 364654, 
        "short_term_average": 363581
    }, 
    {
        "date": "2012-02-29", 
        "operating_revenue": 338078, 
        "accumulated_operating_revenue": 682688, 
        "long_term_average": 360225, 
        "short_term_average": 351375
    }, 
    {
        "date": "2012-03-31", 
        "operating_revenue": 355169, 
        "accumulated_operating_revenue": 1037857, 
        "long_term_average": 359502, 
        "short_term_average": 345952
    }, 
    {
        "date": "2012-04-30", 
        "operating_revenue": 382533, 
        "accumulated_operating_revenue": 1420390, 
        "long_term_average": 362381, 
        "short_term_average": 358593
    }, 
    {
        "date": "2012-05-31", 
        "operating_revenue": 390630, 
        "accumulated_operating_revenue": 1811020, 
        "long_term_average": 365520, 
        "short_term_average": 376110
    }, 
    {
        "date": "2012-06-30", 
        "operating_revenue": 395311, 
        "accumulated_operating_revenue": 2206331, 
        "long_term_average": 368499, 
        "short_term_average": 389491
    }, 
    {
        "date": "2012-07-31", 
        "operating_revenue": 426978, 
        "accumulated_operating_revenue": 2633309, 
        "long_term_average": 373815, 
        "short_term_average": 404306
    }, 
    {
        "date": "2012-08-31", 
        "operating_revenue": 444985, 
        "accumulated_operating_revenue": 3078294, 
        "long_term_average": 379746, 
        "short_term_average": 422424
    }, 
    {
        "accumulated_operating_revenue_yoy": 873.0042783231627, 
        "accumulated_operating_revenue": 3520563, 
        "long_term_average": 386450, 
        "date": "2012-09-30", 
        "operating_revenue": 442269, 
        "short_term_average": 438077
    }, 
    {
        "accumulated_operating_revenue_yoy": 441.47461537411436, 
        "accumulated_operating_revenue": 3966464, 
        "long_term_average": 392716, 
        "date": "2012-10-31", 
        "operating_revenue": 445901, 
        "short_term_average": 444385
    }, 
    {
        "accumulated_operating_revenue_yoy": 300.2161260955326, 
        "accumulated_operating_revenue": 4431289, 
        "long_term_average": 400227, 
        "date": "2012-11-30", 
        "operating_revenue": 464825, 
        "short_term_average": 450998
    }, 
    {
        "accumulated_operating_revenue_yoy": 228.7212163961633, 
        "accumulated_operating_revenue": 4860679, 
        "long_term_average": 405056, 
        "date": "2012-12-31", 
        "operating_revenue": 429390, 
        "short_term_average": 446705
    }, 
    {
        "accumulated_operating_revenue_yoy": 25.534082005745624, 
        "accumulated_operating_revenue": 432603, 
        "long_term_average": 412389, 
        "date": "2013-01-31", 
        "operating_revenue": 432603, 
        "short_term_average": 442272
    }, 
    {
        "accumulated_operating_revenue_yoy": 14.089891722133682, 
        "accumulated_operating_revenue": 778878, 
        "long_term_average": 413072, 
        "date": "2013-02-28", 
        "operating_revenue": 346275, 
        "short_term_average": 402756
    }, 
    {
        "accumulated_operating_revenue_yoy": 16.25580402695169, 
        "accumulated_operating_revenue": 1206569, 
        "long_term_average": 419115, 
        "date": "2013-03-31", 
        "operating_revenue": 427691, 
        "short_term_average": 402189
    }, 
    {
        "accumulated_operating_revenue_yoy": 16.623251360541826, 
        "accumulated_operating_revenue": 1656505, 
        "long_term_average": 424732, 
        "date": "2013-04-30", 
        "operating_revenue": 449936, 
        "short_term_average": 407967
    }, 
    {
        "accumulated_operating_revenue_yoy": 16.96044218175393, 
        "accumulated_operating_revenue": 2118177, 
        "long_term_average": 430653, 
        "date": "2013-05-31", 
        "operating_revenue": 461672, 
        "short_term_average": 446433
    }, 
    {
        "accumulated_operating_revenue_yoy": 16.574348998405046, 
        "accumulated_operating_revenue": 2572016, 
        "long_term_average": 435530, 
        "date": "2013-06-30", 
        "operating_revenue": 453839, 
        "short_term_average": 455149
    }, 
    {
        "accumulated_operating_revenue_yoy": 15.558447565401554, 
        "accumulated_operating_revenue": 3043011, 
        "long_term_average": 439198, 
        "date": "2013-07-31", 
        "operating_revenue": 470995, 
        "short_term_average": 462168
    }, 
    {
        "accumulated_operating_revenue_yoy": 14.307632734235263, 
        "accumulated_operating_revenue": 3518725, 
        "long_term_average": 441759, 
        "date": "2013-08-31", 
        "operating_revenue": 475714, 
        "short_term_average": 466849
    }, 
    {
        "accumulated_operating_revenue_yoy": 12.596877260824476, 
        "accumulated_operating_revenue": 3964044, 
        "long_term_average": 442013, 
        "date": "2013-09-30", 
        "operating_revenue": 445319, 
        "short_term_average": 464009
    }, 
    {
        "accumulated_operating_revenue_yoy": 11.079061854588874, 
        "accumulated_operating_revenue": 4405911, 
        "long_term_average": 441677, 
        "date": "2013-10-31", 
        "operating_revenue": 441867, 
        "short_term_average": 454300
    }, 
    {
        "accumulated_operating_revenue_yoy": 8.460337387157551, 
        "accumulated_operating_revenue": 4806191, 
        "long_term_average": 436298, 
        "date": "2013-11-30", 
        "operating_revenue": 400280, 
        "short_term_average": 429155
    }, 
    {
        "accumulated_operating_revenue_yoy": 7.471507581553935, 
        "accumulated_operating_revenue": 5223845, 
        "long_term_average": 435320, 
        "date": "2013-12-31", 
        "operating_revenue": 417654, 
        "short_term_average": 419933
    }, 
    {
        "accumulated_operating_revenue_yoy": -5.927836838856873, 
        "accumulated_operating_revenue": 406959, 
        "long_term_average": 433183, 
        "date": "2014-01-31", 
        "operating_revenue": 406959, 
        "short_term_average": 408297
    }, 
    {
        "accumulated_operating_revenue_yoy": 1.1662930523137127, 
        "accumulated_operating_revenue": 787962, 
        "long_term_average": 436077, 
        "date": "2014-02-28", 
        "operating_revenue": 381003, 
        "short_term_average": 401872
    }, 
    {
        "accumulated_operating_revenue_yoy": 1.631154123800628, 
        "accumulated_operating_revenue": 1226250, 
        "long_term_average": 436960, 
        "date": "2014-03-31", 
        "operating_revenue": 438288, 
        "short_term_average": 408750
    }, 
    {
        "accumulated_operating_revenue_yoy": 0.5445199380623662, 
        "accumulated_operating_revenue": 1665525, 
        "long_term_average": 436072, 
        "date": "2014-04-30", 
        "operating_revenue": 439275, 
        "short_term_average": 419522
    }, 
    {
        "accumulated_operating_revenue_yoy": 0.2238245434635538, 
        "accumulated_operating_revenue": 2122918, 
        "long_term_average": 435715, 
        "date": "2014-05-31", 
        "operating_revenue": 457393, 
        "short_term_average": 444985
    }, 
    {
        "accumulated_operating_revenue_yoy": 0.10011601794079042, 
        "accumulated_operating_revenue": 2574591, 
        "long_term_average": 435535, 
        "date": "2014-06-30", 
        "operating_revenue": 451673, 
        "short_term_average": 449447
    }, 
    {
        "accumulated_operating_revenue_yoy": -0.5454794609681003, 
        "accumulated_operating_revenue": 3026412, 
        "long_term_average": 433937, 
        "date": "2014-07-31", 
        "operating_revenue": 451821, 
        "short_term_average": 453629
    }, 
    {
        "accumulated_operating_revenue_yoy": -0.9546355569133707, 
        "accumulated_operating_revenue": 3485134, 
        "long_term_average": 432521, 
        "date": "2014-08-31", 
        "operating_revenue": 458722, 
        "short_term_average": 454072
    }, 
    {
        "accumulated_operating_revenue_yoy": -0.42466733467136086, 
        "accumulated_operating_revenue": 3947210, 
        "long_term_average": 433917, 
        "date": "2014-09-30", 
        "operating_revenue": 462076, 
        "short_term_average": 457539
    }, 
    {
        "accumulated_operating_revenue_yoy": -0.22973682400756623, 
        "accumulated_operating_revenue": 4395789, 
        "long_term_average": 434476, 
        "date": "2014-10-31", 
        "operating_revenue": 448579, 
        "short_term_average": 456459
    }, 
    {
        "accumulated_operating_revenue_yoy": 0.5494579803424375, 
        "accumulated_operating_revenue": 4832599, 
        "long_term_average": 437521, 
        "date": "2014-11-30", 
        "operating_revenue": 436810, 
        "short_term_average": 449155
    }, 
    {
        "accumulated_operating_revenue_yoy": 0.18076723179956525, 
        "accumulated_operating_revenue": 5233288, 
        "long_term_average": 436107, 
        "date": "2014-12-31", 
        "operating_revenue": 400689, 
        "short_term_average": 428692
    }, 
    {
        "accumulated_operating_revenue_yoy": -6.370420607481344, 
        "accumulated_operating_revenue": 381034, 
        "long_term_average": 433946, 
        "date": "2015-01-31", 
        "operating_revenue": 381034, 
        "short_term_average": 406177
    }, 
    {
        "accumulated_operating_revenue_yoy": -8.211563501793234, 
        "accumulated_operating_revenue": 723258, 
        "long_term_average": 430715, 
        "date": "2015-02-28", 
        "operating_revenue": 342224, 
        "short_term_average": 374649
    }, 
    {
        "accumulated_operating_revenue_yoy": -6.11539245667686, 
        "accumulated_operating_revenue": 1151260, 
        "long_term_average": 429858, 
        "date": "2015-03-31", 
        "operating_revenue": 428002, 
        "short_term_average": 383753
    }, 
    {
        "accumulated_operating_revenue_yoy": -5.499647258371985, 
        "accumulated_operating_revenue": 1573927, 
        "long_term_average": 428474, 
        "date": "2015-04-30", 
        "operating_revenue": 422667, 
        "short_term_average": 397631
    }, 
    {
        "accumulated_operating_revenue_yoy": -5.539827727684254, 
        "accumulated_operating_revenue": 2005312, 
        "long_term_average": 426306, 
        "date": "2015-05-31", 
        "operating_revenue": 431385, 
        "short_term_average": 427351
    }, 
    {
        "accumulated_operating_revenue_yoy": -4.5770765142890655, 
        "accumulated_operating_revenue": 2456750, 
        "long_term_average": 426287, 
        "date": "2015-06-30", 
        "operating_revenue": 451438, 
        "short_term_average": 435163
    }, 
    {
        "accumulated_operating_revenue_yoy": -4.194240572664925, 
        "accumulated_operating_revenue": 2899477, 
        "long_term_average": 425529, 
        "date": "2015-07-31", 
        "operating_revenue": 442727, 
        "short_term_average": 441850
    }, 
    {
        "accumulated_operating_revenue_yoy": -3.950694578745036, 
        "accumulated_operating_revenue": 3347447, 
        "long_term_average": 424633, 
        "date": "2015-08-31", 
        "operating_revenue": 447970, 
        "short_term_average": 447378
    }, 
    {
        "accumulated_operating_revenue_yoy": -4.401133965509816, 
        "accumulated_operating_revenue": 3773488, 
        "long_term_average": 421630, 
        "date": "2015-09-30", 
        "operating_revenue": 426041, 
        "short_term_average": 438912
    }
]