[
    {
        "date": "2011-09-30", 
        "operating_revenue": 71772, 
        "accumulated_operating_revenue": 71772, 
        "long_term_average": 71772, 
        "short_term_average": 71772
    }, 
    {
        "date": "2011-10-31", 
        "operating_revenue": 63110, 
        "accumulated_operating_revenue": 134882, 
        "long_term_average": 67441, 
        "short_term_average": 67441
    }, 
    {
        "date": "2011-11-30", 
        "operating_revenue": 76416, 
        "accumulated_operating_revenue": 211298, 
        "long_term_average": 70432, 
        "short_term_average": 70432
    }, 
    {
        "date": "2011-12-31", 
        "operating_revenue": 66818, 
        "accumulated_operating_revenue": 278116, 
        "long_term_average": 69529, 
        "short_term_average": 68781
    }, 
    {
        "date": "2012-01-31", 
        "operating_revenue": 51579, 
        "accumulated_operating_revenue": 51579, 
        "long_term_average": 65939, 
        "short_term_average": 64937
    }, 
    {
        "date": "2012-02-29", 
        "operating_revenue": 83704, 
        "accumulated_operating_revenue": 135283, 
        "long_term_average": 68899, 
        "short_term_average": 67367
    }, 
    {
        "date": "2012-03-31", 
        "operating_revenue": 90154, 
        "accumulated_operating_revenue": 225437, 
        "long_term_average": 71936, 
        "short_term_average": 75145
    }, 
    {
        "date": "2012-04-30", 
        "operating_revenue": 74961, 
        "accumulated_operating_revenue": 300398, 
        "long_term_average": 72314, 
        "short_term_average": 82939
    }, 
    {
        "date": "2012-05-31", 
        "operating_revenue": 86414, 
        "accumulated_operating_revenue": 386812, 
        "long_term_average": 73880, 
        "short_term_average": 83843
    }, 
    {
        "date": "2012-06-30", 
        "operating_revenue": 87210, 
        "accumulated_operating_revenue": 474022, 
        "long_term_average": 75213, 
        "short_term_average": 82861
    }, 
    {
        "date": "2012-07-31", 
        "operating_revenue": 87883, 
        "accumulated_operating_revenue": 561905, 
        "long_term_average": 76365, 
        "short_term_average": 87169
    }, 
    {
        "date": "2012-08-31", 
        "operating_revenue": 88832, 
        "accumulated_operating_revenue": 650737, 
        "long_term_average": 77404, 
        "short_term_average": 87975
    }, 
    {
        "accumulated_operating_revenue_yoy": 905.9549685113972, 
        "accumulated_operating_revenue": 721994, 
        "long_term_average": 77361, 
        "date": "2012-09-30", 
        "operating_revenue": 71257, 
        "short_term_average": 82657
    }, 
    {
        "accumulated_operating_revenue_yoy": 481.8493201464984, 
        "accumulated_operating_revenue": 784810, 
        "long_term_average": 77337, 
        "date": "2012-10-31", 
        "operating_revenue": 62816, 
        "short_term_average": 74301
    }, 
    {
        "accumulated_operating_revenue_yoy": 309.9499285369478, 
        "accumulated_operating_revenue": 866216, 
        "long_term_average": 77752, 
        "date": "2012-11-30", 
        "operating_revenue": 81406, 
        "short_term_average": 71826
    }, 
    {
        "accumulated_operating_revenue_yoy": 238.09813171482404, 
        "accumulated_operating_revenue": 940305, 
        "long_term_average": 78358, 
        "date": "2012-12-31", 
        "operating_revenue": 74089, 
        "short_term_average": 72770
    }, 
    {
        "accumulated_operating_revenue_yoy": 82.96205820198142, 
        "accumulated_operating_revenue": 94370, 
        "long_term_average": 81924, 
        "date": "2013-01-31", 
        "operating_revenue": 94370, 
        "short_term_average": 83288
    }, 
    {
        "accumulated_operating_revenue_yoy": 3.739568164514388, 
        "accumulated_operating_revenue": 140342, 
        "long_term_average": 78780, 
        "date": "2013-02-28", 
        "operating_revenue": 45972, 
        "short_term_average": 71477
    }, 
    {
        "accumulated_operating_revenue_yoy": -0.6964251653455289, 
        "accumulated_operating_revenue": 223867, 
        "long_term_average": 78227, 
        "date": "2013-03-31", 
        "operating_revenue": 83525, 
        "short_term_average": 74622
    }, 
    {
        "accumulated_operating_revenue_yoy": 3.4038176019813715, 
        "accumulated_operating_revenue": 310623, 
        "long_term_average": 79210, 
        "date": "2013-04-30", 
        "operating_revenue": 86756, 
        "short_term_average": 72084
    }, 
    {
        "accumulated_operating_revenue_yoy": 3.6909403017486535, 
        "accumulated_operating_revenue": 401089, 
        "long_term_average": 79548, 
        "date": "2013-05-31", 
        "operating_revenue": 90466, 
        "short_term_average": 86915
    }, 
    {
        "accumulated_operating_revenue_yoy": 0.3991375927699558, 
        "accumulated_operating_revenue": 475914, 
        "long_term_average": 78516, 
        "date": "2013-06-30", 
        "operating_revenue": 74825, 
        "short_term_average": 84015
    }, 
    {
        "accumulated_operating_revenue_yoy": 1.1030334309180376, 
        "accumulated_operating_revenue": 568103, 
        "long_term_average": 78875, 
        "date": "2013-07-31", 
        "operating_revenue": 92189, 
        "short_term_average": 85826
    }, 
    {
        "accumulated_operating_revenue_yoy": 0.3503719628667188, 
        "accumulated_operating_revenue": 653017, 
        "long_term_average": 78548, 
        "date": "2013-08-31", 
        "operating_revenue": 84914, 
        "short_term_average": 83976
    }, 
    {
        "accumulated_operating_revenue_yoy": 6.906151574666826, 
        "accumulated_operating_revenue": 771856, 
        "long_term_average": 82513, 
        "date": "2013-09-30", 
        "operating_revenue": 118839, 
        "short_term_average": 98647
    }, 
    {
        "accumulated_operating_revenue_yoy": 14.145461958945477, 
        "accumulated_operating_revenue": 895825, 
        "long_term_average": 87610, 
        "date": "2013-10-31", 
        "operating_revenue": 123969, 
        "short_term_average": 109240
    }, 
    {
        "accumulated_operating_revenue_yoy": 17.969305577361766, 
        "accumulated_operating_revenue": 1021869, 
        "long_term_average": 91329, 
        "date": "2013-11-30", 
        "operating_revenue": 126044, 
        "short_term_average": 122950
    }, 
    {
        "accumulated_operating_revenue_yoy": 21.43347105460462, 
        "accumulated_operating_revenue": 1141845, 
        "long_term_average": 95153, 
        "date": "2013-12-31", 
        "operating_revenue": 119976, 
        "short_term_average": 123329
    }, 
    {
        "accumulated_operating_revenue_yoy": 35.756066546572, 
        "accumulated_operating_revenue": 128113, 
        "long_term_average": 97965, 
        "date": "2014-01-31", 
        "operating_revenue": 128113, 
        "short_term_average": 124711
    }, 
    {
        "accumulated_operating_revenue_yoy": 62.58995881489504, 
        "accumulated_operating_revenue": 228182, 
        "long_term_average": 102473, 
        "date": "2014-02-28", 
        "operating_revenue": 100069, 
        "short_term_average": 116052
    }, 
    {
        "accumulated_operating_revenue_yoy": 52.5655858165786, 
        "accumulated_operating_revenue": 341544, 
        "long_term_average": 104960, 
        "date": "2014-03-31", 
        "operating_revenue": 113362, 
        "short_term_average": 113848
    }, 
    {
        "accumulated_operating_revenue_yoy": 57.707574777141424, 
        "accumulated_operating_revenue": 489876, 
        "long_term_average": 110091, 
        "date": "2014-04-30", 
        "operating_revenue": 148332, 
        "short_term_average": 120587
    }, 
    {
        "accumulated_operating_revenue_yoy": 56.1526244798536, 
        "accumulated_operating_revenue": 626311, 
        "long_term_average": 113922, 
        "date": "2014-05-31", 
        "operating_revenue": 136435, 
        "short_term_average": 132709
    }, 
    {
        "accumulated_operating_revenue_yoy": 57.11998386263064, 
        "accumulated_operating_revenue": 747756, 
        "long_term_average": 117807, 
        "date": "2014-06-30", 
        "operating_revenue": 121445, 
        "short_term_average": 135404
    }, 
    {
        "accumulated_operating_revenue_yoy": 51.1208354822981, 
        "accumulated_operating_revenue": 858522, 
        "long_term_average": 119355, 
        "date": "2014-07-31", 
        "operating_revenue": 110766, 
        "short_term_average": 122882
    }, 
    {
        "accumulated_operating_revenue_yoy": 48.90868078472689, 
        "accumulated_operating_revenue": 972399, 
        "long_term_average": 121768, 
        "date": "2014-08-31", 
        "operating_revenue": 113877, 
        "short_term_average": 115362
    }, 
    {
        "accumulated_operating_revenue_yoy": 42.09165958417114, 
        "accumulated_operating_revenue": 1096743, 
        "long_term_average": 122227, 
        "date": "2014-09-30", 
        "operating_revenue": 124344, 
        "short_term_average": 116329
    }, 
    {
        "accumulated_operating_revenue_yoy": 34.6113359194039, 
        "accumulated_operating_revenue": 1205882, 
        "long_term_average": 120991, 
        "date": "2014-10-31", 
        "operating_revenue": 109139, 
        "short_term_average": 115786
    }, 
    {
        "accumulated_operating_revenue_yoy": 28.110158934266526, 
        "accumulated_operating_revenue": 1309118, 
        "long_term_average": 119091, 
        "date": "2014-11-30", 
        "operating_revenue": 103236, 
        "short_term_average": 112239
    }, 
    {
        "accumulated_operating_revenue_yoy": 28.67797292977593, 
        "accumulated_operating_revenue": 1469303, 
        "long_term_average": 122441, 
        "date": "2014-12-31", 
        "operating_revenue": 160185, 
        "short_term_average": 124186
    }, 
    {
        "accumulated_operating_revenue_yoy": -18.862254416023355, 
        "accumulated_operating_revenue": 103948, 
        "long_term_average": 120428, 
        "date": "2015-01-31", 
        "operating_revenue": 103948, 
        "short_term_average": 122456
    }, 
    {
        "accumulated_operating_revenue_yoy": -21.090182398261035, 
        "accumulated_operating_revenue": 180058, 
        "long_term_average": 118431, 
        "date": "2015-02-28", 
        "operating_revenue": 76110, 
        "short_term_average": 113414
    }, 
    {
        "accumulated_operating_revenue_yoy": -11.708301126648395, 
        "accumulated_operating_revenue": 301555, 
        "long_term_average": 119109, 
        "date": "2015-03-31", 
        "operating_revenue": 121497, 
        "short_term_average": 100518
    }, 
    {
        "accumulated_operating_revenue_yoy": -13.35215442275188, 
        "accumulated_operating_revenue": 424467, 
        "long_term_average": 116991, 
        "date": "2015-04-30", 
        "operating_revenue": 122912, 
        "short_term_average": 106839
    }, 
    {
        "accumulated_operating_revenue_yoy": -11.108698394248224, 
        "accumulated_operating_revenue": 556736, 
        "long_term_average": 116644, 
        "date": "2015-05-31", 
        "operating_revenue": 132269, 
        "short_term_average": 125559
    }, 
    {
        "accumulated_operating_revenue_yoy": -12.381980218146026, 
        "accumulated_operating_revenue": 655169, 
        "long_term_average": 114726, 
        "date": "2015-06-30", 
        "operating_revenue": 98433, 
        "short_term_average": 117871
    }, 
    {
        "accumulated_operating_revenue_yoy": -12.664789021131668, 
        "accumulated_operating_revenue": 749792, 
        "long_term_average": 113381, 
        "date": "2015-07-31", 
        "operating_revenue": 94623, 
        "short_term_average": 108441
    }, 
    {
        "accumulated_operating_revenue_yoy": -9.065414505773864, 
        "accumulated_operating_revenue": 884247, 
        "long_term_average": 115095, 
        "date": "2015-08-31", 
        "operating_revenue": 134455, 
        "short_term_average": 109170
    }, 
    {
        "accumulated_operating_revenue_yoy": -11.904612110585616, 
        "accumulated_operating_revenue": 966180, 
        "long_term_average": 111561, 
        "date": "2015-09-30", 
        "operating_revenue": 81933, 
        "short_term_average": 103670
    }
]