[
    {
        "date": "2012-01-31", 
        "operating_revenue": 207277, 
        "accumulated_operating_revenue": 207277, 
        "long_term_average": 207277, 
        "short_term_average": 207277
    }, 
    {
        "date": "2012-02-29", 
        "operating_revenue": 251101, 
        "accumulated_operating_revenue": 458378, 
        "long_term_average": 229189, 
        "short_term_average": 229189
    }, 
    {
        "date": "2012-03-31", 
        "operating_revenue": 291560, 
        "accumulated_operating_revenue": 749938, 
        "long_term_average": 249979, 
        "short_term_average": 249979
    }, 
    {
        "date": "2012-04-30", 
        "operating_revenue": 328687, 
        "accumulated_operating_revenue": 1078625, 
        "long_term_average": 269656, 
        "short_term_average": 290449
    }, 
    {
        "date": "2012-05-31", 
        "operating_revenue": 401407, 
        "accumulated_operating_revenue": 1480032, 
        "long_term_average": 296006, 
        "short_term_average": 340551
    }, 
    {
        "date": "2012-06-30", 
        "operating_revenue": 358472, 
        "accumulated_operating_revenue": 1838504, 
        "long_term_average": 306417, 
        "short_term_average": 362855
    }, 
    {
        "date": "2012-07-31", 
        "operating_revenue": 370750, 
        "accumulated_operating_revenue": 2209254, 
        "long_term_average": 315607, 
        "short_term_average": 376876
    }, 
    {
        "date": "2012-08-31", 
        "operating_revenue": 315389, 
        "accumulated_operating_revenue": 2524643, 
        "long_term_average": 315580, 
        "short_term_average": 348203
    }, 
    {
        "date": "2012-09-30", 
        "operating_revenue": 310870, 
        "accumulated_operating_revenue": 2835513, 
        "long_term_average": 315057, 
        "short_term_average": 332336
    }, 
    {
        "date": "2012-10-31", 
        "operating_revenue": 317121, 
        "accumulated_operating_revenue": 3152634, 
        "long_term_average": 315263, 
        "short_term_average": 314460
    }, 
    {
        "date": "2012-11-30", 
        "operating_revenue": 279421, 
        "accumulated_operating_revenue": 3432055, 
        "long_term_average": 312005, 
        "short_term_average": 302470
    }, 
    {
        "date": "2012-12-31", 
        "operating_revenue": 274025, 
        "accumulated_operating_revenue": 3706080, 
        "long_term_average": 308840, 
        "short_term_average": 290189
    }, 
    {
        "accumulated_operating_revenue_yoy": 43.083892568881254, 
        "accumulated_operating_revenue": 296580, 
        "long_term_average": 316281, 
        "date": "2013-01-31", 
        "operating_revenue": 296580, 
        "short_term_average": 283342
    }, 
    {
        "accumulated_operating_revenue_yoy": 23.506800064575526, 
        "accumulated_operating_revenue": 566128, 
        "long_term_average": 317819, 
        "date": "2013-02-28", 
        "operating_revenue": 269548, 
        "short_term_average": 280051
    }, 
    {
        "accumulated_operating_revenue_yoy": 19.99991999338612, 
        "accumulated_operating_revenue": 899925, 
        "long_term_average": 321338, 
        "date": "2013-03-31", 
        "operating_revenue": 333797, 
        "short_term_average": 299975
    }, 
    {
        "accumulated_operating_revenue_yoy": 16.425912620234094, 
        "accumulated_operating_revenue": 1255799, 
        "long_term_average": 323604, 
        "date": "2013-04-30", 
        "operating_revenue": 355874, 
        "short_term_average": 319739
    }, 
    {
        "accumulated_operating_revenue_yoy": 7.147345462800804, 
        "accumulated_operating_revenue": 1585815, 
        "long_term_average": 317655, 
        "date": "2013-05-31", 
        "operating_revenue": 330016, 
        "short_term_average": 339895
    }, 
    {
        "accumulated_operating_revenue_yoy": 2.7296105964414545, 
        "accumulated_operating_revenue": 1888688, 
        "long_term_average": 313022, 
        "date": "2013-06-30", 
        "operating_revenue": 302873, 
        "short_term_average": 329587
    }, 
    {
        "accumulated_operating_revenue_yoy": -0.12520063333595866, 
        "accumulated_operating_revenue": 2206488, 
        "long_term_average": 308609, 
        "date": "2013-07-31", 
        "operating_revenue": 317800, 
        "short_term_average": 316896
    }, 
    {
        "accumulated_operating_revenue_yoy": -1.0717554917665586, 
        "accumulated_operating_revenue": 2497585, 
        "long_term_average": 306585, 
        "date": "2013-08-31", 
        "operating_revenue": 291097, 
        "short_term_average": 303923
    }, 
    {
        "accumulated_operating_revenue_yoy": -1.1671609334889315, 
        "accumulated_operating_revenue": 2802418, 
        "long_term_average": 306082, 
        "date": "2013-09-30", 
        "operating_revenue": 304833, 
        "short_term_average": 304576
    }, 
    {
        "accumulated_operating_revenue_yoy": -1.7864427015632007, 
        "accumulated_operating_revenue": 3096314, 
        "long_term_average": 304146, 
        "date": "2013-10-31", 
        "operating_revenue": 293896, 
        "short_term_average": 296608
    }, 
    {
        "accumulated_operating_revenue_yoy": -2.541538524295211, 
        "accumulated_operating_revenue": 3344828, 
        "long_term_average": 301571, 
        "date": "2013-11-30", 
        "operating_revenue": 248514, 
        "short_term_average": 282414
    }, 
    {
        "accumulated_operating_revenue_yoy": -1.4796226740923024, 
        "accumulated_operating_revenue": 3651244, 
        "long_term_average": 304270, 
        "date": "2013-12-31", 
        "operating_revenue": 306416, 
        "short_term_average": 282942
    }, 
    {
        "accumulated_operating_revenue_yoy": -20.236698361319036, 
        "accumulated_operating_revenue": 236562, 
        "long_term_average": 299268, 
        "date": "2014-01-31", 
        "operating_revenue": 236562, 
        "short_term_average": 263830
    }, 
    {
        "accumulated_operating_revenue_yoy": -11.596317440578808, 
        "accumulated_operating_revenue": 500478, 
        "long_term_average": 298799, 
        "date": "2014-02-28", 
        "operating_revenue": 263916, 
        "short_term_average": 268964
    }, 
    {
        "accumulated_operating_revenue_yoy": -4.496374697891491, 
        "accumulated_operating_revenue": 859461, 
        "long_term_average": 300898, 
        "date": "2014-03-31", 
        "operating_revenue": 358983, 
        "short_term_average": 286487
    }, 
    {
        "accumulated_operating_revenue_yoy": -5.267164570126271, 
        "accumulated_operating_revenue": 1189654, 
        "long_term_average": 298758, 
        "date": "2014-04-30", 
        "operating_revenue": 330193, 
        "short_term_average": 317697
    }, 
    {
        "accumulated_operating_revenue_yoy": -0.7020995513348026, 
        "accumulated_operating_revenue": 1574681, 
        "long_term_average": 303342, 
        "date": "2014-05-31", 
        "operating_revenue": 385027, 
        "short_term_average": 358067
    }, 
    {
        "accumulated_operating_revenue_yoy": 3.466056860635531, 
        "accumulated_operating_revenue": 1954151, 
        "long_term_average": 309725, 
        "date": "2014-06-30", 
        "operating_revenue": 379470, 
        "short_term_average": 364896
    }, 
    {
        "accumulated_operating_revenue_yoy": 6.019429971973562, 
        "accumulated_operating_revenue": 2339306, 
        "long_term_average": 315338, 
        "date": "2014-07-31", 
        "operating_revenue": 385155, 
        "short_term_average": 383217
    }, 
    {
        "accumulated_operating_revenue_yoy": 9.22615246327953, 
        "accumulated_operating_revenue": 2728016, 
        "long_term_average": 323472, 
        "date": "2014-08-31", 
        "operating_revenue": 388710, 
        "short_term_average": 384445
    }, 
    {
        "accumulated_operating_revenue_yoy": 10.597955051673233, 
        "accumulated_operating_revenue": 3099417, 
        "long_term_average": 329020, 
        "date": "2014-09-30", 
        "operating_revenue": 371401, 
        "short_term_average": 381755
    }, 
    {
        "accumulated_operating_revenue_yoy": 11.445383123287883, 
        "accumulated_operating_revenue": 3450699, 
        "long_term_average": 333802, 
        "date": "2014-10-31", 
        "operating_revenue": 351282, 
        "short_term_average": 370464
    }, 
    {
        "accumulated_operating_revenue_yoy": 11.957087180566536, 
        "accumulated_operating_revenue": 3744772, 
        "long_term_average": 337599, 
        "date": "2014-11-30", 
        "operating_revenue": 294073, 
        "short_term_average": 338918
    }, 
    {
        "accumulated_operating_revenue_yoy": 11.285742612654756, 
        "accumulated_operating_revenue": 4063314, 
        "long_term_average": 338609, 
        "date": "2014-12-31", 
        "operating_revenue": 318542, 
        "short_term_average": 321299
    }, 
    {
        "accumulated_operating_revenue_yoy": 37.88985551356515, 
        "accumulated_operating_revenue": 326195, 
        "long_term_average": 346078, 
        "date": "2015-01-31", 
        "operating_revenue": 326195, 
        "short_term_average": 312936
    }, 
    {
        "accumulated_operating_revenue_yoy": 17.554617785397163, 
        "accumulated_operating_revenue": 588335, 
        "long_term_average": 345930, 
        "date": "2015-02-28", 
        "operating_revenue": 262140, 
        "short_term_average": 302292
    }, 
    {
        "accumulated_operating_revenue_yoy": 11.83218319388547, 
        "accumulated_operating_revenue": 961154, 
        "long_term_average": 347083, 
        "date": "2015-03-31", 
        "operating_revenue": 372819, 
        "short_term_average": 320384
    }, 
    {
        "accumulated_operating_revenue_yoy": 4.740538005167889, 
        "accumulated_operating_revenue": 1246050, 
        "long_term_average": 343309, 
        "date": "2015-04-30", 
        "operating_revenue": 284896, 
        "short_term_average": 306618
    }, 
    {
        "accumulated_operating_revenue_yoy": 0.5529373885885458, 
        "accumulated_operating_revenue": 1583388, 
        "long_term_average": 339335, 
        "date": "2015-05-31", 
        "operating_revenue": 337338, 
        "short_term_average": 331684
    }, 
    {
        "accumulated_operating_revenue_yoy": -2.670213304908372, 
        "accumulated_operating_revenue": 1901971, 
        "long_term_average": 334261, 
        "date": "2015-06-30", 
        "operating_revenue": 318583, 
        "short_term_average": 313605
    }, 
    {
        "accumulated_operating_revenue_yoy": -6.26570444396757, 
        "accumulated_operating_revenue": 2192732, 
        "long_term_average": 326395, 
        "date": "2015-07-31", 
        "operating_revenue": 290761, 
        "short_term_average": 315560
    }, 
    {
        "accumulated_operating_revenue_yoy": -7.861684095694453, 
        "accumulated_operating_revenue": 2513548, 
        "long_term_average": 320737, 
        "date": "2015-08-31", 
        "operating_revenue": 320816, 
        "short_term_average": 310053
    }, 
    {
        "accumulated_operating_revenue_yoy": -9.351984582907043, 
        "accumulated_operating_revenue": 2809560, 
        "long_term_average": 314454, 
        "date": "2015-09-30", 
        "operating_revenue": 296012, 
        "short_term_average": 302529
    }, 
    {
        "accumulated_operating_revenue_yoy": -9.665085247945417, 
        "accumulated_operating_revenue": 3117186, 
        "long_term_average": 310816, 
        "date": "2015-10-31", 
        "operating_revenue": 307626, 
        "short_term_average": 308151
    }
]