[
    {
        "date": "2012-01-31", 
        "operating_revenue": 55881, 
        "accumulated_operating_revenue": 55881, 
        "long_term_average": 55881, 
        "short_term_average": 55881
    }, 
    {
        "date": "2012-02-29", 
        "operating_revenue": 71099, 
        "accumulated_operating_revenue": 126980, 
        "long_term_average": 63490, 
        "short_term_average": 63490
    }, 
    {
        "date": "2012-03-31", 
        "operating_revenue": 78887, 
        "accumulated_operating_revenue": 205867, 
        "long_term_average": 68622, 
        "short_term_average": 68622
    }, 
    {
        "date": "2012-04-30", 
        "operating_revenue": 84463, 
        "accumulated_operating_revenue": 290330, 
        "long_term_average": 72582, 
        "short_term_average": 78149
    }, 
    {
        "date": "2012-05-31", 
        "operating_revenue": 91322, 
        "accumulated_operating_revenue": 381652, 
        "long_term_average": 76330, 
        "short_term_average": 84890
    }, 
    {
        "date": "2012-06-30", 
        "operating_revenue": 89488, 
        "accumulated_operating_revenue": 471140, 
        "long_term_average": 78523, 
        "short_term_average": 88424
    }, 
    {
        "date": "2012-07-31", 
        "operating_revenue": 85162, 
        "accumulated_operating_revenue": 556302, 
        "long_term_average": 79471, 
        "short_term_average": 88657
    }, 
    {
        "date": "2012-08-31", 
        "operating_revenue": 91325, 
        "accumulated_operating_revenue": 647627, 
        "long_term_average": 80953, 
        "short_term_average": 88658
    }, 
    {
        "date": "2012-09-30", 
        "operating_revenue": 88940, 
        "accumulated_operating_revenue": 736567, 
        "long_term_average": 81840, 
        "short_term_average": 88475
    }, 
    {
        "date": "2012-10-31", 
        "operating_revenue": 83288, 
        "accumulated_operating_revenue": 819855, 
        "long_term_average": 81985, 
        "short_term_average": 87851
    }, 
    {
        "date": "2012-11-30", 
        "operating_revenue": 90378, 
        "accumulated_operating_revenue": 910233, 
        "long_term_average": 82748, 
        "short_term_average": 87535
    }, 
    {
        "date": "2012-12-31", 
        "operating_revenue": 90846, 
        "accumulated_operating_revenue": 1001079, 
        "long_term_average": 83423, 
        "short_term_average": 88170
    }, 
    {
        "accumulated_operating_revenue_yoy": 25.792308655893777, 
        "accumulated_operating_revenue": 70294, 
        "long_term_average": 84624, 
        "date": "2013-01-31", 
        "operating_revenue": 70294, 
        "short_term_average": 83839
    }, 
    {
        "accumulated_operating_revenue_yoy": 2.9083320207906755, 
        "accumulated_operating_revenue": 130673, 
        "long_term_average": 83731, 
        "date": "2013-02-28", 
        "operating_revenue": 60379, 
        "short_term_average": 73839
    }, 
    {
        "accumulated_operating_revenue_yoy": 3.119004017156708, 
        "accumulated_operating_revenue": 212288, 
        "long_term_average": 83958, 
        "date": "2013-03-31", 
        "operating_revenue": 81615, 
        "short_term_average": 70762
    }, 
    {
        "accumulated_operating_revenue_yoy": 1.2888781731133538, 
        "accumulated_operating_revenue": 294072, 
        "long_term_average": 83735, 
        "date": "2013-04-30", 
        "operating_revenue": 81784, 
        "short_term_average": 74592
    }, 
    {
        "accumulated_operating_revenue_yoy": 1.1762024042845316, 
        "accumulated_operating_revenue": 386141, 
        "long_term_average": 83797, 
        "date": "2013-05-31", 
        "operating_revenue": 92069, 
        "short_term_average": 85156
    }, 
    {
        "accumulated_operating_revenue_yoy": 1.5231141486606954, 
        "accumulated_operating_revenue": 478316, 
        "long_term_average": 84021, 
        "date": "2013-06-30", 
        "operating_revenue": 92175, 
        "short_term_average": 88676
    }, 
    {
        "accumulated_operating_revenue_yoy": 3.1610528094452293, 
        "accumulated_operating_revenue": 573887, 
        "long_term_average": 84888, 
        "date": "2013-07-31", 
        "operating_revenue": 95571, 
        "short_term_average": 93271
    }, 
    {
        "accumulated_operating_revenue_yoy": 3.516530348487633, 
        "accumulated_operating_revenue": 670401, 
        "long_term_average": 85321, 
        "date": "2013-08-31", 
        "operating_revenue": 96514, 
        "short_term_average": 94753
    }, 
    {
        "accumulated_operating_revenue_yoy": 3.519842729853496, 
        "accumulated_operating_revenue": 762493, 
        "long_term_average": 85583, 
        "date": "2013-09-30", 
        "operating_revenue": 92092, 
        "short_term_average": 94725
    }, 
    {
        "accumulated_operating_revenue_yoy": 3.983021387928353, 
        "accumulated_operating_revenue": 852510, 
        "long_term_average": 86144, 
        "date": "2013-10-31", 
        "operating_revenue": 90017, 
        "short_term_average": 92874
    }, 
    {
        "accumulated_operating_revenue_yoy": 4.166295882482837, 
        "accumulated_operating_revenue": 948156, 
        "long_term_average": 86583, 
        "date": "2013-11-30", 
        "operating_revenue": 95646, 
        "short_term_average": 92585
    }, 
    {
        "accumulated_operating_revenue_yoy": 6.821040097734545, 
        "accumulated_operating_revenue": 1069363, 
        "long_term_average": 89113, 
        "date": "2013-12-31", 
        "operating_revenue": 121207, 
        "short_term_average": 102290
    }, 
    {
        "accumulated_operating_revenue_yoy": 45.16886220730076, 
        "accumulated_operating_revenue": 102045, 
        "long_term_average": 91759, 
        "date": "2014-01-31", 
        "operating_revenue": 102045, 
        "short_term_average": 106299
    }, 
    {
        "accumulated_operating_revenue_yoy": 47.888240110810955, 
        "accumulated_operating_revenue": 193250, 
        "long_term_average": 94328, 
        "date": "2014-02-28", 
        "operating_revenue": 91205, 
        "short_term_average": 104819
    }, 
    {
        "accumulated_operating_revenue_yoy": 41.346661139583965, 
        "accumulated_operating_revenue": 300062, 
        "long_term_average": 96428, 
        "date": "2014-03-31", 
        "operating_revenue": 106812, 
        "short_term_average": 100020
    }, 
    {
        "accumulated_operating_revenue_yoy": 36.146930003536546, 
        "accumulated_operating_revenue": 400370, 
        "long_term_average": 97971, 
        "date": "2014-04-30", 
        "operating_revenue": 100308, 
        "short_term_average": 99441
    }, 
    {
        "accumulated_operating_revenue_yoy": 29.98671469748097, 
        "accumulated_operating_revenue": 501932, 
        "long_term_average": 98762, 
        "date": "2014-05-31", 
        "operating_revenue": 101562, 
        "short_term_average": 102894
    }, 
    {
        "accumulated_operating_revenue_yoy": 28.70131879343363, 
        "accumulated_operating_revenue": 615599, 
        "long_term_average": 100553, 
        "date": "2014-06-30", 
        "operating_revenue": 113667, 
        "short_term_average": 105179
    }, 
    {
        "accumulated_operating_revenue_yoy": 24.793905420405064, 
        "accumulated_operating_revenue": 716176, 
        "long_term_average": 100971, 
        "date": "2014-07-31", 
        "operating_revenue": 100577, 
        "short_term_average": 105268
    }, 
    {
        "accumulated_operating_revenue_yoy": 21.844537821393466, 
        "accumulated_operating_revenue": 816847, 
        "long_term_average": 101317, 
        "date": "2014-08-31", 
        "operating_revenue": 100671, 
        "short_term_average": 104971
    }, 
    {
        "accumulated_operating_revenue_yoy": 21.312457950433643, 
        "accumulated_operating_revenue": 924999, 
        "long_term_average": 102655, 
        "date": "2014-09-30", 
        "operating_revenue": 108152, 
        "short_term_average": 103133
    }, 
    {
        "accumulated_operating_revenue_yoy": 21.24397367772812, 
        "accumulated_operating_revenue": 1033617, 
        "long_term_average": 104205, 
        "date": "2014-10-31", 
        "operating_revenue": 108618, 
        "short_term_average": 105813
    }, 
    {
        "accumulated_operating_revenue_yoy": 20.6357392665342, 
        "accumulated_operating_revenue": 1143815, 
        "long_term_average": 105418, 
        "date": "2014-11-30", 
        "operating_revenue": 110198, 
        "short_term_average": 108989
    }, 
    {
        "accumulated_operating_revenue_yoy": 19.780373923541397, 
        "accumulated_operating_revenue": 1280887, 
        "long_term_average": 106740, 
        "date": "2014-12-31", 
        "operating_revenue": 137072, 
        "short_term_average": 118629
    }, 
    {
        "accumulated_operating_revenue_yoy": 1.982458719192513, 
        "accumulated_operating_revenue": 104068, 
        "long_term_average": 106909, 
        "date": "2015-01-31", 
        "operating_revenue": 104068, 
        "short_term_average": 117112
    }, 
    {
        "accumulated_operating_revenue_yoy": -2.589391979301423, 
        "accumulated_operating_revenue": 188246, 
        "long_term_average": 106323, 
        "date": "2015-02-28", 
        "operating_revenue": 84178, 
        "short_term_average": 108439
    }, 
    {
        "accumulated_operating_revenue_yoy": 1.868280555351894, 
        "accumulated_operating_revenue": 305668, 
        "long_term_average": 107207, 
        "date": "2015-03-31", 
        "operating_revenue": 117422, 
        "short_term_average": 101889
    }, 
    {
        "accumulated_operating_revenue_yoy": 7.951394959662313, 
        "accumulated_operating_revenue": 432205, 
        "long_term_average": 109393, 
        "date": "2015-04-30", 
        "operating_revenue": 126537, 
        "short_term_average": 109379
    }, 
    {
        "accumulated_operating_revenue_yoy": 7.637887203844346, 
        "accumulated_operating_revenue": 540269, 
        "long_term_average": 109935, 
        "date": "2015-05-31", 
        "operating_revenue": 108064, 
        "short_term_average": 117341
    }, 
    {
        "accumulated_operating_revenue_yoy": 4.274373415161493, 
        "accumulated_operating_revenue": 641912, 
        "long_term_average": 108933, 
        "date": "2015-06-30", 
        "operating_revenue": 101643, 
        "short_term_average": 112081
    }, 
    {
        "accumulated_operating_revenue_yoy": 3.8674850874645337, 
        "accumulated_operating_revenue": 743874, 
        "long_term_average": 109048, 
        "date": "2015-07-31", 
        "operating_revenue": 101962, 
        "short_term_average": 103889
    }, 
    {
        "accumulated_operating_revenue_yoy": 2.5031615467768136, 
        "accumulated_operating_revenue": 837294, 
        "long_term_average": 108444, 
        "date": "2015-08-31", 
        "operating_revenue": 93420, 
        "short_term_average": 99008
    }
]