[
    {
        "date": "2012-01-31", 
        "operating_revenue": 4075, 
        "accumulated_operating_revenue": 4075, 
        "long_term_average": 4075, 
        "short_term_average": 4075
    }, 
    {
        "date": "2012-02-29", 
        "operating_revenue": 3589, 
        "accumulated_operating_revenue": 7664, 
        "long_term_average": 3832, 
        "short_term_average": 3832
    }, 
    {
        "date": "2012-03-31", 
        "operating_revenue": 2953, 
        "accumulated_operating_revenue": 10617, 
        "long_term_average": 3539, 
        "short_term_average": 3539
    }, 
    {
        "date": "2012-04-30", 
        "operating_revenue": 2041, 
        "accumulated_operating_revenue": 12658, 
        "long_term_average": 3164, 
        "short_term_average": 2861
    }, 
    {
        "date": "2012-05-31", 
        "operating_revenue": 47939, 
        "accumulated_operating_revenue": 60597, 
        "long_term_average": 12119, 
        "short_term_average": 17644
    }, 
    {
        "date": "2012-06-30", 
        "operating_revenue": 4503, 
        "accumulated_operating_revenue": 65100, 
        "long_term_average": 10850, 
        "short_term_average": 18161
    }, 
    {
        "date": "2012-07-31", 
        "operating_revenue": 3860, 
        "accumulated_operating_revenue": 68960, 
        "long_term_average": 9851, 
        "short_term_average": 18767
    }, 
    {
        "date": "2012-08-31", 
        "operating_revenue": 4204, 
        "accumulated_operating_revenue": 73164, 
        "long_term_average": 9145, 
        "short_term_average": 4189
    }, 
    {
        "date": "2012-09-30", 
        "operating_revenue": 2811, 
        "accumulated_operating_revenue": 75975, 
        "long_term_average": 8441, 
        "short_term_average": 3625
    }, 
    {
        "date": "2012-10-31", 
        "operating_revenue": 5117, 
        "accumulated_operating_revenue": 81092, 
        "long_term_average": 8109, 
        "short_term_average": 4044
    }, 
    {
        "date": "2012-11-30", 
        "operating_revenue": 128253, 
        "accumulated_operating_revenue": 209345, 
        "long_term_average": 19031, 
        "short_term_average": 45393
    }, 
    {
        "date": "2012-12-31", 
        "operating_revenue": 26777, 
        "accumulated_operating_revenue": 236122, 
        "long_term_average": 19676, 
        "short_term_average": 53382
    }, 
    {
        "accumulated_operating_revenue_yoy": 115.92638036809817, 
        "accumulated_operating_revenue": 8799, 
        "long_term_average": 20070, 
        "date": "2013-01-31", 
        "operating_revenue": 8799, 
        "short_term_average": 54609
    }, 
    {
        "accumulated_operating_revenue_yoy": 51.70929018789144, 
        "accumulated_operating_revenue": 11627, 
        "long_term_average": 20007, 
        "date": "2013-02-28", 
        "operating_revenue": 2828, 
        "short_term_average": 12801
    }, 
    {
        "accumulated_operating_revenue_yoy": 95.49778656871057, 
        "accumulated_operating_revenue": 20756, 
        "long_term_average": 20521, 
        "date": "2013-03-31", 
        "operating_revenue": 9129, 
        "short_term_average": 6918
    }, 
    {
        "accumulated_operating_revenue_yoy": 140.22752409543372, 
        "accumulated_operating_revenue": 30408, 
        "long_term_average": 21156, 
        "date": "2013-04-30", 
        "operating_revenue": 9652, 
        "short_term_average": 7203
    }, 
    {
        "accumulated_operating_revenue_yoy": -42.18690694258792, 
        "accumulated_operating_revenue": 35033, 
        "long_term_average": 17546, 
        "date": "2013-05-31", 
        "operating_revenue": 4625, 
        "short_term_average": 7802
    }, 
    {
        "accumulated_operating_revenue_yoy": -38.526881720430104, 
        "accumulated_operating_revenue": 40019, 
        "long_term_average": 17586, 
        "date": "2013-06-30", 
        "operating_revenue": 4986, 
        "short_term_average": 6421
    }, 
    {
        "accumulated_operating_revenue_yoy": -40.83816705336427, 
        "accumulated_operating_revenue": 40798, 
        "long_term_average": 17330, 
        "date": "2013-07-31", 
        "operating_revenue": 779, 
        "short_term_average": 3463
    }, 
    {
        "accumulated_operating_revenue_yoy": 58.98802689847466, 
        "accumulated_operating_revenue": 116322, 
        "long_term_average": 23273, 
        "date": "2013-08-31", 
        "operating_revenue": 75524, 
        "short_term_average": 27096
    }, 
    {
        "accumulated_operating_revenue_yoy": 163.80125041131953, 
        "accumulated_operating_revenue": 200423, 
        "long_term_average": 30047, 
        "date": "2013-09-30", 
        "operating_revenue": 84101, 
        "short_term_average": 53468
    }, 
    {
        "accumulated_operating_revenue_yoy": 375.26759729689735, 
        "accumulated_operating_revenue": 385404, 
        "long_term_average": 45036, 
        "date": "2013-10-31", 
        "operating_revenue": 184981, 
        "short_term_average": 114868
    }, 
    {
        "accumulated_operating_revenue_yoy": 85.13649716974372, 
        "accumulated_operating_revenue": 387574, 
        "long_term_average": 34529, 
        "date": "2013-11-30", 
        "operating_revenue": 2170, 
        "short_term_average": 90417
    }, 
    {
        "accumulated_operating_revenue_yoy": 141.50523881722162, 
        "accumulated_operating_revenue": 570247, 
        "long_term_average": 47520, 
        "date": "2013-12-31", 
        "operating_revenue": 182673, 
        "short_term_average": 123274
    }, 
    {
        "accumulated_operating_revenue_yoy": 62.484373224230026, 
        "accumulated_operating_revenue": 14297, 
        "long_term_average": 47978, 
        "date": "2014-01-31", 
        "operating_revenue": 14297, 
        "short_term_average": 66380
    }, 
    {
        "accumulated_operating_revenue_yoy": 41.12840801582524, 
        "accumulated_operating_revenue": 16409, 
        "long_term_average": 47919, 
        "date": "2014-02-28", 
        "operating_revenue": 2112, 
        "short_term_average": 66360
    }, 
    {
        "accumulated_operating_revenue_yoy": 85.72942763538254, 
        "accumulated_operating_revenue": 38550, 
        "long_term_average": 49003, 
        "date": "2014-03-31", 
        "operating_revenue": 22141, 
        "short_term_average": 12850
    }, 
    {
        "accumulated_operating_revenue_yoy": 74.36200999736911, 
        "accumulated_operating_revenue": 53020, 
        "long_term_average": 49404, 
        "date": "2014-04-30", 
        "operating_revenue": 14470, 
        "short_term_average": 12907
    }, 
    {
        "accumulated_operating_revenue_yoy": 85.69634344760654, 
        "accumulated_operating_revenue": 65055, 
        "long_term_average": 50022, 
        "date": "2014-05-31", 
        "operating_revenue": 12035, 
        "short_term_average": 16215
    }, 
    {
        "accumulated_operating_revenue_yoy": 96.16182313401134, 
        "accumulated_operating_revenue": 78502, 
        "long_term_average": 50727, 
        "date": "2014-06-30", 
        "operating_revenue": 13447, 
        "short_term_average": 13317
    }, 
    {
        "accumulated_operating_revenue_yoy": 126.08216089023972, 
        "accumulated_operating_revenue": 92237, 
        "long_term_average": 51807, 
        "date": "2014-07-31", 
        "operating_revenue": 13735, 
        "short_term_average": 13072
    }, 
    {
        "accumulated_operating_revenue_yoy": -19.24829353002871, 
        "accumulated_operating_revenue": 93932, 
        "long_term_average": 45654, 
        "date": "2014-08-31", 
        "operating_revenue": 1695, 
        "short_term_average": 9625
    }, 
    {
        "accumulated_operating_revenue_yoy": -52.418634587846704, 
        "accumulated_operating_revenue": 95364, 
        "long_term_average": 38765, 
        "date": "2014-09-30", 
        "operating_revenue": 1432, 
        "short_term_average": 5620
    }, 
    {
        "accumulated_operating_revenue_yoy": -74.9922159603948, 
        "accumulated_operating_revenue": 96381, 
        "long_term_average": 23435, 
        "date": "2014-10-31", 
        "operating_revenue": 1017, 
        "short_term_average": 1381
    }, 
    {
        "accumulated_operating_revenue_yoy": -74.8432557395491, 
        "accumulated_operating_revenue": 97501, 
        "long_term_average": 23347, 
        "date": "2014-11-30", 
        "operating_revenue": 1120, 
        "short_term_average": 1189
    }, 
    {
        "accumulated_operating_revenue_yoy": -82.56930768596766, 
        "accumulated_operating_revenue": 99398, 
        "long_term_average": 8283, 
        "date": "2014-12-31", 
        "operating_revenue": 1897, 
        "short_term_average": 1344
    }, 
    {
        "accumulated_operating_revenue_yoy": -86.56361474435195, 
        "accumulated_operating_revenue": 1921, 
        "long_term_average": 7251, 
        "date": "2015-01-31", 
        "operating_revenue": 1921, 
        "short_term_average": 1646
    }, 
    {
        "accumulated_operating_revenue_yoy": -68.79151685050887, 
        "accumulated_operating_revenue": 5121, 
        "long_term_average": 7342, 
        "date": "2015-02-28", 
        "operating_revenue": 3200, 
        "short_term_average": 2339
    }, 
    {
        "accumulated_operating_revenue_yoy": -79.88067444876783, 
        "accumulated_operating_revenue": 7756, 
        "long_term_average": 5717, 
        "date": "2015-03-31", 
        "operating_revenue": 2635, 
        "short_term_average": 2585
    }, 
    {
        "accumulated_operating_revenue_yoy": -82.15201810637495, 
        "accumulated_operating_revenue": 9463, 
        "long_term_average": 4653, 
        "date": "2015-04-30", 
        "operating_revenue": 1707, 
        "short_term_average": 2514
    }, 
    {
        "accumulated_operating_revenue_yoy": -82.44254861271232, 
        "accumulated_operating_revenue": 11422, 
        "long_term_average": 3813, 
        "date": "2015-05-31", 
        "operating_revenue": 1959, 
        "short_term_average": 2100
    }, 
    {
        "accumulated_operating_revenue_yoy": -83.56984535425849, 
        "accumulated_operating_revenue": 12898, 
        "long_term_average": 2816, 
        "date": "2015-06-30", 
        "operating_revenue": 1476, 
        "short_term_average": 1714
    }, 
    {
        "accumulated_operating_revenue_yoy": -84.46501946073701, 
        "accumulated_operating_revenue": 14329, 
        "long_term_average": 1790, 
        "date": "2015-07-31", 
        "operating_revenue": 1431, 
        "short_term_average": 1622
    }, 
    {
        "accumulated_operating_revenue_yoy": -81.7751139121918, 
        "accumulated_operating_revenue": 17119, 
        "long_term_average": 1882, 
        "date": "2015-08-31", 
        "operating_revenue": 2790, 
        "short_term_average": 1899
    }, 
    {
        "accumulated_operating_revenue_yoy": -78.4981754121052, 
        "accumulated_operating_revenue": 20505, 
        "long_term_average": 2044, 
        "date": "2015-09-30", 
        "operating_revenue": 3386, 
        "short_term_average": 2535
    }
]