[
    {
        "date": "2011-09-30", 
        "operating_revenue": 900381, 
        "accumulated_operating_revenue": 900381, 
        "long_term_average": 900381, 
        "short_term_average": 900381
    }, 
    {
        "date": "2011-10-31", 
        "operating_revenue": 578196, 
        "accumulated_operating_revenue": 1478577, 
        "long_term_average": 739288, 
        "short_term_average": 739288
    }, 
    {
        "date": "2011-11-30", 
        "operating_revenue": 631488, 
        "accumulated_operating_revenue": 2110065, 
        "long_term_average": 703355, 
        "short_term_average": 703355
    }, 
    {
        "date": "2011-12-31", 
        "operating_revenue": 751882, 
        "accumulated_operating_revenue": 2861947, 
        "long_term_average": 715486, 
        "short_term_average": 653855
    }, 
    {
        "date": "2012-01-31", 
        "operating_revenue": 286513, 
        "accumulated_operating_revenue": 286513, 
        "long_term_average": 629692, 
        "short_term_average": 556627
    }, 
    {
        "date": "2012-02-29", 
        "operating_revenue": 669779, 
        "accumulated_operating_revenue": 956292, 
        "long_term_average": 636373, 
        "short_term_average": 569391
    }, 
    {
        "date": "2012-03-31", 
        "operating_revenue": 904777, 
        "accumulated_operating_revenue": 1861069, 
        "long_term_average": 674716, 
        "short_term_average": 620356
    }, 
    {
        "date": "2012-04-30", 
        "operating_revenue": 637851, 
        "accumulated_operating_revenue": 2498920, 
        "long_term_average": 670108, 
        "short_term_average": 737469
    }, 
    {
        "date": "2012-05-31", 
        "operating_revenue": 724387, 
        "accumulated_operating_revenue": 3223307, 
        "long_term_average": 676139, 
        "short_term_average": 755671
    }, 
    {
        "date": "2012-06-30", 
        "operating_revenue": 850683, 
        "accumulated_operating_revenue": 4073990, 
        "long_term_average": 693593, 
        "short_term_average": 737640
    }, 
    {
        "date": "2012-07-31", 
        "operating_revenue": 1254044, 
        "accumulated_operating_revenue": 5328034, 
        "long_term_average": 744543, 
        "short_term_average": 943038
    }, 
    {
        "date": "2012-08-31", 
        "operating_revenue": 1324294, 
        "accumulated_operating_revenue": 6652328, 
        "long_term_average": 792856, 
        "short_term_average": 1143007
    }, 
    {
        "accumulated_operating_revenue_yoy": 800.6628305128606, 
        "accumulated_operating_revenue": 8109397, 
        "long_term_average": 839246, 
        "date": "2012-09-30", 
        "operating_revenue": 1457069, 
        "short_term_average": 1345135
    }, 
    {
        "accumulated_operating_revenue_yoy": 502.62529445541213, 
        "accumulated_operating_revenue": 8910279, 
        "long_term_average": 857804, 
        "date": "2012-10-31", 
        "operating_revenue": 800882, 
        "short_term_average": 1194081
    }, 
    {
        "accumulated_operating_revenue_yoy": 357.56571480025497, 
        "accumulated_operating_revenue": 9654934, 
        "long_term_average": 867234, 
        "date": "2012-11-30", 
        "operating_revenue": 744655, 
        "short_term_average": 1000868
    }, 
    {
        "accumulated_operating_revenue_yoy": 264.07976807397205, 
        "accumulated_operating_revenue": 10419770, 
        "long_term_average": 868314, 
        "date": "2012-12-31", 
        "operating_revenue": 764836, 
        "short_term_average": 770124
    }, 
    {
        "accumulated_operating_revenue_yoy": 275.5494515083085, 
        "accumulated_operating_revenue": 1075998, 
        "long_term_average": 934104, 
        "date": "2013-01-31", 
        "operating_revenue": 1075998, 
        "short_term_average": 861829
    }, 
    {
        "accumulated_operating_revenue_yoy": 61.777469643163386, 
        "accumulated_operating_revenue": 1547065, 
        "long_term_average": 917545, 
        "date": "2013-02-28", 
        "operating_revenue": 471067, 
        "short_term_average": 770633
    }, 
    {
        "accumulated_operating_revenue_yoy": 56.452286293522704, 
        "accumulated_operating_revenue": 2911685, 
        "long_term_average": 955865, 
        "date": "2013-03-31", 
        "operating_revenue": 1364620, 
        "short_term_average": 970561
    }, 
    {
        "accumulated_operating_revenue_yoy": 60.79866502329006, 
        "accumulated_operating_revenue": 4018230, 
        "long_term_average": 994923, 
        "date": "2013-04-30", 
        "operating_revenue": 1106545, 
        "short_term_average": 980744
    }, 
    {
        "accumulated_operating_revenue_yoy": 56.963298872865664, 
        "accumulated_operating_revenue": 5059409, 
        "long_term_average": 1021322, 
        "date": "2013-05-31", 
        "operating_revenue": 1041179, 
        "short_term_average": 1170781
    }, 
    {
        "accumulated_operating_revenue_yoy": 45.354775048539636, 
        "accumulated_operating_revenue": 5921739, 
        "long_term_average": 1022293, 
        "date": "2013-06-30", 
        "operating_revenue": 862330, 
        "short_term_average": 1003351
    }, 
    {
        "accumulated_operating_revenue_yoy": 31.117143771980434, 
        "accumulated_operating_revenue": 6985966, 
        "long_term_average": 1006475, 
        "date": "2013-07-31", 
        "operating_revenue": 1064227, 
        "short_term_average": 989245
    }, 
    {
        "accumulated_operating_revenue_yoy": 24.41560307910253, 
        "accumulated_operating_revenue": 8276534, 
        "long_term_average": 1003664, 
        "date": "2013-08-31", 
        "operating_revenue": 1290568, 
        "short_term_average": 1072375
    }, 
    {
        "accumulated_operating_revenue_yoy": 15.614810817623063, 
        "accumulated_operating_revenue": 9375664, 
        "long_term_average": 973836, 
        "date": "2013-09-30", 
        "operating_revenue": 1099130, 
        "short_term_average": 1151308
    }, 
    {
        "accumulated_operating_revenue_yoy": 16.279681029067664, 
        "accumulated_operating_revenue": 10360844, 
        "long_term_average": 989194, 
        "date": "2013-10-31", 
        "operating_revenue": 985180, 
        "short_term_average": 1124959
    }, 
    {
        "accumulated_operating_revenue_yoy": 18.17951318983641, 
        "accumulated_operating_revenue": 11410154, 
        "long_term_average": 1014582, 
        "date": "2013-11-30", 
        "operating_revenue": 1049310, 
        "short_term_average": 1044540
    }, 
    {
        "accumulated_operating_revenue_yoy": 20.150051296717685, 
        "accumulated_operating_revenue": 12519359, 
        "long_term_average": 1043279, 
        "date": "2013-12-31", 
        "operating_revenue": 1109205, 
        "short_term_average": 1047898
    }, 
    {
        "accumulated_operating_revenue_yoy": -23.040935020325318, 
        "accumulated_operating_revenue": 828078, 
        "long_term_average": 1022619, 
        "date": "2014-01-31", 
        "operating_revenue": 828078, 
        "short_term_average": 995531
    }, 
    {
        "accumulated_operating_revenue_yoy": 13.366535989114873, 
        "accumulated_operating_revenue": 1753854, 
        "long_term_average": 1060512, 
        "date": "2014-02-28", 
        "operating_revenue": 925776, 
        "short_term_average": 954353
    }, 
    {
        "accumulated_operating_revenue_yoy": 0.8247801530728771, 
        "accumulated_operating_revenue": 2935700, 
        "long_term_average": 1045281, 
        "date": "2014-03-31", 
        "operating_revenue": 1181846, 
        "short_term_average": 978566
    }, 
    {
        "accumulated_operating_revenue_yoy": 2.408124970447187, 
        "accumulated_operating_revenue": 4114994, 
        "long_term_average": 1051343, 
        "date": "2014-04-30", 
        "operating_revenue": 1179294, 
        "short_term_average": 1095638
    }, 
    {
        "accumulated_operating_revenue_yoy": 5.209995871059248, 
        "accumulated_operating_revenue": 5323004, 
        "long_term_average": 1065246, 
        "date": "2014-05-31", 
        "operating_revenue": 1208010, 
        "short_term_average": 1189716
    }, 
    {
        "accumulated_operating_revenue_yoy": 7.674569919410497, 
        "accumulated_operating_revenue": 6376207, 
        "long_term_average": 1081152, 
        "date": "2014-06-30", 
        "operating_revenue": 1053203, 
        "short_term_average": 1146835
    }, 
    {
        "accumulated_operating_revenue_yoy": 6.532196120049825, 
        "accumulated_operating_revenue": 7442303, 
        "long_term_average": 1081308, 
        "date": "2014-07-31", 
        "operating_revenue": 1066096, 
        "short_term_average": 1109103
    }, 
    {
        "accumulated_operating_revenue_yoy": 2.0344748175987677, 
        "accumulated_operating_revenue": 8444918, 
        "long_term_average": 1057311, 
        "date": "2014-08-31", 
        "operating_revenue": 1002615, 
        "short_term_average": 1040638
    }, 
    {
        "accumulated_operating_revenue_yoy": 1.3237249116435912, 
        "accumulated_operating_revenue": 9499772, 
        "long_term_average": 1053622, 
        "date": "2014-09-30", 
        "operating_revenue": 1054854, 
        "short_term_average": 1041188
    }, 
    {
        "accumulated_operating_revenue_yoy": 2.8588790642924455, 
        "accumulated_operating_revenue": 10657048, 
        "long_term_average": 1067963, 
        "date": "2014-10-31", 
        "operating_revenue": 1157276, 
        "short_term_average": 1071581
    }, 
    {
        "accumulated_operating_revenue_yoy": 1.095287583322714, 
        "accumulated_operating_revenue": 11535128, 
        "long_term_average": 1053694, 
        "date": "2014-11-30", 
        "operating_revenue": 878080, 
        "short_term_average": 1030070
    }, 
    {
        "accumulated_operating_revenue_yoy": 1.0709334239876018, 
        "accumulated_operating_revenue": 12653433, 
        "long_term_average": 1054452, 
        "date": "2014-12-31", 
        "operating_revenue": 1118305, 
        "short_term_average": 1051220
    }, 
    {
        "accumulated_operating_revenue_yoy": 26.68311439260553, 
        "accumulated_operating_revenue": 1049035, 
        "long_term_average": 1072865, 
        "date": "2015-01-31", 
        "operating_revenue": 1049035, 
        "short_term_average": 1015140
    }, 
    {
        "accumulated_operating_revenue_yoy": -16.78110036525275, 
        "accumulated_operating_revenue": 1459538, 
        "long_term_average": 1029926, 
        "date": "2015-02-28", 
        "operating_revenue": 410503, 
        "short_term_average": 859281
    }, 
    {
        "accumulated_operating_revenue_yoy": -26.438021596212145, 
        "accumulated_operating_revenue": 2159559, 
        "long_term_average": 989774, 
        "date": "2015-03-31", 
        "operating_revenue": 700021, 
        "short_term_average": 719853
    }, 
    {
        "accumulated_operating_revenue_yoy": -26.72246909716029, 
        "accumulated_operating_revenue": 3015366, 
        "long_term_average": 962817, 
        "date": "2015-04-30", 
        "operating_revenue": 855807, 
        "short_term_average": 655443
    }, 
    {
        "accumulated_operating_revenue_yoy": -29.360056840085036, 
        "accumulated_operating_revenue": 3760167, 
        "long_term_average": 924216, 
        "date": "2015-05-31", 
        "operating_revenue": 744801, 
        "short_term_average": 766876
    }, 
    {
        "accumulated_operating_revenue_yoy": -29.027398263575822, 
        "accumulated_operating_revenue": 4525360, 
        "long_term_average": 900215, 
        "date": "2015-06-30", 
        "operating_revenue": 765193, 
        "short_term_average": 788600
    }, 
    {
        "accumulated_operating_revenue_yoy": -30.65543018068466, 
        "accumulated_operating_revenue": 5160833, 
        "long_term_average": 864330, 
        "date": "2015-07-31", 
        "operating_revenue": 635473, 
        "short_term_average": 715155
    }, 
    {
        "accumulated_operating_revenue_yoy": -29.806281126708395, 
        "accumulated_operating_revenue": 5927802, 
        "long_term_average": 844693, 
        "date": "2015-08-31", 
        "operating_revenue": 766969, 
        "short_term_average": 722545
    }, 
    {
        "accumulated_operating_revenue_yoy": -30.670230822381843, 
        "accumulated_operating_revenue": 6586170, 
        "long_term_average": 811652, 
        "date": "2015-09-30", 
        "operating_revenue": 658368, 
        "short_term_average": 686936
    }
]