[
    {
        "date": "2012-01-31", 
        "operating_revenue": 113496, 
        "accumulated_operating_revenue": 113496, 
        "long_term_average": 113496, 
        "short_term_average": 113496
    }, 
    {
        "date": "2012-02-29", 
        "operating_revenue": 132713, 
        "accumulated_operating_revenue": 246209, 
        "long_term_average": 123104, 
        "short_term_average": 123104
    }, 
    {
        "date": "2012-03-31", 
        "operating_revenue": 135210, 
        "accumulated_operating_revenue": 381419, 
        "long_term_average": 127139, 
        "short_term_average": 127139
    }, 
    {
        "date": "2012-04-30", 
        "operating_revenue": 141818, 
        "accumulated_operating_revenue": 523237, 
        "long_term_average": 130809, 
        "short_term_average": 136580
    }, 
    {
        "date": "2012-05-31", 
        "operating_revenue": 142277, 
        "accumulated_operating_revenue": 665514, 
        "long_term_average": 133102, 
        "short_term_average": 139768
    }, 
    {
        "date": "2012-06-30", 
        "operating_revenue": 115016, 
        "accumulated_operating_revenue": 780530, 
        "long_term_average": 130088, 
        "short_term_average": 133037
    }, 
    {
        "date": "2012-07-31", 
        "operating_revenue": 148371, 
        "accumulated_operating_revenue": 928901, 
        "long_term_average": 132700, 
        "short_term_average": 135221
    }, 
    {
        "date": "2012-08-31", 
        "operating_revenue": 175503, 
        "accumulated_operating_revenue": 1104404, 
        "long_term_average": 138050, 
        "short_term_average": 146296
    }, 
    {
        "date": "2012-09-30", 
        "operating_revenue": 139123, 
        "accumulated_operating_revenue": 1243527, 
        "long_term_average": 138169, 
        "short_term_average": 154332
    }, 
    {
        "date": "2012-10-31", 
        "operating_revenue": 94908, 
        "accumulated_operating_revenue": 1338435, 
        "long_term_average": 133843, 
        "short_term_average": 136511
    }, 
    {
        "date": "2012-11-30", 
        "operating_revenue": 149510, 
        "accumulated_operating_revenue": 1487945, 
        "long_term_average": 135267, 
        "short_term_average": 127847
    }, 
    {
        "date": "2012-12-31", 
        "operating_revenue": 133504, 
        "accumulated_operating_revenue": 1621449, 
        "long_term_average": 135120, 
        "short_term_average": 125974
    }, 
    {
        "accumulated_operating_revenue_yoy": 51.53397476563051, 
        "accumulated_operating_revenue": 171985, 
        "long_term_average": 139994, 
        "date": "2013-01-31", 
        "operating_revenue": 171985, 
        "short_term_average": 151666
    }, 
    {
        "accumulated_operating_revenue_yoy": 14.08803090057634, 
        "accumulated_operating_revenue": 280895, 
        "long_term_average": 138011, 
        "date": "2013-02-28", 
        "operating_revenue": 108910, 
        "short_term_average": 138133
    }, 
    {
        "accumulated_operating_revenue_yoy": 9.785039549681583, 
        "accumulated_operating_revenue": 418741, 
        "long_term_average": 138230, 
        "date": "2013-03-31", 
        "operating_revenue": 137846, 
        "short_term_average": 139580
    }, 
    {
        "accumulated_operating_revenue_yoy": 11.671957449492295, 
        "accumulated_operating_revenue": 584309, 
        "long_term_average": 140210, 
        "date": "2013-04-30", 
        "operating_revenue": 165568, 
        "short_term_average": 137441
    }, 
    {
        "accumulated_operating_revenue_yoy": 14.072280973803705, 
        "accumulated_operating_revenue": 759167, 
        "long_term_average": 142925, 
        "date": "2013-05-31", 
        "operating_revenue": 174858, 
        "short_term_average": 159424
    }, 
    {
        "accumulated_operating_revenue_yoy": 11.683087133101868, 
        "accumulated_operating_revenue": 871720, 
        "long_term_average": 142719, 
        "date": "2013-06-30", 
        "operating_revenue": 112553, 
        "short_term_average": 150993
    }, 
    {
        "accumulated_operating_revenue_yoy": 5.838189430305275, 
        "accumulated_operating_revenue": 983132, 
        "long_term_average": 139640, 
        "date": "2013-07-31", 
        "operating_revenue": 111412, 
        "short_term_average": 132941
    }, 
    {
        "accumulated_operating_revenue_yoy": 2.9036475782412956, 
        "accumulated_operating_revenue": 1136472, 
        "long_term_average": 137793, 
        "date": "2013-08-31", 
        "operating_revenue": 153340, 
        "short_term_average": 125768
    }, 
    {
        "accumulated_operating_revenue_yoy": 1.0039186925575398, 
        "accumulated_operating_revenue": 1256011, 
        "long_term_average": 136161, 
        "date": "2013-09-30", 
        "operating_revenue": 119539, 
        "short_term_average": 128097
    }, 
    {
        "accumulated_operating_revenue_yoy": 3.922192710142816, 
        "accumulated_operating_revenue": 1390931, 
        "long_term_average": 139495, 
        "date": "2013-10-31", 
        "operating_revenue": 134920, 
        "short_term_average": 135933
    }, 
    {
        "accumulated_operating_revenue_yoy": 6.08812825742887, 
        "accumulated_operating_revenue": 1578533, 
        "long_term_average": 142669, 
        "date": "2013-11-30", 
        "operating_revenue": 187602, 
        "short_term_average": 147353
    }, 
    {
        "accumulated_operating_revenue_yoy": 7.87234134406941, 
        "accumulated_operating_revenue": 1749095, 
        "long_term_average": 145757, 
        "date": "2013-12-31", 
        "operating_revenue": 170562, 
        "short_term_average": 164361
    }, 
    {
        "accumulated_operating_revenue_yoy": -1.3727941390237521, 
        "accumulated_operating_revenue": 169624, 
        "long_term_average": 145561, 
        "date": "2014-01-31", 
        "operating_revenue": 169624, 
        "short_term_average": 175929
    }, 
    {
        "accumulated_operating_revenue_yoy": 15.506861994695525, 
        "accumulated_operating_revenue": 324453, 
        "long_term_average": 149387, 
        "date": "2014-02-28", 
        "operating_revenue": 154829, 
        "short_term_average": 165005
    }, 
    {
        "accumulated_operating_revenue_yoy": 7.6340745233927425, 
        "accumulated_operating_revenue": 450708, 
        "long_term_average": 148421, 
        "date": "2014-03-31", 
        "operating_revenue": 126255, 
        "short_term_average": 150236
    }, 
    {
        "accumulated_operating_revenue_yoy": 3.6234252766943515, 
        "accumulated_operating_revenue": 605481, 
        "long_term_average": 147522, 
        "date": "2014-04-30", 
        "operating_revenue": 154773, 
        "short_term_average": 145285
    }, 
    {
        "accumulated_operating_revenue_yoy": 1.9433141851529372, 
        "accumulated_operating_revenue": 773920, 
        "long_term_average": 146987, 
        "date": "2014-05-31", 
        "operating_revenue": 168439, 
        "short_term_average": 149822
    }, 
    {
        "accumulated_operating_revenue_yoy": 8.254829532418666, 
        "accumulated_operating_revenue": 943679, 
        "long_term_average": 151754, 
        "date": "2014-06-30", 
        "operating_revenue": 169759, 
        "short_term_average": 164323
    }, 
    {
        "accumulated_operating_revenue_yoy": 16.130183942746243, 
        "accumulated_operating_revenue": 1141713, 
        "long_term_average": 158973, 
        "date": "2014-07-31", 
        "operating_revenue": 198034, 
        "short_term_average": 178744
    }, 
    {
        "accumulated_operating_revenue_yoy": 13.651370205337217, 
        "accumulated_operating_revenue": 1291616, 
        "long_term_average": 158686, 
        "date": "2014-08-31", 
        "operating_revenue": 149903, 
        "short_term_average": 172565
    }, 
    {
        "accumulated_operating_revenue_yoy": 15.82908111473546, 
        "accumulated_operating_revenue": 1454826, 
        "long_term_average": 162325, 
        "date": "2014-09-30", 
        "operating_revenue": 163210, 
        "short_term_average": 170382
    }, 
    {
        "accumulated_operating_revenue_yoy": 16.603843037505094, 
        "accumulated_operating_revenue": 1621879, 
        "long_term_average": 165003, 
        "date": "2014-10-31", 
        "operating_revenue": 167053, 
        "short_term_average": 160055
    }, 
    {
        "accumulated_operating_revenue_yoy": 13.467694371926338, 
        "accumulated_operating_revenue": 1791125, 
        "long_term_average": 163473, 
        "date": "2014-11-30", 
        "operating_revenue": 169246, 
        "short_term_average": 166503
    }, 
    {
        "accumulated_operating_revenue_yoy": 12.742075187454082, 
        "accumulated_operating_revenue": 1971966, 
        "long_term_average": 164330, 
        "date": "2014-12-31", 
        "operating_revenue": 180841, 
        "short_term_average": 172380
    }, 
    {
        "accumulated_operating_revenue_yoy": 14.177239069942932, 
        "accumulated_operating_revenue": 193672, 
        "long_term_average": 166334, 
        "date": "2015-01-31", 
        "operating_revenue": 193672, 
        "short_term_average": 181253
    }, 
    {
        "accumulated_operating_revenue_yoy": 6.546402714722934, 
        "accumulated_operating_revenue": 345693, 
        "long_term_average": 166100, 
        "date": "2015-02-28", 
        "operating_revenue": 152021, 
        "short_term_average": 175511
    }, 
    {
        "accumulated_operating_revenue_yoy": 11.825394712319284, 
        "accumulated_operating_revenue": 504006, 
        "long_term_average": 168772, 
        "date": "2015-03-31", 
        "operating_revenue": 158313, 
        "short_term_average": 168002
    }, 
    {
        "accumulated_operating_revenue_yoy": 12.837562202612467, 
        "accumulated_operating_revenue": 683210, 
        "long_term_average": 170807, 
        "date": "2015-04-30", 
        "operating_revenue": 179204, 
        "short_term_average": 163179
    }, 
    {
        "accumulated_operating_revenue_yoy": 8.797420922059128, 
        "accumulated_operating_revenue": 842005, 
        "long_term_average": 170004, 
        "date": "2015-05-31", 
        "operating_revenue": 158795, 
        "short_term_average": 165437
    }, 
    {
        "accumulated_operating_revenue_yoy": 6.9657160962573075, 
        "accumulated_operating_revenue": 1009413, 
        "long_term_average": 169808, 
        "date": "2015-06-30", 
        "operating_revenue": 167408, 
        "short_term_average": 168469
    }, 
    {
        "accumulated_operating_revenue_yoy": 8.022681707224145, 
        "accumulated_operating_revenue": 1233309, 
        "long_term_average": 171963, 
        "date": "2015-07-31", 
        "operating_revenue": 223896, 
        "short_term_average": 183366
    }, 
    {
        "accumulated_operating_revenue_yoy": 6.746819488145084, 
        "accumulated_operating_revenue": 1378759, 
        "long_term_average": 171592, 
        "date": "2015-08-31", 
        "operating_revenue": 145450, 
        "short_term_average": 178918
    }, 
    {
        "accumulated_operating_revenue_yoy": 5.849290568081681, 
        "accumulated_operating_revenue": 1539923, 
        "long_term_average": 171421, 
        "date": "2015-09-30", 
        "operating_revenue": 161164, 
        "short_term_average": 176836
    }
]