[
    {
        "date": "2011-09-30", 
        "operating_revenue": 751523, 
        "accumulated_operating_revenue": 751523, 
        "long_term_average": 751523, 
        "short_term_average": 751523
    }, 
    {
        "date": "2011-10-31", 
        "operating_revenue": 752560, 
        "accumulated_operating_revenue": 1504083, 
        "long_term_average": 752041, 
        "short_term_average": 752041
    }, 
    {
        "date": "2011-11-30", 
        "operating_revenue": 820763, 
        "accumulated_operating_revenue": 2324846, 
        "long_term_average": 774948, 
        "short_term_average": 774948
    }, 
    {
        "date": "2011-12-31", 
        "operating_revenue": 927453, 
        "accumulated_operating_revenue": 3252299, 
        "long_term_average": 813074, 
        "short_term_average": 833592
    }, 
    {
        "date": "2012-01-31", 
        "operating_revenue": 928779, 
        "accumulated_operating_revenue": 928779, 
        "long_term_average": 836215, 
        "short_term_average": 892331
    }, 
    {
        "date": "2012-02-29", 
        "operating_revenue": 931264, 
        "accumulated_operating_revenue": 1860043, 
        "long_term_average": 852057, 
        "short_term_average": 929165
    }, 
    {
        "date": "2012-03-31", 
        "operating_revenue": 738019, 
        "accumulated_operating_revenue": 2598062, 
        "long_term_average": 835765, 
        "short_term_average": 866020
    }, 
    {
        "date": "2012-04-30", 
        "operating_revenue": 607128, 
        "accumulated_operating_revenue": 3205190, 
        "long_term_average": 807186, 
        "short_term_average": 758803
    }, 
    {
        "date": "2012-05-31", 
        "operating_revenue": 604720, 
        "accumulated_operating_revenue": 3809910, 
        "long_term_average": 784689, 
        "short_term_average": 649955
    }, 
    {
        "date": "2012-06-30", 
        "operating_revenue": 580243, 
        "accumulated_operating_revenue": 4390153, 
        "long_term_average": 764245, 
        "short_term_average": 597363
    }, 
    {
        "date": "2012-07-31", 
        "operating_revenue": 748386, 
        "accumulated_operating_revenue": 5138539, 
        "long_term_average": 762803, 
        "short_term_average": 644449
    }, 
    {
        "date": "2012-08-31", 
        "operating_revenue": 840208, 
        "accumulated_operating_revenue": 5978747, 
        "long_term_average": 769253, 
        "short_term_average": 722945
    }, 
    {
        "accumulated_operating_revenue_yoy": 847.7520980728467, 
        "accumulated_operating_revenue": 7122575, 
        "long_term_average": 801945, 
        "date": "2012-09-30", 
        "operating_revenue": 1143828, 
        "short_term_average": 910807
    }, 
    {
        "accumulated_operating_revenue_yoy": 451.9917451364054, 
        "accumulated_operating_revenue": 8302414, 
        "long_term_average": 837552, 
        "date": "2012-10-31", 
        "operating_revenue": 1179839, 
        "short_term_average": 1054625
    }, 
    {
        "accumulated_operating_revenue_yoy": 318.9571266225806, 
        "accumulated_operating_revenue": 9740108, 
        "long_term_average": 888963, 
        "date": "2012-11-30", 
        "operating_revenue": 1437694, 
        "short_term_average": 1253787
    }, 
    {
        "accumulated_operating_revenue_yoy": 240.65035225851003, 
        "accumulated_operating_revenue": 11078968, 
        "long_term_average": 923247, 
        "date": "2012-12-31", 
        "operating_revenue": 1338860, 
        "short_term_average": 1318797
    }, 
    {
        "accumulated_operating_revenue_yoy": 29.313108931188154, 
        "accumulated_operating_revenue": 1201033, 
        "long_term_average": 945935, 
        "date": "2013-01-31", 
        "operating_revenue": 1201033, 
        "short_term_average": 1325862
    }, 
    {
        "accumulated_operating_revenue_yoy": -7.9969118993485635, 
        "accumulated_operating_revenue": 1711297, 
        "long_term_average": 910851, 
        "date": "2013-02-28", 
        "operating_revenue": 510264, 
        "short_term_average": 1016719
    }, 
    {
        "accumulated_operating_revenue_yoy": -9.445386599703934, 
        "accumulated_operating_revenue": 2352665, 
        "long_term_average": 902797, 
        "date": "2013-03-31", 
        "operating_revenue": 641368, 
        "short_term_average": 784221
    }, 
    {
        "accumulated_operating_revenue_yoy": -5.271294369444557, 
        "accumulated_operating_revenue": 3036235, 
        "long_term_average": 909167, 
        "date": "2013-04-30", 
        "operating_revenue": 683570, 
        "short_term_average": 611734
    }, 
    {
        "accumulated_operating_revenue_yoy": 3.4152775262407773, 
        "accumulated_operating_revenue": 3940029, 
        "long_term_average": 934090, 
        "date": "2013-05-31", 
        "operating_revenue": 903794, 
        "short_term_average": 742910
    }, 
    {
        "accumulated_operating_revenue_yoy": 3.4562804530958258, 
        "accumulated_operating_revenue": 4541889, 
        "long_term_average": 935892, 
        "date": "2013-06-30", 
        "operating_revenue": 601860, 
        "short_term_average": 729741
    }, 
    {
        "accumulated_operating_revenue_yoy": 7.86534849691712, 
        "accumulated_operating_revenue": 5542703, 
        "long_term_average": 956927, 
        "date": "2013-07-31", 
        "operating_revenue": 1000814, 
        "short_term_average": 835489
    }, 
    {
        "accumulated_operating_revenue_yoy": 15.926163124146248, 
        "accumulated_operating_revenue": 6930932, 
        "long_term_average": 1002596, 
        "date": "2013-08-31", 
        "operating_revenue": 1388229, 
        "short_term_average": 996967
    }, 
    {
        "accumulated_operating_revenue_yoy": 19.672618399946646, 
        "accumulated_operating_revenue": 8523772, 
        "long_term_average": 1040013, 
        "date": "2013-09-30", 
        "operating_revenue": 1592840, 
        "short_term_average": 1327294
    }, 
    {
        "accumulated_operating_revenue_yoy": 24.427666459417708, 
        "accumulated_operating_revenue": 10330500, 
        "long_term_average": 1092254, 
        "date": "2013-10-31", 
        "operating_revenue": 1806728, 
        "short_term_average": 1595932
    }, 
    {
        "accumulated_operating_revenue_yoy": 24.755967798303676, 
        "accumulated_operating_revenue": 12151366, 
        "long_term_average": 1124185, 
        "date": "2013-11-30", 
        "operating_revenue": 1820866, 
        "short_term_average": 1740144
    }, 
    {
        "accumulated_operating_revenue_yoy": 22.80215991236729, 
        "accumulated_operating_revenue": 13605212, 
        "long_term_average": 1133767, 
        "date": "2013-12-31", 
        "operating_revenue": 1453846, 
        "short_term_average": 1693813
    }, 
    {
        "accumulated_operating_revenue_yoy": -9.663847704434431, 
        "accumulated_operating_revenue": 1084967, 
        "long_term_average": 1124095, 
        "date": "2014-01-31", 
        "operating_revenue": 1084967, 
        "short_term_average": 1453226
    }, 
    {
        "accumulated_operating_revenue_yoy": -1.6999387014644447, 
        "accumulated_operating_revenue": 1682206, 
        "long_term_average": 1131343, 
        "date": "2014-02-28", 
        "operating_revenue": 597239, 
        "short_term_average": 1045350
    }, 
    {
        "accumulated_operating_revenue_yoy": 6.71991124958292, 
        "accumulated_operating_revenue": 2510762, 
        "long_term_average": 1146942, 
        "date": "2014-03-31", 
        "operating_revenue": 828556, 
        "short_term_average": 836920
    }, 
    {
        "accumulated_operating_revenue_yoy": 2.6869461685277987, 
        "accumulated_operating_revenue": 3117817, 
        "long_term_average": 1140566, 
        "date": "2014-04-30", 
        "operating_revenue": 607055, 
        "short_term_average": 677616
    }, 
    {
        "accumulated_operating_revenue_yoy": -2.8736082907003984, 
        "accumulated_operating_revenue": 3826808, 
        "long_term_average": 1124332, 
        "date": "2014-05-31", 
        "operating_revenue": 708991, 
        "short_term_average": 714867
    }, 
    {
        "accumulated_operating_revenue_yoy": 1.4463805698465992, 
        "accumulated_operating_revenue": 4607582, 
        "long_term_average": 1139242, 
        "date": "2014-06-30", 
        "operating_revenue": 780774, 
        "short_term_average": 698940
    }, 
    {
        "accumulated_operating_revenue_yoy": -2.0768386832200822, 
        "accumulated_operating_revenue": 5427590, 
        "long_term_average": 1124174, 
        "date": "2014-07-31", 
        "operating_revenue": 820008, 
        "short_term_average": 769924
    }, 
    {
        "accumulated_operating_revenue_yoy": -6.966999531953279, 
        "accumulated_operating_revenue": 6448054, 
        "long_term_average": 1093527, 
        "date": "2014-08-31", 
        "operating_revenue": 1020464, 
        "short_term_average": 873748
    }, 
    {
        "accumulated_operating_revenue_yoy": -8.983135635256316, 
        "accumulated_operating_revenue": 7758070, 
        "long_term_average": 1069959, 
        "date": "2014-09-30", 
        "operating_revenue": 1310016, 
        "short_term_average": 1050162
    }, 
    {
        "accumulated_operating_revenue_yoy": -10.020666957068872, 
        "accumulated_operating_revenue": 9295315, 
        "long_term_average": 1047502, 
        "date": "2014-10-31", 
        "operating_revenue": 1537245, 
        "short_term_average": 1289241
    }, 
    {
        "accumulated_operating_revenue_yoy": -8.081675755631096, 
        "accumulated_operating_revenue": 11169332, 
        "long_term_average": 1051931, 
        "date": "2014-11-30", 
        "operating_revenue": 1874017, 
        "short_term_average": 1573759
    }, 
    {
        "accumulated_operating_revenue_yoy": -3.92076213145374, 
        "accumulated_operating_revenue": 13071784, 
        "long_term_average": 1089315, 
        "date": "2014-12-31", 
        "operating_revenue": 1902452, 
        "short_term_average": 1771238
    }, 
    {
        "accumulated_operating_revenue_yoy": 60.57032149364912, 
        "accumulated_operating_revenue": 1742135, 
        "long_term_average": 1144079, 
        "date": "2015-01-31", 
        "operating_revenue": 1742135, 
        "short_term_average": 1839534
    }, 
    {
        "accumulated_operating_revenue_yoy": 60.484982219775695, 
        "accumulated_operating_revenue": 2699688, 
        "long_term_average": 1174105, 
        "date": "2015-02-28", 
        "operating_revenue": 957553, 
        "short_term_average": 1534046
    }, 
    {
        "accumulated_operating_revenue_yoy": 60.53915106250612, 
        "accumulated_operating_revenue": 4030756, 
        "long_term_average": 1215981, 
        "date": "2015-03-31", 
        "operating_revenue": 1331068, 
        "short_term_average": 1343585
    }, 
    {
        "accumulated_operating_revenue_yoy": 72.6937790126874, 
        "accumulated_operating_revenue": 5384276, 
        "long_term_average": 1278186, 
        "date": "2015-04-30", 
        "operating_revenue": 1353520, 
        "short_term_average": 1214047
    }, 
    {
        "accumulated_operating_revenue_yoy": 77.53825120047831, 
        "accumulated_operating_revenue": 6794048, 
        "long_term_average": 1336585, 
        "date": "2015-05-31", 
        "operating_revenue": 1409772, 
        "short_term_average": 1364786
    }, 
    {
        "accumulated_operating_revenue_yoy": 78.43369906384737, 
        "accumulated_operating_revenue": 8221479, 
        "long_term_average": 1390473, 
        "date": "2015-06-30", 
        "operating_revenue": 1427431, 
        "short_term_average": 1396907
    }, 
    {
        "accumulated_operating_revenue_yoy": 70.31612557322863, 
        "accumulated_operating_revenue": 9244061, 
        "long_term_average": 1407354, 
        "date": "2015-07-31", 
        "operating_revenue": 1022582, 
        "short_term_average": 1286595
    }, 
    {
        "accumulated_operating_revenue_yoy": 65.53892073484496, 
        "accumulated_operating_revenue": 10674039, 
        "long_term_average": 1441480, 
        "date": "2015-08-31", 
        "operating_revenue": 1429978, 
        "short_term_average": 1293330
    }, 
    {
        "accumulated_operating_revenue_yoy": 64.86029386174654, 
        "accumulated_operating_revenue": 12789977, 
        "long_term_average": 1508640, 
        "date": "2015-09-30", 
        "operating_revenue": 2115938, 
        "short_term_average": 1522832
    }
]