[
    {
        "date": "2011-09-30", 
        "operating_revenue": 344877, 
        "accumulated_operating_revenue": 344877, 
        "long_term_average": 344877, 
        "short_term_average": 344877
    }, 
    {
        "date": "2011-10-31", 
        "operating_revenue": 291554, 
        "accumulated_operating_revenue": 636431, 
        "long_term_average": 318215, 
        "short_term_average": 318215
    }, 
    {
        "date": "2011-11-30", 
        "operating_revenue": 296355, 
        "accumulated_operating_revenue": 932786, 
        "long_term_average": 310928, 
        "short_term_average": 310928
    }, 
    {
        "date": "2011-12-31", 
        "operating_revenue": 286655, 
        "accumulated_operating_revenue": 1219441, 
        "long_term_average": 304860, 
        "short_term_average": 291521
    }, 
    {
        "date": "2012-01-31", 
        "operating_revenue": 195764, 
        "accumulated_operating_revenue": 195764, 
        "long_term_average": 283041, 
        "short_term_average": 259591
    }, 
    {
        "date": "2012-02-29", 
        "operating_revenue": 265594, 
        "accumulated_operating_revenue": 461358, 
        "long_term_average": 280133, 
        "short_term_average": 249337
    }, 
    {
        "date": "2012-03-31", 
        "operating_revenue": 315664, 
        "accumulated_operating_revenue": 777022, 
        "long_term_average": 285209, 
        "short_term_average": 259007
    }, 
    {
        "date": "2012-04-30", 
        "operating_revenue": 247311, 
        "accumulated_operating_revenue": 1024333, 
        "long_term_average": 280471, 
        "short_term_average": 276189
    }, 
    {
        "date": "2012-05-31", 
        "operating_revenue": 273017, 
        "accumulated_operating_revenue": 1297350, 
        "long_term_average": 279643, 
        "short_term_average": 278664
    }, 
    {
        "date": "2012-06-30", 
        "operating_revenue": 253362, 
        "accumulated_operating_revenue": 1550712, 
        "long_term_average": 277015, 
        "short_term_average": 257896
    }, 
    {
        "date": "2012-07-31", 
        "operating_revenue": 245592, 
        "accumulated_operating_revenue": 1796304, 
        "long_term_average": 274158, 
        "short_term_average": 257323
    }, 
    {
        "date": "2012-08-31", 
        "operating_revenue": 204344, 
        "accumulated_operating_revenue": 2000648, 
        "long_term_average": 268340, 
        "short_term_average": 234432
    }, 
    {
        "accumulated_operating_revenue_yoy": 539.1583086143756, 
        "accumulated_operating_revenue": 2204310, 
        "long_term_average": 256572, 
        "date": "2012-09-30", 
        "operating_revenue": 203662, 
        "short_term_average": 217866
    }, 
    {
        "accumulated_operating_revenue_yoy": 274.8129805116344, 
        "accumulated_operating_revenue": 2385426, 
        "long_term_average": 247369, 
        "date": "2012-10-31", 
        "operating_revenue": 181116, 
        "short_term_average": 196374
    }, 
    {
        "accumulated_operating_revenue_yoy": 173.64432999637646, 
        "accumulated_operating_revenue": 2552516, 
        "long_term_average": 236597, 
        "date": "2012-11-30", 
        "operating_revenue": 167090, 
        "short_term_average": 183956
    }, 
    {
        "accumulated_operating_revenue_yoy": 123.52438535361694, 
        "accumulated_operating_revenue": 2725748, 
        "long_term_average": 227145, 
        "date": "2012-12-31", 
        "operating_revenue": 173232, 
        "short_term_average": 173812
    }, 
    {
        "accumulated_operating_revenue_yoy": -5.352363049385995, 
        "accumulated_operating_revenue": 185286, 
        "long_term_average": 226272, 
        "date": "2013-01-31", 
        "operating_revenue": 185286, 
        "short_term_average": 175202
    }, 
    {
        "accumulated_operating_revenue_yoy": -31.34572284429879, 
        "accumulated_operating_revenue": 316742, 
        "long_term_average": 215094, 
        "date": "2013-02-28", 
        "operating_revenue": 131456, 
        "short_term_average": 163324
    }, 
    {
        "accumulated_operating_revenue_yoy": -36.38571366061708, 
        "accumulated_operating_revenue": 494297, 
        "long_term_average": 203585, 
        "date": "2013-03-31", 
        "operating_revenue": 177555, 
        "short_term_average": 164765
    }, 
    {
        "accumulated_operating_revenue_yoy": -33.256860806007424, 
        "accumulated_operating_revenue": 683672, 
        "long_term_average": 198757, 
        "date": "2013-04-30", 
        "operating_revenue": 189375, 
        "short_term_average": 166128
    }, 
    {
        "accumulated_operating_revenue_yoy": -31.731298416001852, 
        "accumulated_operating_revenue": 885684, 
        "long_term_average": 192840, 
        "date": "2013-05-31", 
        "operating_revenue": 202012, 
        "short_term_average": 189647
    }, 
    {
        "accumulated_operating_revenue_yoy": -29.943664587621686, 
        "accumulated_operating_revenue": 1086372, 
        "long_term_average": 188450, 
        "date": "2013-06-30", 
        "operating_revenue": 200688, 
        "short_term_average": 197358
    }, 
    {
        "accumulated_operating_revenue_yoy": -28.892325575181037, 
        "accumulated_operating_revenue": 1277310, 
        "long_term_average": 183896, 
        "date": "2013-07-31", 
        "operating_revenue": 190938, 
        "short_term_average": 197879
    }, 
    {
        "accumulated_operating_revenue_yoy": -27.799492964279573, 
        "accumulated_operating_revenue": 1444478, 
        "long_term_average": 180798, 
        "date": "2013-08-31", 
        "operating_revenue": 167168, 
        "short_term_average": 186264
    }, 
    {
        "accumulated_operating_revenue_yoy": -26.398101900367916, 
        "accumulated_operating_revenue": 1622414, 
        "long_term_average": 178654, 
        "date": "2013-09-30", 
        "operating_revenue": 177936, 
        "short_term_average": 178680
    }, 
    {
        "accumulated_operating_revenue_yoy": -24.412117584029016, 
        "accumulated_operating_revenue": 1803093, 
        "long_term_average": 178617, 
        "date": "2013-10-31", 
        "operating_revenue": 180679, 
        "short_term_average": 175261
    }, 
    {
        "accumulated_operating_revenue_yoy": -21.60213687201177, 
        "accumulated_operating_revenue": 2001118, 
        "long_term_average": 181195, 
        "date": "2013-11-30", 
        "operating_revenue": 198025, 
        "short_term_average": 185546
    }, 
    {
        "accumulated_operating_revenue_yoy": -20.64545218413441, 
        "accumulated_operating_revenue": 2163005, 
        "long_term_average": 180250, 
        "date": "2013-12-31", 
        "operating_revenue": 161887, 
        "short_term_average": 180197
    }, 
    {
        "accumulated_operating_revenue_yoy": 5.3290588603564215, 
        "accumulated_operating_revenue": 195160, 
        "long_term_average": 181073, 
        "date": "2014-01-31", 
        "operating_revenue": 195160, 
        "short_term_average": 185024
    }, 
    {
        "accumulated_operating_revenue_yoy": 13.6136035006409, 
        "accumulated_operating_revenue": 359862, 
        "long_term_average": 183843, 
        "date": "2014-02-28", 
        "operating_revenue": 164702, 
        "short_term_average": 173916
    }, 
    {
        "accumulated_operating_revenue_yoy": 8.824451696045092, 
        "accumulated_operating_revenue": 537916, 
        "long_term_average": 183885, 
        "date": "2014-03-31", 
        "operating_revenue": 178054, 
        "short_term_average": 179305
    }, 
    {
        "accumulated_operating_revenue_yoy": 5.760072081348952, 
        "accumulated_operating_revenue": 723052, 
        "long_term_average": 183532, 
        "date": "2014-04-30", 
        "operating_revenue": 185136, 
        "short_term_average": 175964
    }, 
    {
        "accumulated_operating_revenue_yoy": 5.147208259379191, 
        "accumulated_operating_revenue": 931272, 
        "long_term_average": 184049, 
        "date": "2014-05-31", 
        "operating_revenue": 208220, 
        "short_term_average": 190470
    }, 
    {
        "accumulated_operating_revenue_yoy": 5.127249229545681, 
        "accumulated_operating_revenue": 1142073, 
        "long_term_average": 184892, 
        "date": "2014-06-30", 
        "operating_revenue": 210801, 
        "short_term_average": 201385
    }, 
    {
        "accumulated_operating_revenue_yoy": 4.2227806875386555, 
        "accumulated_operating_revenue": 1331248, 
        "long_term_average": 184745, 
        "date": "2014-07-31", 
        "operating_revenue": 189175, 
        "short_term_average": 202732
    }, 
    {
        "accumulated_operating_revenue_yoy": 6.028336880174014, 
        "accumulated_operating_revenue": 1531556, 
        "long_term_average": 187506, 
        "date": "2014-08-31", 
        "operating_revenue": 200308, 
        "short_term_average": 200094
    }, 
    {
        "accumulated_operating_revenue_yoy": 6.389059759099712, 
        "accumulated_operating_revenue": 1726071, 
        "long_term_average": 188888, 
        "date": "2014-09-30", 
        "operating_revenue": 194515, 
        "short_term_average": 194666
    }, 
    {
        "accumulated_operating_revenue_yoy": 7.723339838821403, 
        "accumulated_operating_revenue": 1942352, 
        "long_term_average": 191855, 
        "date": "2014-10-31", 
        "operating_revenue": 216281, 
        "short_term_average": 203701
    }, 
    {
        "accumulated_operating_revenue_yoy": 7.707391568113424, 
        "accumulated_operating_revenue": 2155352, 
        "long_term_average": 193103, 
        "date": "2014-11-30", 
        "operating_revenue": 213000, 
        "short_term_average": 207932
    }, 
    {
        "accumulated_operating_revenue_yoy": 8.804371695858308, 
        "accumulated_operating_revenue": 2353444, 
        "long_term_average": 196120, 
        "date": "2014-12-31", 
        "operating_revenue": 198092, 
        "short_term_average": 209124
    }, 
    {
        "accumulated_operating_revenue_yoy": 8.687743390038943, 
        "accumulated_operating_revenue": 212115, 
        "long_term_average": 197533, 
        "date": "2015-01-31", 
        "operating_revenue": 212115, 
        "short_term_average": 207735
    }, 
    {
        "accumulated_operating_revenue_yoy": -2.2022330782355457, 
        "accumulated_operating_revenue": 351937, 
        "long_term_average": 195459, 
        "date": "2015-02-28", 
        "operating_revenue": 139822, 
        "short_term_average": 183343
    }, 
    {
        "accumulated_operating_revenue_yoy": 0.6512169186267001, 
        "accumulated_operating_revenue": 541419, 
        "long_term_average": 196412, 
        "date": "2015-03-31", 
        "operating_revenue": 189482, 
        "short_term_average": 180473
    }, 
    {
        "accumulated_operating_revenue_yoy": -0.35792723068327037, 
        "accumulated_operating_revenue": 720464, 
        "long_term_average": 195904, 
        "date": "2015-04-30", 
        "operating_revenue": 179045, 
        "short_term_average": 169449
    }, 
    {
        "accumulated_operating_revenue_yoy": -0.8826637115686933, 
        "accumulated_operating_revenue": 923052, 
        "long_term_average": 195435, 
        "date": "2015-05-31", 
        "operating_revenue": 202588, 
        "short_term_average": 190371
    }, 
    {
        "accumulated_operating_revenue_yoy": -2.9179395712883505, 
        "accumulated_operating_revenue": 1108748, 
        "long_term_average": 193343, 
        "date": "2015-06-30", 
        "operating_revenue": 185696, 
        "short_term_average": 189109
    }, 
    {
        "accumulated_operating_revenue_yoy": -1.2566403855630206, 
        "accumulated_operating_revenue": 1314519, 
        "long_term_average": 194726, 
        "date": "2015-07-31", 
        "operating_revenue": 205771, 
        "short_term_average": 198018
    }, 
    {
        "accumulated_operating_revenue_yoy": -2.4928242911130902, 
        "accumulated_operating_revenue": 1493377, 
        "long_term_average": 192938, 
        "date": "2015-08-31", 
        "operating_revenue": 178858, 
        "short_term_average": 190108
    }
]