[
    {
        "date": "2011-09-30", 
        "operating_revenue": 533052, 
        "accumulated_operating_revenue": 533052, 
        "long_term_average": 533052, 
        "short_term_average": 533052
    }, 
    {
        "date": "2011-10-31", 
        "operating_revenue": 576874, 
        "accumulated_operating_revenue": 1109926, 
        "long_term_average": 554963, 
        "short_term_average": 554963
    }, 
    {
        "date": "2011-11-30", 
        "operating_revenue": 502194, 
        "accumulated_operating_revenue": 1612120, 
        "long_term_average": 537373, 
        "short_term_average": 537373
    }, 
    {
        "date": "2011-12-31", 
        "operating_revenue": 503258, 
        "accumulated_operating_revenue": 2115378, 
        "long_term_average": 528844, 
        "short_term_average": 527442
    }, 
    {
        "date": "2012-01-31", 
        "operating_revenue": 424261, 
        "accumulated_operating_revenue": 424261, 
        "long_term_average": 507927, 
        "short_term_average": 476571
    }, 
    {
        "date": "2012-02-29", 
        "operating_revenue": 504986, 
        "accumulated_operating_revenue": 929247, 
        "long_term_average": 507437, 
        "short_term_average": 477501
    }, 
    {
        "date": "2012-03-31", 
        "operating_revenue": 521916, 
        "accumulated_operating_revenue": 1451163, 
        "long_term_average": 509505, 
        "short_term_average": 483721
    }, 
    {
        "date": "2012-04-30", 
        "operating_revenue": 483474, 
        "accumulated_operating_revenue": 1934637, 
        "long_term_average": 506251, 
        "short_term_average": 503458
    }, 
    {
        "date": "2012-05-31", 
        "operating_revenue": 502174, 
        "accumulated_operating_revenue": 2436811, 
        "long_term_average": 505798, 
        "short_term_average": 502521
    }, 
    {
        "date": "2012-06-30", 
        "operating_revenue": 544872, 
        "accumulated_operating_revenue": 2981683, 
        "long_term_average": 509706, 
        "short_term_average": 510173
    }, 
    {
        "date": "2012-07-31", 
        "operating_revenue": 660461, 
        "accumulated_operating_revenue": 3642144, 
        "long_term_average": 523411, 
        "short_term_average": 569169
    }, 
    {
        "date": "2012-08-31", 
        "operating_revenue": 721941, 
        "accumulated_operating_revenue": 4364085, 
        "long_term_average": 539955, 
        "short_term_average": 642424
    }, 
    {
        "accumulated_operating_revenue_yoy": 839.7987438373741, 
        "accumulated_operating_revenue": 5009616, 
        "long_term_average": 549328, 
        "date": "2012-09-30", 
        "operating_revenue": 645531, 
        "short_term_average": 675977
    }, 
    {
        "accumulated_operating_revenue_yoy": 409.2980973506342, 
        "accumulated_operating_revenue": 5652832, 
        "long_term_average": 554857, 
        "date": "2012-10-31", 
        "operating_revenue": 643216, 
        "short_term_average": 670229
    }, 
    {
        "accumulated_operating_revenue_yoy": 295.4712428355209, 
        "accumulated_operating_revenue": 6375471, 
        "long_term_average": 573227, 
        "date": "2012-11-30", 
        "operating_revenue": 722639, 
        "short_term_average": 670462
    }, 
    {
        "accumulated_operating_revenue_yoy": 230.20070171855812, 
        "accumulated_operating_revenue": 6984993, 
        "long_term_average": 582082, 
        "date": "2012-12-31", 
        "operating_revenue": 609522, 
        "short_term_average": 658459
    }, 
    {
        "accumulated_operating_revenue_yoy": 67.06602775178487, 
        "accumulated_operating_revenue": 708796, 
        "long_term_average": 605794, 
        "date": "2013-01-31", 
        "operating_revenue": 708796, 
        "short_term_average": 680319
    }, 
    {
        "accumulated_operating_revenue_yoy": 30.307980547690764, 
        "accumulated_operating_revenue": 1210883, 
        "long_term_average": 605552, 
        "date": "2013-02-28", 
        "operating_revenue": 502087, 
        "short_term_average": 606801
    }, 
    {
        "accumulated_operating_revenue_yoy": 21.707416740917456, 
        "accumulated_operating_revenue": 1766173, 
        "long_term_average": 608333, 
        "date": "2013-03-31", 
        "operating_revenue": 555290, 
        "short_term_average": 588724
    }, 
    {
        "accumulated_operating_revenue_yoy": 24.110931404702796, 
        "accumulated_operating_revenue": 2401096, 
        "long_term_average": 620954, 
        "date": "2013-04-30", 
        "operating_revenue": 634923, 
        "short_term_average": 564100
    }, 
    {
        "accumulated_operating_revenue_yoy": 25.415676472241795, 
        "accumulated_operating_revenue": 3056143, 
        "long_term_average": 633693, 
        "date": "2013-05-31", 
        "operating_revenue": 655047, 
        "short_term_average": 615086
    }, 
    {
        "accumulated_operating_revenue_yoy": 23.3996035125129, 
        "accumulated_operating_revenue": 3679385, 
        "long_term_average": 640224, 
        "date": "2013-06-30", 
        "operating_revenue": 623242, 
        "short_term_average": 637737
    }, 
    {
        "accumulated_operating_revenue_yoy": 21.680361896728957, 
        "accumulated_operating_revenue": 4431774, 
        "long_term_average": 647885, 
        "date": "2013-07-31", 
        "operating_revenue": 752389, 
        "short_term_average": 676892
    }, 
    {
        "accumulated_operating_revenue_yoy": 18.488067945514352, 
        "accumulated_operating_revenue": 5170920, 
        "long_term_average": 649319, 
        "date": "2013-08-31", 
        "operating_revenue": 739146, 
        "short_term_average": 704925
    }, 
    {
        "accumulated_operating_revenue_yoy": 18.130511400474607, 
        "accumulated_operating_revenue": 5917885, 
        "long_term_average": 657771, 
        "date": "2013-09-30", 
        "operating_revenue": 746965, 
        "short_term_average": 746166
    }, 
    {
        "accumulated_operating_revenue_yoy": 18.06646650740726, 
        "accumulated_operating_revenue": 6674099, 
        "long_term_average": 667188, 
        "date": "2013-10-31", 
        "operating_revenue": 756214, 
        "short_term_average": 747441
    }, 
    {
        "accumulated_operating_revenue_yoy": 14.788679926549742, 
        "accumulated_operating_revenue": 7318319, 
        "long_term_average": 660653, 
        "date": "2013-11-30", 
        "operating_revenue": 644220, 
        "short_term_average": 715799
    }, 
    {
        "accumulated_operating_revenue_yoy": 13.521087279543446, 
        "accumulated_operating_revenue": 7929440, 
        "long_term_average": 660786, 
        "date": "2013-12-31", 
        "operating_revenue": 611121, 
        "short_term_average": 670518
    }, 
    {
        "accumulated_operating_revenue_yoy": -10.635782368974994, 
        "accumulated_operating_revenue": 633410, 
        "long_term_average": 654504, 
        "date": "2014-01-31", 
        "operating_revenue": 633410, 
        "short_term_average": 629583
    }, 
    {
        "accumulated_operating_revenue_yoy": 0.21628844405281103, 
        "accumulated_operating_revenue": 1213502, 
        "long_term_average": 661004, 
        "date": "2014-02-28", 
        "operating_revenue": 580092, 
        "short_term_average": 608207
    }, 
    {
        "accumulated_operating_revenue_yoy": 5.715974595920105, 
        "accumulated_operating_revenue": 1867127, 
        "long_term_average": 669199, 
        "date": "2014-03-31", 
        "operating_revenue": 653625, 
        "short_term_average": 622375
    }, 
    {
        "accumulated_operating_revenue_yoy": 6.458633890523327, 
        "accumulated_operating_revenue": 2556174, 
        "long_term_average": 673709, 
        "date": "2014-04-30", 
        "operating_revenue": 689047, 
        "short_term_average": 640921
    }, 
    {
        "accumulated_operating_revenue_yoy": 8.410764810416268, 
        "accumulated_operating_revenue": 3313188, 
        "long_term_average": 682207, 
        "date": "2014-05-31", 
        "operating_revenue": 757014, 
        "short_term_average": 699895
    }, 
    {
        "accumulated_operating_revenue_yoy": 10.683334307227975, 
        "accumulated_operating_revenue": 4072466, 
        "long_term_average": 693543, 
        "date": "2014-06-30", 
        "operating_revenue": 759278, 
        "short_term_average": 735113
    }, 
    {
        "accumulated_operating_revenue_yoy": 9.625490830534227, 
        "accumulated_operating_revenue": 4858354, 
        "long_term_average": 696335, 
        "date": "2014-07-31", 
        "operating_revenue": 785888, 
        "short_term_average": 767393
    }, 
    {
        "accumulated_operating_revenue_yoy": 9.119324994391715, 
        "accumulated_operating_revenue": 5642473, 
        "long_term_average": 700082, 
        "date": "2014-08-31", 
        "operating_revenue": 784119, 
        "short_term_average": 776428
    }, 
    {
        "accumulated_operating_revenue_yoy": 8.346258840785179, 
        "accumulated_operating_revenue": 6411807, 
        "long_term_average": 701946, 
        "date": "2014-09-30", 
        "operating_revenue": 769334, 
        "short_term_average": 779780
    }, 
    {
        "accumulated_operating_revenue_yoy": 6.786668882196683, 
        "accumulated_operating_revenue": 7127048, 
        "long_term_average": 698532, 
        "date": "2014-10-31", 
        "operating_revenue": 715241, 
        "short_term_average": 756231
    }, 
    {
        "accumulated_operating_revenue_yoy": 5.689817566028483, 
        "accumulated_operating_revenue": 7734718, 
        "long_term_average": 695486, 
        "date": "2014-11-30", 
        "operating_revenue": 607670, 
        "short_term_average": 697415
    }, 
    {
        "accumulated_operating_revenue_yoy": 5.146731673359026, 
        "accumulated_operating_revenue": 8337547, 
        "long_term_average": 694795, 
        "date": "2014-12-31", 
        "operating_revenue": 602829, 
        "short_term_average": 641913
    }, 
    {
        "accumulated_operating_revenue_yoy": 0.1398778042657994, 
        "accumulated_operating_revenue": 634296, 
        "long_term_average": 694869, 
        "date": "2015-01-31", 
        "operating_revenue": 634296, 
        "short_term_average": 614931
    }, 
    {
        "accumulated_operating_revenue_yoy": -5.568182005468471, 
        "accumulated_operating_revenue": 1145932, 
        "long_term_average": 689164, 
        "date": "2015-02-28", 
        "operating_revenue": 511636, 
        "short_term_average": 582920
    }, 
    {
        "accumulated_operating_revenue_yoy": -3.5514991749356093, 
        "accumulated_operating_revenue": 1800816, 
        "long_term_average": 689269, 
        "date": "2015-03-31", 
        "operating_revenue": 654884, 
        "short_term_average": 600272
    }, 
    {
        "accumulated_operating_revenue_yoy": -6.909662644248788, 
        "accumulated_operating_revenue": 2379551, 
        "long_term_average": 680077, 
        "date": "2015-04-30", 
        "operating_revenue": 578735, 
        "short_term_average": 581751
    }, 
    {
        "accumulated_operating_revenue_yoy": -8.731771333229506, 
        "accumulated_operating_revenue": 3023888, 
        "long_term_average": 670687, 
        "date": "2015-05-31", 
        "operating_revenue": 644337, 
        "short_term_average": 625985
    }, 
    {
        "accumulated_operating_revenue_yoy": -8.173696232209181, 
        "accumulated_operating_revenue": 3739595, 
        "long_term_average": 667056, 
        "date": "2015-06-30", 
        "operating_revenue": 715707, 
        "short_term_average": 646259
    }, 
    {
        "accumulated_operating_revenue_yoy": -8.118037508176638, 
        "accumulated_operating_revenue": 4463951, 
        "long_term_average": 661928, 
        "date": "2015-07-31", 
        "operating_revenue": 724356, 
        "short_term_average": 694800
    }, 
    {
        "accumulated_operating_revenue_yoy": -7.852992827790225, 
        "accumulated_operating_revenue": 5199370, 
        "long_term_average": 657870, 
        "date": "2015-08-31", 
        "operating_revenue": 735419, 
        "short_term_average": 725160
    }, 
    {
        "accumulated_operating_revenue_yoy": -8.33312668332032, 
        "accumulated_operating_revenue": 5877503, 
        "long_term_average": 650270, 
        "date": "2015-09-30", 
        "operating_revenue": 678133, 
        "short_term_average": 712636
    }, 
    {
        "accumulated_operating_revenue_yoy": -8.623149444201864, 
        "accumulated_operating_revenue": 6512472, 
        "long_term_average": 643580, 
        "date": "2015-10-31", 
        "operating_revenue": 634969, 
        "short_term_average": 682840
    }
]