[
    {
        "date": "2011-09-30", 
        "operating_revenue": 888626, 
        "accumulated_operating_revenue": 888626, 
        "long_term_average": 888626, 
        "short_term_average": 888626
    }, 
    {
        "date": "2011-10-31", 
        "operating_revenue": 857595, 
        "accumulated_operating_revenue": 1746221, 
        "long_term_average": 873110, 
        "short_term_average": 873110
    }, 
    {
        "date": "2011-11-30", 
        "operating_revenue": 828008, 
        "accumulated_operating_revenue": 2574229, 
        "long_term_average": 858076, 
        "short_term_average": 858076
    }, 
    {
        "date": "2011-12-31", 
        "operating_revenue": 876798, 
        "accumulated_operating_revenue": 3451027, 
        "long_term_average": 862756, 
        "short_term_average": 854133
    }, 
    {
        "date": "2012-01-31", 
        "operating_revenue": 884640, 
        "accumulated_operating_revenue": 884640, 
        "long_term_average": 867133, 
        "short_term_average": 863148
    }, 
    {
        "date": "2012-02-29", 
        "operating_revenue": 1001083, 
        "accumulated_operating_revenue": 1885723, 
        "long_term_average": 889458, 
        "short_term_average": 920840
    }, 
    {
        "date": "2012-03-31", 
        "operating_revenue": 1074953, 
        "accumulated_operating_revenue": 2960676, 
        "long_term_average": 915957, 
        "short_term_average": 986892
    }, 
    {
        "date": "2012-04-30", 
        "operating_revenue": 1014985, 
        "accumulated_operating_revenue": 3975661, 
        "long_term_average": 928336, 
        "short_term_average": 1030340
    }, 
    {
        "date": "2012-05-31", 
        "operating_revenue": 1017519, 
        "accumulated_operating_revenue": 4993180, 
        "long_term_average": 938245, 
        "short_term_average": 1035819
    }, 
    {
        "date": "2012-06-30", 
        "operating_revenue": 876472, 
        "accumulated_operating_revenue": 5869652, 
        "long_term_average": 932067, 
        "short_term_average": 969658
    }, 
    {
        "date": "2012-07-31", 
        "operating_revenue": 998811, 
        "accumulated_operating_revenue": 6868463, 
        "long_term_average": 938135, 
        "short_term_average": 964267
    }, 
    {
        "date": "2012-08-31", 
        "operating_revenue": 1061694, 
        "accumulated_operating_revenue": 7930157, 
        "long_term_average": 948432, 
        "short_term_average": 978992
    }, 
    {
        "accumulated_operating_revenue_yoy": 914.2558286613266, 
        "accumulated_operating_revenue": 9012941, 
        "long_term_average": 964611, 
        "date": "2012-09-30", 
        "operating_revenue": 1082784, 
        "short_term_average": 1047763
    }, 
    {
        "accumulated_operating_revenue_yoy": 471.99363654428623, 
        "accumulated_operating_revenue": 9988273, 
        "long_term_average": 974423, 
        "date": "2012-10-31", 
        "operating_revenue": 975332, 
        "short_term_average": 1039936
    }, 
    {
        "accumulated_operating_revenue_yoy": 323.6274628247914, 
        "accumulated_operating_revenue": 10905141, 
        "long_term_average": 981828, 
        "date": "2012-11-30", 
        "operating_revenue": 916868, 
        "short_term_average": 991661
    }, 
    {
        "accumulated_operating_revenue_yoy": 242.2696490059336, 
        "accumulated_operating_revenue": 11811818, 
        "long_term_average": 984318, 
        "date": "2012-12-31", 
        "operating_revenue": 906677, 
        "short_term_average": 932959
    }, 
    {
        "accumulated_operating_revenue_yoy": 18.497241815879907, 
        "accumulated_operating_revenue": 1048274, 
        "long_term_average": 997954, 
        "date": "2013-01-31", 
        "operating_revenue": 1048274, 
        "short_term_average": 957273
    }, 
    {
        "accumulated_operating_revenue_yoy": -0.24770340076458738, 
        "accumulated_operating_revenue": 1881052, 
        "long_term_average": 983928, 
        "date": "2013-02-28", 
        "operating_revenue": 832778, 
        "short_term_average": 929243
    }, 
    {
        "accumulated_operating_revenue_yoy": 0.8241361094560837, 
        "accumulated_operating_revenue": 2985076, 
        "long_term_average": 986351, 
        "date": "2013-03-31", 
        "operating_revenue": 1104024, 
        "short_term_average": 995025
    }, 
    {
        "accumulated_operating_revenue_yoy": 4.4469334784832, 
        "accumulated_operating_revenue": 4152456, 
        "long_term_average": 999051, 
        "date": "2013-04-30", 
        "operating_revenue": 1167380, 
        "short_term_average": 1034727
    }, 
    {
        "accumulated_operating_revenue_yoy": 3.1893703010906873, 
        "accumulated_operating_revenue": 5152431, 
        "long_term_average": 997589, 
        "date": "2013-05-31", 
        "operating_revenue": 999975, 
        "short_term_average": 1090459
    }, 
    {
        "accumulated_operating_revenue_yoy": 2.401215608693667, 
        "accumulated_operating_revenue": 6010595, 
        "long_term_average": 996063, 
        "date": "2013-06-30", 
        "operating_revenue": 858164, 
        "short_term_average": 1008506
    }, 
    {
        "accumulated_operating_revenue_yoy": 1.872180136953493, 
        "accumulated_operating_revenue": 6997053, 
        "long_term_average": 995034, 
        "date": "2013-07-31", 
        "operating_revenue": 986458, 
        "short_term_average": 948199
    }, 
    {
        "accumulated_operating_revenue_yoy": 1.04388853839842, 
        "accumulated_operating_revenue": 8012939, 
        "long_term_average": 991216, 
        "date": "2013-08-31", 
        "operating_revenue": 1015886, 
        "short_term_average": 953502
    }, 
    {
        "accumulated_operating_revenue_yoy": -0.15719619156499529, 
        "accumulated_operating_revenue": 8998773, 
        "long_term_average": 983137, 
        "date": "2013-09-30", 
        "operating_revenue": 985834, 
        "short_term_average": 996059
    }, 
    {
        "accumulated_operating_revenue_yoy": -0.16410244293482967, 
        "accumulated_operating_revenue": 9971882, 
        "long_term_average": 982952, 
        "date": "2013-10-31", 
        "operating_revenue": 973109, 
        "short_term_average": 991609
    }, 
    {
        "accumulated_operating_revenue_yoy": 0.354685922905536, 
        "accumulated_operating_revenue": 10943820, 
        "long_term_average": 987541, 
        "date": "2013-11-30", 
        "operating_revenue": 971938, 
        "short_term_average": 976960
    }, 
    {
        "accumulated_operating_revenue_yoy": 1.4248018382944947, 
        "accumulated_operating_revenue": 11980113, 
        "long_term_average": 998342, 
        "date": "2013-12-31", 
        "operating_revenue": 1036293, 
        "short_term_average": 993780
    }, 
    {
        "accumulated_operating_revenue_yoy": 7.531714036597302, 
        "accumulated_operating_revenue": 1127227, 
        "long_term_average": 1004922, 
        "date": "2014-01-31", 
        "operating_revenue": 1127227, 
        "short_term_average": 1045152
    }, 
    {
        "accumulated_operating_revenue_yoy": 6.833250755428345, 
        "accumulated_operating_revenue": 2009589, 
        "long_term_average": 1009054, 
        "date": "2014-02-28", 
        "operating_revenue": 882362, 
        "short_term_average": 1015294
    }, 
    {
        "accumulated_operating_revenue_yoy": 2.0824260420840206, 
        "accumulated_operating_revenue": 3047238, 
        "long_term_average": 1003522, 
        "date": "2014-03-31", 
        "operating_revenue": 1037649, 
        "short_term_average": 1015746
    }, 
    {
        "accumulated_operating_revenue_yoy": 0.4265909139073358, 
        "accumulated_operating_revenue": 4170170, 
        "long_term_average": 999818, 
        "date": "2014-04-30", 
        "operating_revenue": 1122932, 
        "short_term_average": 1014314
    }, 
    {
        "accumulated_operating_revenue_yoy": 2.9091898562057406, 
        "accumulated_operating_revenue": 5302325, 
        "long_term_average": 1010833, 
        "date": "2014-05-31", 
        "operating_revenue": 1132155, 
        "short_term_average": 1097578
    }, 
    {
        "accumulated_operating_revenue_yoy": 6.405638709645219, 
        "accumulated_operating_revenue": 6395612, 
        "long_term_average": 1030427, 
        "date": "2014-06-30", 
        "operating_revenue": 1093287, 
        "short_term_average": 1116124
    }, 
    {
        "accumulated_operating_revenue_yoy": 8.777981244389602, 
        "accumulated_operating_revenue": 7611253, 
        "long_term_average": 1049526, 
        "date": "2014-07-31", 
        "operating_revenue": 1215641, 
        "short_term_average": 1147027
    }, 
    {
        "accumulated_operating_revenue_yoy": 9.574801455495917, 
        "accumulated_operating_revenue": 8780162, 
        "long_term_average": 1062278, 
        "date": "2014-08-31", 
        "operating_revenue": 1168909, 
        "short_term_average": 1159279
    }, 
    {
        "accumulated_operating_revenue_yoy": 10.452825068484337, 
        "accumulated_operating_revenue": 9939399, 
        "long_term_average": 1076728, 
        "date": "2014-09-30", 
        "operating_revenue": 1159237, 
        "short_term_average": 1181262
    }, 
    {
        "accumulated_operating_revenue_yoy": 11.756837876741823, 
        "accumulated_operating_revenue": 11144260, 
        "long_term_average": 1096040, 
        "date": "2014-10-31", 
        "operating_revenue": 1204861, 
        "short_term_average": 1177669
    }, 
    {
        "accumulated_operating_revenue_yoy": 12.144443165183638, 
        "accumulated_operating_revenue": 12272886, 
        "long_term_average": 1109098, 
        "date": "2014-11-30", 
        "operating_revenue": 1128626, 
        "short_term_average": 1164241
    }, 
    {
        "accumulated_operating_revenue_yoy": 11.918994420169494, 
        "accumulated_operating_revenue": 13408022, 
        "long_term_average": 1117335, 
        "date": "2014-12-31", 
        "operating_revenue": 1135136, 
        "short_term_average": 1156207
    }, 
    {
        "accumulated_operating_revenue_yoy": 7.410929653033506, 
        "accumulated_operating_revenue": 1210765, 
        "long_term_average": 1124296, 
        "date": "2015-01-31", 
        "operating_revenue": 1210765, 
        "short_term_average": 1158175
    }, 
    {
        "accumulated_operating_revenue_yoy": 6.5228760706791284, 
        "accumulated_operating_revenue": 2140672, 
        "long_term_average": 1128258, 
        "date": "2015-02-28", 
        "operating_revenue": 929907, 
        "short_term_average": 1091936
    }, 
    {
        "accumulated_operating_revenue_yoy": 4.777670795651669, 
        "accumulated_operating_revenue": 3192825, 
        "long_term_average": 1129467, 
        "date": "2015-03-31", 
        "operating_revenue": 1052153, 
        "short_term_average": 1064275
    }, 
    {
        "accumulated_operating_revenue_yoy": 0.18752233122390694, 
        "accumulated_operating_revenue": 4177990, 
        "long_term_average": 1117986, 
        "date": "2015-04-30", 
        "operating_revenue": 985165, 
        "short_term_average": 989075
    }, 
    {
        "accumulated_operating_revenue_yoy": -2.1225028643095247, 
        "accumulated_operating_revenue": 5189783, 
        "long_term_average": 1107956, 
        "date": "2015-05-31", 
        "operating_revenue": 1011793, 
        "short_term_average": 1016370
    }, 
    {
        "accumulated_operating_revenue_yoy": -3.3716867127023966, 
        "accumulated_operating_revenue": 6179972, 
        "long_term_average": 1099365, 
        "date": "2015-06-30", 
        "operating_revenue": 990189, 
        "short_term_average": 995715
    }, 
    {
        "accumulated_operating_revenue_yoy": -4.142629341055934, 
        "accumulated_operating_revenue": 7295947, 
        "long_term_average": 1091059, 
        "date": "2015-07-31", 
        "operating_revenue": 1115975, 
        "short_term_average": 1039319
    }, 
    {
        "accumulated_operating_revenue_yoy": -3.180169113052812, 
        "accumulated_operating_revenue": 8500938, 
        "long_term_average": 1094066, 
        "date": "2015-08-31", 
        "operating_revenue": 1204991, 
        "short_term_average": 1103718
    }, 
    {
        "accumulated_operating_revenue_yoy": -2.6496471265516153, 
        "accumulated_operating_revenue": 9676040, 
        "long_term_average": 1095388, 
        "date": "2015-09-30", 
        "operating_revenue": 1175102, 
        "short_term_average": 1165356
    }, 
    {
        "accumulated_operating_revenue_yoy": -3.7085638705486055, 
        "accumulated_operating_revenue": 10730968, 
        "long_term_average": 1082894, 
        "date": "2015-10-31", 
        "operating_revenue": 1054928, 
        "short_term_average": 1145007
    }
]