[
    {
        "date": "2011-09-30", 
        "operating_revenue": 136951, 
        "accumulated_operating_revenue": 136951, 
        "long_term_average": 136951, 
        "short_term_average": 136951
    }, 
    {
        "date": "2011-10-31", 
        "operating_revenue": 127763, 
        "accumulated_operating_revenue": 264714, 
        "long_term_average": 132357, 
        "short_term_average": 132357
    }, 
    {
        "date": "2011-11-30", 
        "operating_revenue": 179053, 
        "accumulated_operating_revenue": 443767, 
        "long_term_average": 147922, 
        "short_term_average": 147922
    }, 
    {
        "date": "2011-12-31", 
        "operating_revenue": 199859, 
        "accumulated_operating_revenue": 643626, 
        "long_term_average": 160906, 
        "short_term_average": 168891
    }, 
    {
        "date": "2012-01-31", 
        "operating_revenue": 167039, 
        "accumulated_operating_revenue": 167039, 
        "long_term_average": 162133, 
        "short_term_average": 181983
    }, 
    {
        "date": "2012-02-29", 
        "operating_revenue": 160494, 
        "accumulated_operating_revenue": 327533, 
        "long_term_average": 161859, 
        "short_term_average": 175797
    }, 
    {
        "date": "2012-03-31", 
        "operating_revenue": 203371, 
        "accumulated_operating_revenue": 530904, 
        "long_term_average": 167790, 
        "short_term_average": 176968
    }, 
    {
        "date": "2012-04-30", 
        "operating_revenue": 209243, 
        "accumulated_operating_revenue": 740147, 
        "long_term_average": 172971, 
        "short_term_average": 191036
    }, 
    {
        "date": "2012-05-31", 
        "operating_revenue": 217817, 
        "accumulated_operating_revenue": 957964, 
        "long_term_average": 177954, 
        "short_term_average": 210143
    }, 
    {
        "date": "2012-06-30", 
        "operating_revenue": 169600, 
        "accumulated_operating_revenue": 1127564, 
        "long_term_average": 177119, 
        "short_term_average": 198886
    }, 
    {
        "date": "2012-07-31", 
        "operating_revenue": 172331, 
        "accumulated_operating_revenue": 1299895, 
        "long_term_average": 176683, 
        "short_term_average": 186582
    }, 
    {
        "date": "2012-08-31", 
        "operating_revenue": 134691, 
        "accumulated_operating_revenue": 1434586, 
        "long_term_average": 173184, 
        "short_term_average": 158874
    }, 
    {
        "accumulated_operating_revenue_yoy": 1066.975779658418, 
        "accumulated_operating_revenue": 1598185, 
        "long_term_average": 175405, 
        "date": "2012-09-30", 
        "operating_revenue": 163599, 
        "short_term_average": 156873
    }, 
    {
        "accumulated_operating_revenue_yoy": 569.7892820175737, 
        "accumulated_operating_revenue": 1773026, 
        "long_term_average": 179328, 
        "date": "2012-10-31", 
        "operating_revenue": 174841, 
        "short_term_average": 157710
    }, 
    {
        "accumulated_operating_revenue_yoy": 339.9373995813118, 
        "accumulated_operating_revenue": 1952297, 
        "long_term_average": 179346, 
        "date": "2012-11-30", 
        "operating_revenue": 179271, 
        "short_term_average": 172570
    }, 
    {
        "accumulated_operating_revenue_yoy": 233.93414809221505, 
        "accumulated_operating_revenue": 2149287, 
        "long_term_average": 179107, 
        "date": "2012-12-31", 
        "operating_revenue": 196990, 
        "short_term_average": 183700
    }, 
    {
        "accumulated_operating_revenue_yoy": 41.5896886355881, 
        "accumulated_operating_revenue": 236510, 
        "long_term_average": 184896, 
        "date": "2013-01-31", 
        "operating_revenue": 236510, 
        "short_term_average": 204257
    }, 
    {
        "accumulated_operating_revenue_yoy": 10.833106893045892, 
        "accumulated_operating_revenue": 363015, 
        "long_term_average": 182064, 
        "date": "2013-02-28", 
        "operating_revenue": 126505, 
        "short_term_average": 186668
    }, 
    {
        "accumulated_operating_revenue_yoy": 0.9137245151665838, 
        "accumulated_operating_revenue": 535755, 
        "long_term_average": 179511, 
        "date": "2013-03-31", 
        "operating_revenue": 172740, 
        "short_term_average": 178585
    }, 
    {
        "accumulated_operating_revenue_yoy": -5.847622161543585, 
        "accumulated_operating_revenue": 696866, 
        "long_term_average": 175500, 
        "date": "2013-04-30", 
        "operating_revenue": 161111, 
        "short_term_average": 153452
    }, 
    {
        "accumulated_operating_revenue_yoy": -10.775874667524041, 
        "accumulated_operating_revenue": 854735, 
        "long_term_average": 170504, 
        "date": "2013-05-31", 
        "operating_revenue": 157869, 
        "short_term_average": 163906
    }, 
    {
        "accumulated_operating_revenue_yoy": -10.512307948817096, 
        "accumulated_operating_revenue": 1009031, 
        "long_term_average": 169229, 
        "date": "2013-06-30", 
        "operating_revenue": 154296, 
        "short_term_average": 157758
    }, 
    {
        "accumulated_operating_revenue_yoy": -12.120517426407517, 
        "accumulated_operating_revenue": 1142341, 
        "long_term_average": 165977, 
        "date": "2013-07-31", 
        "operating_revenue": 133310, 
        "short_term_average": 148491
    }, 
    {
        "accumulated_operating_revenue_yoy": -8.136702853645582, 
        "accumulated_operating_revenue": 1317858, 
        "long_term_average": 169379, 
        "date": "2013-08-31", 
        "operating_revenue": 175517, 
        "short_term_average": 154374
    }, 
    {
        "accumulated_operating_revenue_yoy": -7.518591402121783, 
        "accumulated_operating_revenue": 1478024, 
        "long_term_average": 169093, 
        "date": "2013-09-30", 
        "operating_revenue": 160166, 
        "short_term_average": 156331
    }, 
    {
        "accumulated_operating_revenue_yoy": -7.997908660109891, 
        "accumulated_operating_revenue": 1631221, 
        "long_term_average": 167290, 
        "date": "2013-10-31", 
        "operating_revenue": 153197, 
        "short_term_average": 162960
    }, 
    {
        "accumulated_operating_revenue_yoy": -6.4200272806852645, 
        "accumulated_operating_revenue": 1826959, 
        "long_term_average": 168662, 
        "date": "2013-11-30", 
        "operating_revenue": 195738, 
        "short_term_average": 169700
    }, 
    {
        "accumulated_operating_revenue_yoy": -5.400023356582904, 
        "accumulated_operating_revenue": 2033225, 
        "long_term_average": 169435, 
        "date": "2013-12-31", 
        "operating_revenue": 206266, 
        "short_term_average": 185067
    }, 
    {
        "accumulated_operating_revenue_yoy": -27.472411314532152, 
        "accumulated_operating_revenue": 171535, 
        "long_term_average": 164020, 
        "date": "2014-01-31", 
        "operating_revenue": 171535, 
        "short_term_average": 191179
    }, 
    {
        "accumulated_operating_revenue_yoy": -19.120972962549757, 
        "accumulated_operating_revenue": 293603, 
        "long_term_average": 163651, 
        "date": "2014-02-28", 
        "operating_revenue": 122068, 
        "short_term_average": 166623
    }, 
    {
        "accumulated_operating_revenue_yoy": -14.743679480359493, 
        "accumulated_operating_revenue": 456765, 
        "long_term_average": 162852, 
        "date": "2014-03-31", 
        "operating_revenue": 163162, 
        "short_term_average": 152255
    }, 
    {
        "accumulated_operating_revenue_yoy": -1.0380761868135338, 
        "accumulated_operating_revenue": 689632, 
        "long_term_average": 168832, 
        "date": "2014-04-30", 
        "operating_revenue": 232867, 
        "short_term_average": 172699
    }, 
    {
        "accumulated_operating_revenue_yoy": 6.3871258343229185, 
        "accumulated_operating_revenue": 909328, 
        "long_term_average": 173984, 
        "date": "2014-05-31", 
        "operating_revenue": 219696, 
        "short_term_average": 205241
    }, 
    {
        "accumulated_operating_revenue_yoy": 9.154525480386628, 
        "accumulated_operating_revenue": 1101403, 
        "long_term_average": 177133, 
        "date": "2014-06-30", 
        "operating_revenue": 192075, 
        "short_term_average": 214879
    }, 
    {
        "accumulated_operating_revenue_yoy": 14.249160277010104, 
        "accumulated_operating_revenue": 1305115, 
        "long_term_average": 182999, 
        "date": "2014-07-31", 
        "operating_revenue": 203712, 
        "short_term_average": 205161
    }, 
    {
        "accumulated_operating_revenue_yoy": 12.771861611797325, 
        "accumulated_operating_revenue": 1486173, 
        "long_term_average": 183461, 
        "date": "2014-08-31", 
        "operating_revenue": 181058, 
        "short_term_average": 192281
    }, 
    {
        "accumulated_operating_revenue_yoy": 12.380854438087608, 
        "accumulated_operating_revenue": 1661016, 
        "long_term_average": 184684, 
        "date": "2014-09-30", 
        "operating_revenue": 174843, 
        "short_term_average": 186537
    }, 
    {
        "accumulated_operating_revenue_yoy": 11.84713781884858, 
        "accumulated_operating_revenue": 1824474, 
        "long_term_average": 185539, 
        "date": "2014-10-31", 
        "operating_revenue": 163458, 
        "short_term_average": 173119
    }, 
    {
        "accumulated_operating_revenue_yoy": 8.81327933467582, 
        "accumulated_operating_revenue": 1987974, 
        "long_term_average": 182853, 
        "date": "2014-11-30", 
        "operating_revenue": 163500, 
        "short_term_average": 167267
    }, 
    {
        "accumulated_operating_revenue_yoy": 7.926619041178423, 
        "accumulated_operating_revenue": 2194391, 
        "long_term_average": 182865, 
        "date": "2014-12-31", 
        "operating_revenue": 206417, 
        "short_term_average": 177791
    }, 
    {
        "accumulated_operating_revenue_yoy": 34.81680123589938, 
        "accumulated_operating_revenue": 231258, 
        "long_term_average": 187842, 
        "date": "2015-01-31", 
        "operating_revenue": 231258, 
        "short_term_average": 200391
    }, 
    {
        "accumulated_operating_revenue_yoy": 25.030738786729017, 
        "accumulated_operating_revenue": 367094, 
        "long_term_average": 188990, 
        "date": "2015-02-28", 
        "operating_revenue": 135836, 
        "short_term_average": 191170
    }, 
    {
        "accumulated_operating_revenue_yoy": 22.985780434140093, 
        "accumulated_operating_revenue": 561756, 
        "long_term_average": 191615, 
        "date": "2015-03-31", 
        "operating_revenue": 194662, 
        "short_term_average": 187252
    }, 
    {
        "accumulated_operating_revenue_yoy": 10.526773699596307, 
        "accumulated_operating_revenue": 762228, 
        "long_term_average": 188915, 
        "date": "2015-04-30", 
        "operating_revenue": 200472, 
        "short_term_average": 176990
    }, 
    {
        "accumulated_operating_revenue_yoy": 1.6480301937254762, 
        "accumulated_operating_revenue": 924314, 
        "long_term_average": 184114, 
        "date": "2015-05-31", 
        "operating_revenue": 162086, 
        "short_term_average": 185740
    }, 
    {
        "accumulated_operating_revenue_yoy": -0.06273816214410166, 
        "accumulated_operating_revenue": 1100712, 
        "long_term_average": 182808, 
        "date": "2015-06-30", 
        "operating_revenue": 176398, 
        "short_term_average": 179652
    }, 
    {
        "accumulated_operating_revenue_yoy": -2.7908651728008644, 
        "accumulated_operating_revenue": 1268691, 
        "long_term_average": 179830, 
        "date": "2015-07-31", 
        "operating_revenue": 167979, 
        "short_term_average": 168821
    }, 
    {
        "accumulated_operating_revenue_yoy": -5.092004766605234, 
        "accumulated_operating_revenue": 1410497, 
        "long_term_average": 176559, 
        "date": "2015-08-31", 
        "operating_revenue": 141806, 
        "short_term_average": 162061
    }, 
    {
        "accumulated_operating_revenue_yoy": -5.420658199559787, 
        "accumulated_operating_revenue": 1570978, 
        "long_term_average": 175362, 
        "date": "2015-09-30", 
        "operating_revenue": 160481, 
        "short_term_average": 156755
    }
]