[
    {
        "date": "2011-09-30", 
        "operating_revenue": 33253, 
        "accumulated_operating_revenue": 33253, 
        "long_term_average": 33253, 
        "short_term_average": 33253
    }, 
    {
        "date": "2011-10-31", 
        "operating_revenue": 24407, 
        "accumulated_operating_revenue": 57660, 
        "long_term_average": 28830, 
        "short_term_average": 28830
    }, 
    {
        "date": "2011-12-31", 
        "operating_revenue": 33840, 
        "accumulated_operating_revenue": 91500, 
        "long_term_average": 30500, 
        "short_term_average": 30500
    }, 
    {
        "date": "2012-01-31", 
        "operating_revenue": 27033, 
        "accumulated_operating_revenue": 27033, 
        "long_term_average": 29633, 
        "short_term_average": 28426
    }, 
    {
        "date": "2012-02-29", 
        "operating_revenue": 31761, 
        "accumulated_operating_revenue": 58794, 
        "long_term_average": 30058, 
        "short_term_average": 30878
    }, 
    {
        "date": "2012-03-31", 
        "operating_revenue": 45098, 
        "accumulated_operating_revenue": 103892, 
        "long_term_average": 32565, 
        "short_term_average": 34630
    }, 
    {
        "date": "2012-04-30", 
        "operating_revenue": 64783, 
        "accumulated_operating_revenue": 168675, 
        "long_term_average": 37167, 
        "short_term_average": 47214
    }, 
    {
        "date": "2012-05-31", 
        "operating_revenue": 85401, 
        "accumulated_operating_revenue": 254076, 
        "long_term_average": 43197, 
        "short_term_average": 65094
    }, 
    {
        "date": "2012-06-30", 
        "operating_revenue": 72199, 
        "accumulated_operating_revenue": 326275, 
        "long_term_average": 46419, 
        "short_term_average": 74127
    }, 
    {
        "date": "2012-07-31", 
        "operating_revenue": 85197, 
        "accumulated_operating_revenue": 411472, 
        "long_term_average": 50297, 
        "short_term_average": 80932
    }, 
    {
        "date": "2012-08-31", 
        "operating_revenue": 67902, 
        "accumulated_operating_revenue": 479374, 
        "long_term_average": 51897, 
        "short_term_average": 75099
    }, 
    {
        "accumulated_operating_revenue_yoy": 1524.9481249812047, 
        "accumulated_operating_revenue": 540344, 
        "long_term_average": 52653, 
        "date": "2012-09-30", 
        "operating_revenue": 60970, 
        "short_term_average": 71356
    }, 
    {
        "accumulated_operating_revenue_yoy": 957.9084287200832, 
        "accumulated_operating_revenue": 609990, 
        "long_term_average": 55686, 
        "date": "2012-10-31", 
        "operating_revenue": 69646, 
        "short_term_average": 66172
    }, 
    {
        "date": "2012-11-30", 
        "operating_revenue": 59088, 
        "accumulated_operating_revenue": 669078, 
        "long_term_average": 58576, 
        "short_term_average": 63234
    }, 
    {
        "accumulated_operating_revenue_yoy": 727.7770491803278, 
        "accumulated_operating_revenue": 757416, 
        "long_term_average": 63118, 
        "date": "2012-12-31", 
        "operating_revenue": 88338, 
        "short_term_average": 72357
    }, 
    {
        "accumulated_operating_revenue_yoy": 200.93959235009063, 
        "accumulated_operating_revenue": 81353, 
        "long_term_average": 67644, 
        "date": "2013-01-31", 
        "operating_revenue": 81353, 
        "short_term_average": 76259
    }, 
    {
        "accumulated_operating_revenue_yoy": 124.05857740585775, 
        "accumulated_operating_revenue": 131733, 
        "long_term_average": 69196, 
        "date": "2013-02-28", 
        "operating_revenue": 50380, 
        "short_term_average": 73357
    }, 
    {
        "accumulated_operating_revenue_yoy": 92.2996958379856, 
        "accumulated_operating_revenue": 199784, 
        "long_term_average": 71109, 
        "date": "2013-03-31", 
        "operating_revenue": 68051, 
        "short_term_average": 66594
    }, 
    {
        "accumulated_operating_revenue_yoy": 113.69319697643397, 
        "accumulated_operating_revenue": 360447, 
        "long_term_average": 79099, 
        "date": "2013-04-30", 
        "operating_revenue": 160663, 
        "short_term_average": 93031
    }, 
    {
        "accumulated_operating_revenue_yoy": 115.98143862466348, 
        "accumulated_operating_revenue": 548757, 
        "long_term_average": 87674, 
        "date": "2013-05-31", 
        "operating_revenue": 188310, 
        "short_term_average": 139008
    }, 
    {
        "accumulated_operating_revenue_yoy": 112.78001685694584, 
        "accumulated_operating_revenue": 694248, 
        "long_term_average": 93782, 
        "date": "2013-06-30", 
        "operating_revenue": 145491, 
        "short_term_average": 164821
    }, 
    {
        "accumulated_operating_revenue_yoy": 100.94587238013766, 
        "accumulated_operating_revenue": 826836, 
        "long_term_average": 97731, 
        "date": "2013-07-31", 
        "operating_revenue": 132588, 
        "short_term_average": 155463
    }, 
    {
        "accumulated_operating_revenue_yoy": 97.41746527763291, 
        "accumulated_operating_revenue": 946368, 
        "long_term_average": 102034, 
        "date": "2013-08-31", 
        "operating_revenue": 119532, 
        "short_term_average": 132537
    }, 
    {
        "accumulated_operating_revenue_yoy": 92.67984839287566, 
        "accumulated_operating_revenue": 1041134, 
        "long_term_average": 104850, 
        "date": "2013-09-30", 
        "operating_revenue": 94766, 
        "short_term_average": 115628
    }, 
    {
        "accumulated_operating_revenue_yoy": 87.40733454646798, 
        "accumulated_operating_revenue": 1143166, 
        "long_term_average": 107549, 
        "date": "2013-10-31", 
        "operating_revenue": 102032, 
        "short_term_average": 105443
    }, 
    {
        "accumulated_operating_revenue_yoy": 89.91522662529631, 
        "accumulated_operating_revenue": 1270681, 
        "long_term_average": 113251, 
        "date": "2013-11-30", 
        "operating_revenue": 127515, 
        "short_term_average": 108104
    }, 
    {
        "accumulated_operating_revenue_yoy": 83.73350972253029, 
        "accumulated_operating_revenue": 1391627, 
        "long_term_average": 115968, 
        "date": "2013-12-31", 
        "operating_revenue": 120946, 
        "short_term_average": 116831
    }, 
    {
        "accumulated_operating_revenue_yoy": 92.2006563986577, 
        "accumulated_operating_revenue": 156361, 
        "long_term_average": 122219, 
        "date": "2014-01-31", 
        "operating_revenue": 156361, 
        "short_term_average": 134940
    }, 
    {
        "accumulated_operating_revenue_yoy": 109.67714999278843, 
        "accumulated_operating_revenue": 276214, 
        "long_term_average": 128009, 
        "date": "2014-02-28", 
        "operating_revenue": 119853, 
        "short_term_average": 132386
    }, 
    {
        "accumulated_operating_revenue_yoy": 117.24412365354584, 
        "accumulated_operating_revenue": 434019, 
        "long_term_average": 135488, 
        "date": "2014-03-31", 
        "operating_revenue": 157805, 
        "short_term_average": 144673
    }, 
    {
        "accumulated_operating_revenue_yoy": 62.45772610120211, 
        "accumulated_operating_revenue": 585574, 
        "long_term_average": 134729, 
        "date": "2014-04-30", 
        "operating_revenue": 151555, 
        "short_term_average": 143071
    }, 
    {
        "accumulated_operating_revenue_yoy": 30.62940427183617, 
        "accumulated_operating_revenue": 716838, 
        "long_term_average": 129975, 
        "date": "2014-05-31", 
        "operating_revenue": 131264, 
        "short_term_average": 146874
    }, 
    {
        "accumulated_operating_revenue_yoy": 21.31399730355723, 
        "accumulated_operating_revenue": 842220, 
        "long_term_average": 128299, 
        "date": "2014-06-30", 
        "operating_revenue": 125382, 
        "short_term_average": 136067
    }, 
    {
        "accumulated_operating_revenue_yoy": 12.703486543885365, 
        "accumulated_operating_revenue": 931873, 
        "long_term_average": 124722, 
        "date": "2014-07-31", 
        "operating_revenue": 89653, 
        "short_term_average": 115433
    }, 
    {
        "accumulated_operating_revenue_yoy": 10.741593122337187, 
        "accumulated_operating_revenue": 1048023, 
        "long_term_average": 124440, 
        "date": "2014-08-31", 
        "operating_revenue": 116150, 
        "short_term_average": 110395
    }, 
    {
        "accumulated_operating_revenue_yoy": 12.092679712697885, 
        "accumulated_operating_revenue": 1167035, 
        "long_term_average": 126460, 
        "date": "2014-09-30", 
        "operating_revenue": 119012, 
        "short_term_average": 108271
    }, 
    {
        "accumulated_operating_revenue_yoy": 10.952652545649538, 
        "accumulated_operating_revenue": 1268373, 
        "long_term_average": 126402, 
        "date": "2014-10-31", 
        "operating_revenue": 101338, 
        "short_term_average": 112166
    }, 
    {
        "accumulated_operating_revenue_yoy": 7.496452689542064, 
        "accumulated_operating_revenue": 1365937, 
        "long_term_average": 123906, 
        "date": "2014-11-30", 
        "operating_revenue": 97564, 
        "short_term_average": 105971
    }, 
    {
        "accumulated_operating_revenue_yoy": 7.856631123138599, 
        "accumulated_operating_revenue": 1500962, 
        "long_term_average": 125080, 
        "date": "2014-12-31", 
        "operating_revenue": 135025, 
        "short_term_average": 111309
    }, 
    {
        "accumulated_operating_revenue_yoy": -27.357205441254536, 
        "accumulated_operating_revenue": 113585, 
        "long_term_average": 121515, 
        "date": "2015-01-31", 
        "operating_revenue": 113585, 
        "short_term_average": 115391
    }, 
    {
        "accumulated_operating_revenue_yoy": -17.36552093666505, 
        "accumulated_operating_revenue": 228248, 
        "long_term_average": 121083, 
        "date": "2015-02-28", 
        "operating_revenue": 114663, 
        "short_term_average": 121091
    }, 
    {
        "accumulated_operating_revenue_yoy": -20.456016902485835, 
        "accumulated_operating_revenue": 345236, 
        "long_term_average": 117681, 
        "date": "2015-03-31", 
        "operating_revenue": 116988, 
        "short_term_average": 115078
    }, 
    {
        "accumulated_operating_revenue_yoy": -15.477121593513374, 
        "accumulated_operating_revenue": 494944, 
        "long_term_average": 117527, 
        "date": "2015-04-30", 
        "operating_revenue": 149708, 
        "short_term_average": 127119
    }, 
    {
        "accumulated_operating_revenue_yoy": -12.995125816432724, 
        "accumulated_operating_revenue": 623684, 
        "long_term_average": 117317, 
        "date": "2015-05-31", 
        "operating_revenue": 128740, 
        "short_term_average": 131812
    }, 
    {
        "accumulated_operating_revenue_yoy": -15.888841395359881, 
        "accumulated_operating_revenue": 708401, 
        "long_term_average": 113928, 
        "date": "2015-06-30", 
        "operating_revenue": 84717, 
        "short_term_average": 121055
    }, 
    {
        "accumulated_operating_revenue_yoy": -13.276916489693338, 
        "accumulated_operating_revenue": 808149, 
        "long_term_average": 114769, 
        "date": "2015-07-31", 
        "operating_revenue": 99748, 
        "short_term_average": 104401
    }, 
    {
        "accumulated_operating_revenue_yoy": -13.371843938539515, 
        "accumulated_operating_revenue": 907883, 
        "long_term_average": 113401, 
        "date": "2015-08-31", 
        "operating_revenue": 99734, 
        "short_term_average": 94733
    }
]