[
    {
        "date": "2012-01-31", 
        "operating_revenue": 277676, 
        "accumulated_operating_revenue": 277676, 
        "long_term_average": 277676, 
        "short_term_average": 277676
    }, 
    {
        "date": "2012-02-29", 
        "operating_revenue": 388043, 
        "accumulated_operating_revenue": 665719, 
        "long_term_average": 332859, 
        "short_term_average": 332859
    }, 
    {
        "date": "2012-03-31", 
        "operating_revenue": 380607, 
        "accumulated_operating_revenue": 1046326, 
        "long_term_average": 348775, 
        "short_term_average": 348775
    }, 
    {
        "date": "2012-04-30", 
        "operating_revenue": 357036, 
        "accumulated_operating_revenue": 1403362, 
        "long_term_average": 350840, 
        "short_term_average": 375228
    }, 
    {
        "date": "2012-05-31", 
        "operating_revenue": 376363, 
        "accumulated_operating_revenue": 1779725, 
        "long_term_average": 355945, 
        "short_term_average": 371335
    }, 
    {
        "date": "2012-06-30", 
        "operating_revenue": 398484, 
        "accumulated_operating_revenue": 2178209, 
        "long_term_average": 363034, 
        "short_term_average": 377294
    }, 
    {
        "date": "2012-07-31", 
        "operating_revenue": 321932, 
        "accumulated_operating_revenue": 2500141, 
        "long_term_average": 357163, 
        "short_term_average": 365593
    }, 
    {
        "date": "2012-08-31", 
        "operating_revenue": 340052, 
        "accumulated_operating_revenue": 2840193, 
        "long_term_average": 355024, 
        "short_term_average": 353489
    }, 
    {
        "date": "2012-09-30", 
        "operating_revenue": 384695, 
        "accumulated_operating_revenue": 3224888, 
        "long_term_average": 358320, 
        "short_term_average": 348893
    }, 
    {
        "date": "2012-10-31", 
        "operating_revenue": 328283, 
        "accumulated_operating_revenue": 3553171, 
        "long_term_average": 355317, 
        "short_term_average": 351010
    }, 
    {
        "date": "2012-11-30", 
        "operating_revenue": 404870, 
        "accumulated_operating_revenue": 3958041, 
        "long_term_average": 359821, 
        "short_term_average": 372616
    }, 
    {
        "date": "2012-12-31", 
        "operating_revenue": 317821, 
        "accumulated_operating_revenue": 4275862, 
        "long_term_average": 356321, 
        "short_term_average": 350324
    }, 
    {
        "accumulated_operating_revenue_yoy": 25.629870784655495, 
        "accumulated_operating_revenue": 348844, 
        "long_term_average": 362252, 
        "date": "2013-01-31", 
        "operating_revenue": 348844, 
        "short_term_average": 357178
    }, 
    {
        "accumulated_operating_revenue_yoy": -0.7222266451761179, 
        "accumulated_operating_revenue": 660911, 
        "long_term_average": 355921, 
        "date": "2013-02-28", 
        "operating_revenue": 312067, 
        "short_term_average": 326244
    }, 
    {
        "accumulated_operating_revenue_yoy": 0.9958655333041518, 
        "accumulated_operating_revenue": 1056746, 
        "long_term_average": 357190, 
        "date": "2013-03-31", 
        "operating_revenue": 395835, 
        "short_term_average": 352248
    }, 
    {
        "accumulated_operating_revenue_yoy": 1.2887622723146273, 
        "accumulated_operating_revenue": 1421448, 
        "long_term_average": 357829, 
        "date": "2013-04-30", 
        "operating_revenue": 364702, 
        "short_term_average": 357534
    }, 
    {
        "accumulated_operating_revenue_yoy": 1.0461728637851353, 
        "accumulated_operating_revenue": 1798344, 
        "long_term_average": 357873, 
        "date": "2013-05-31", 
        "operating_revenue": 376896, 
        "short_term_average": 379144
    }, 
    {
        "accumulated_operating_revenue_yoy": 1.3833842390698046, 
        "accumulated_operating_revenue": 2208342, 
        "long_term_average": 358832, 
        "date": "2013-06-30", 
        "operating_revenue": 409998, 
        "short_term_average": 383865
    }, 
    {
        "accumulated_operating_revenue_yoy": 3.5989170210800108, 
        "accumulated_operating_revenue": 2590119, 
        "long_term_average": 363820, 
        "date": "2013-07-31", 
        "operating_revenue": 381777, 
        "short_term_average": 389557
    }, 
    {
        "accumulated_operating_revenue_yoy": 4.315833466246835, 
        "accumulated_operating_revenue": 2962771, 
        "long_term_average": 366536, 
        "date": "2013-08-31", 
        "operating_revenue": 372652, 
        "short_term_average": 388142
    }, 
    {
        "accumulated_operating_revenue_yoy": 3.845125784213281, 
        "accumulated_operating_revenue": 3348889, 
        "long_term_average": 366655, 
        "date": "2013-09-30", 
        "operating_revenue": 386118, 
        "short_term_average": 380182
    }, 
    {
        "accumulated_operating_revenue_yoy": 5.8802404950395015, 
        "accumulated_operating_revenue": 3762106, 
        "long_term_average": 373733, 
        "date": "2013-10-31", 
        "operating_revenue": 413217, 
        "short_term_average": 390662
    }, 
    {
        "accumulated_operating_revenue_yoy": 5.375917025619492, 
        "accumulated_operating_revenue": 4170822, 
        "long_term_average": 374053, 
        "date": "2013-11-30", 
        "operating_revenue": 408716, 
        "short_term_average": 402683
    }, 
    {
        "accumulated_operating_revenue_yoy": 6.902701724237124, 
        "accumulated_operating_revenue": 4571012, 
        "long_term_average": 380917, 
        "date": "2013-12-31", 
        "operating_revenue": 400190, 
        "short_term_average": 407374
    }, 
    {
        "accumulated_operating_revenue_yoy": 5.607377509717811, 
        "accumulated_operating_revenue": 368405, 
        "long_term_average": 382547, 
        "date": "2014-01-31", 
        "operating_revenue": 368405, 
        "short_term_average": 392437
    }, 
    {
        "accumulated_operating_revenue_yoy": 7.905300411099225, 
        "accumulated_operating_revenue": 713158, 
        "long_term_average": 385271, 
        "date": "2014-02-28", 
        "operating_revenue": 344753, 
        "short_term_average": 371116
    }, 
    {
        "accumulated_operating_revenue_yoy": 6.831537569103645, 
        "accumulated_operating_revenue": 1128938, 
        "long_term_average": 386933, 
        "date": "2014-03-31", 
        "operating_revenue": 415780, 
        "short_term_average": 376312
    }, 
    {
        "accumulated_operating_revenue_yoy": 8.57899831720893, 
        "accumulated_operating_revenue": 1543394, 
        "long_term_average": 391079, 
        "date": "2014-04-30", 
        "operating_revenue": 414456, 
        "short_term_average": 391663
    }, 
    {
        "accumulated_operating_revenue_yoy": 7.01545421788045, 
        "accumulated_operating_revenue": 1924506, 
        "long_term_average": 391431, 
        "date": "2014-05-31", 
        "operating_revenue": 381112, 
        "short_term_average": 403782
    }, 
    {
        "accumulated_operating_revenue_yoy": 5.066697096735922, 
        "accumulated_operating_revenue": 2320232, 
        "long_term_average": 390241, 
        "date": "2014-06-30", 
        "operating_revenue": 395726, 
        "short_term_average": 397098
    }, 
    {
        "accumulated_operating_revenue_yoy": 5.879073509749938, 
        "accumulated_operating_revenue": 2742394, 
        "long_term_average": 393607, 
        "date": "2014-07-31", 
        "operating_revenue": 422162, 
        "short_term_average": 399666
    }, 
    {
        "accumulated_operating_revenue_yoy": 6.582891489082349, 
        "accumulated_operating_revenue": 3157807, 
        "long_term_average": 397170, 
        "date": "2014-08-31", 
        "operating_revenue": 415413, 
        "short_term_average": 411100
    }, 
    {
        "accumulated_operating_revenue_yoy": 6.8311311602146265, 
        "accumulated_operating_revenue": 3577656, 
        "long_term_average": 399981, 
        "date": "2014-09-30", 
        "operating_revenue": 419849, 
        "short_term_average": 419141
    }, 
    {
        "accumulated_operating_revenue_yoy": 6.80307785054435, 
        "accumulated_operating_revenue": 4018045, 
        "long_term_average": 402245, 
        "date": "2014-10-31", 
        "operating_revenue": 440389, 
        "short_term_average": 425217
    }, 
    {
        "accumulated_operating_revenue_yoy": 6.434199301720381, 
        "accumulated_operating_revenue": 4439181, 
        "long_term_average": 403280, 
        "date": "2014-11-30", 
        "operating_revenue": 421136, 
        "short_term_average": 427124
    }, 
    {
        "accumulated_operating_revenue_yoy": 7.152092359416253, 
        "accumulated_operating_revenue": 4897935, 
        "long_term_average": 408161, 
        "date": "2014-12-31", 
        "operating_revenue": 458754, 
        "short_term_average": 440093
    }, 
    {
        "accumulated_operating_revenue_yoy": 4.697818976398257, 
        "accumulated_operating_revenue": 385712, 
        "long_term_average": 409603, 
        "date": "2015-01-31", 
        "operating_revenue": 385712, 
        "short_term_average": 421867
    }, 
    {
        "accumulated_operating_revenue_yoy": 3.197327941353809, 
        "accumulated_operating_revenue": 735960, 
        "long_term_average": 410061, 
        "date": "2015-02-28", 
        "operating_revenue": 350248, 
        "short_term_average": 398238
    }, 
    {
        "accumulated_operating_revenue_yoy": 4.155232616848755, 
        "accumulated_operating_revenue": 1175848, 
        "long_term_average": 412070, 
        "date": "2015-03-31", 
        "operating_revenue": 439888, 
        "short_term_average": 391949
    }, 
    {
        "accumulated_operating_revenue_yoy": 1.8551322604597402, 
        "accumulated_operating_revenue": 1572026, 
        "long_term_average": 410547, 
        "date": "2015-04-30", 
        "operating_revenue": 396178, 
        "short_term_average": 395438
    }, 
    {
        "accumulated_operating_revenue_yoy": 1.0478013578549508, 
        "accumulated_operating_revenue": 1944671, 
        "long_term_average": 409841, 
        "date": "2015-05-31", 
        "operating_revenue": 372645, 
        "short_term_average": 402903
    }, 
    {
        "accumulated_operating_revenue_yoy": 1.4103762037589345, 
        "accumulated_operating_revenue": 2352956, 
        "long_term_average": 410888, 
        "date": "2015-06-30", 
        "operating_revenue": 408285, 
        "short_term_average": 392369
    }, 
    {
        "accumulated_operating_revenue_yoy": 0.27435882663103844, 
        "accumulated_operating_revenue": 2749918, 
        "long_term_average": 408788, 
        "date": "2015-07-31", 
        "operating_revenue": 396962, 
        "short_term_average": 392630
    }, 
    {
        "accumulated_operating_revenue_yoy": -0.48704686511873585, 
        "accumulated_operating_revenue": 3142427, 
        "long_term_average": 406879, 
        "date": "2015-08-31", 
        "operating_revenue": 392509, 
        "short_term_average": 399252
    }
]