[
    {
        "date": "2011-09-30", 
        "operating_revenue": 4259549, 
        "accumulated_operating_revenue": 4259549, 
        "long_term_average": 4259549, 
        "short_term_average": 4259549
    }, 
    {
        "date": "2011-10-31", 
        "operating_revenue": 3698793, 
        "accumulated_operating_revenue": 7958342, 
        "long_term_average": 3979171, 
        "short_term_average": 3979171
    }, 
    {
        "date": "2011-11-30", 
        "operating_revenue": 3533678, 
        "accumulated_operating_revenue": 11492020, 
        "long_term_average": 3830673, 
        "short_term_average": 3830673
    }, 
    {
        "date": "2011-12-31", 
        "operating_revenue": 3472049, 
        "accumulated_operating_revenue": 14964069, 
        "long_term_average": 3741017, 
        "short_term_average": 3568173
    }, 
    {
        "date": "2012-01-31", 
        "operating_revenue": 3953221, 
        "accumulated_operating_revenue": 3953221, 
        "long_term_average": 3783458, 
        "short_term_average": 3652982
    }, 
    {
        "date": "2012-02-29", 
        "operating_revenue": 4002558, 
        "accumulated_operating_revenue": 7955779, 
        "long_term_average": 3819974, 
        "short_term_average": 3809276
    }, 
    {
        "date": "2012-03-31", 
        "operating_revenue": 4383151, 
        "accumulated_operating_revenue": 12338930, 
        "long_term_average": 3900428, 
        "short_term_average": 4112976
    }, 
    {
        "date": "2012-04-30", 
        "operating_revenue": 4478921, 
        "accumulated_operating_revenue": 16817851, 
        "long_term_average": 3972740, 
        "short_term_average": 4288210
    }, 
    {
        "date": "2012-05-31", 
        "operating_revenue": 4320805, 
        "accumulated_operating_revenue": 21138656, 
        "long_term_average": 4011413, 
        "short_term_average": 4394292
    }, 
    {
        "date": "2012-06-30", 
        "operating_revenue": 4194826, 
        "accumulated_operating_revenue": 25333482, 
        "long_term_average": 4029755, 
        "short_term_average": 4331517
    }, 
    {
        "date": "2012-07-31", 
        "operating_revenue": 4035236, 
        "accumulated_operating_revenue": 29368718, 
        "long_term_average": 4030253, 
        "short_term_average": 4183622
    }, 
    {
        "date": "2012-08-31", 
        "operating_revenue": 4343669, 
        "accumulated_operating_revenue": 33712387, 
        "long_term_average": 4056371, 
        "short_term_average": 4191243
    }, 
    {
        "accumulated_operating_revenue_yoy": 800.8855162835314, 
        "accumulated_operating_revenue": 38373660, 
        "long_term_average": 4089848, 
        "date": "2012-09-30", 
        "operating_revenue": 4661273, 
        "short_term_average": 4346726
    }, 
    {
        "accumulated_operating_revenue_yoy": 435.18167477597717, 
        "accumulated_operating_revenue": 42591588, 
        "long_term_average": 4133109, 
        "date": "2012-10-31", 
        "operating_revenue": 4217928, 
        "short_term_average": 4407623
    }, 
    {
        "accumulated_operating_revenue_yoy": 304.5404376254131, 
        "accumulated_operating_revenue": 46489868, 
        "long_term_average": 4163493, 
        "date": "2012-11-30", 
        "operating_revenue": 3898280, 
        "short_term_average": 4259160
    }, 
    {
        "accumulated_operating_revenue_yoy": 233.03030746516873, 
        "accumulated_operating_revenue": 49834885, 
        "long_term_average": 4152907, 
        "date": "2012-12-31", 
        "operating_revenue": 3345017, 
        "short_term_average": 3820408
    }, 
    {
        "accumulated_operating_revenue_yoy": -0.802257197358812, 
        "accumulated_operating_revenue": 3921506, 
        "long_term_average": 4150264, 
        "date": "2013-01-31", 
        "operating_revenue": 3921506, 
        "short_term_average": 3721601
    }, 
    {
        "accumulated_operating_revenue_yoy": -12.369888605502993, 
        "accumulated_operating_revenue": 6971658, 
        "long_term_average": 4070897, 
        "date": "2013-02-28", 
        "operating_revenue": 3050152, 
        "short_term_average": 3438891
    }, 
    {
        "accumulated_operating_revenue_yoy": -10.094789418531429, 
        "accumulated_operating_revenue": 11093341, 
        "long_term_average": 4049108, 
        "date": "2013-03-31", 
        "operating_revenue": 4121683, 
        "short_term_average": 3697780
    }, 
    {
        "accumulated_operating_revenue_yoy": -11.142493770458545, 
        "accumulated_operating_revenue": 14943923, 
        "long_term_average": 3996746, 
        "date": "2013-04-30", 
        "operating_revenue": 3850582, 
        "short_term_average": 3674139
    }, 
    {
        "accumulated_operating_revenue_yoy": -10.541611538595452, 
        "accumulated_operating_revenue": 18910301, 
        "long_term_average": 3967210, 
        "date": "2013-05-31", 
        "operating_revenue": 3966378, 
        "short_term_average": 3979547
    }, 
    {
        "accumulated_operating_revenue_yoy": -11.956323256313523, 
        "accumulated_operating_revenue": 22304529, 
        "long_term_average": 3900494, 
        "date": "2013-06-30", 
        "operating_revenue": 3394228, 
        "short_term_average": 3737062
    }, 
    {
        "accumulated_operating_revenue_yoy": -12.600750907819675, 
        "accumulated_operating_revenue": 25668039, 
        "long_term_average": 3844517, 
        "date": "2013-07-31", 
        "operating_revenue": 3363510, 
        "short_term_average": 3574705
    }, 
    {
        "accumulated_operating_revenue_yoy": -13.12128091078214, 
        "accumulated_operating_revenue": 29288890, 
        "long_term_average": 3784282, 
        "date": "2013-08-31", 
        "operating_revenue": 3620851, 
        "short_term_average": 3459529
    }, 
    {
        "accumulated_operating_revenue_yoy": -15.844865983593955, 
        "accumulated_operating_revenue": 32293405, 
        "long_term_average": 3646219, 
        "date": "2013-09-30", 
        "operating_revenue": 3004515, 
        "short_term_average": 3329625
    }, 
    {
        "accumulated_operating_revenue_yoy": -17.222659084700012, 
        "accumulated_operating_revenue": 35256184, 
        "long_term_average": 3541623, 
        "date": "2013-10-31", 
        "operating_revenue": 2962779, 
        "short_term_average": 3196048
    }, 
    {
        "accumulated_operating_revenue_yoy": -17.67985660875613, 
        "accumulated_operating_revenue": 38270526, 
        "long_term_average": 3467961, 
        "date": "2013-11-30", 
        "operating_revenue": 3014342, 
        "short_term_average": 2993878
    }, 
    {
        "accumulated_operating_revenue_yoy": -17.236016497278964, 
        "accumulated_operating_revenue": 41245336, 
        "long_term_average": 3437111, 
        "date": "2013-12-31", 
        "operating_revenue": 2974810, 
        "short_term_average": 2983977
    }, 
    {
        "accumulated_operating_revenue_yoy": -28.90835816647992, 
        "accumulated_operating_revenue": 2787863, 
        "long_term_average": 3342641, 
        "date": "2014-01-31", 
        "operating_revenue": 2787863, 
        "short_term_average": 2925671
    }, 
    {
        "accumulated_operating_revenue_yoy": -30.700243758371393, 
        "accumulated_operating_revenue": 4831342, 
        "long_term_average": 3258751, 
        "date": "2014-02-28", 
        "operating_revenue": 2043479, 
        "short_term_average": 2602050
    }, 
    {
        "accumulated_operating_revenue_yoy": -30.82610549878526, 
        "accumulated_operating_revenue": 7673696, 
        "long_term_average": 3152140, 
        "date": "2014-03-31", 
        "operating_revenue": 2842354, 
        "short_term_average": 2557898
    }, 
    {
        "accumulated_operating_revenue_yoy": -29.422361183204703, 
        "accumulated_operating_revenue": 10547068, 
        "long_term_average": 3070706, 
        "date": "2014-04-30", 
        "operating_revenue": 2873372, 
        "short_term_average": 2586401
    }, 
    {
        "accumulated_operating_revenue_yoy": -28.82124932860667, 
        "accumulated_operating_revenue": 13460116, 
        "long_term_average": 2982929, 
        "date": "2014-05-31", 
        "operating_revenue": 2913048, 
        "short_term_average": 2876258
    }, 
    {
        "accumulated_operating_revenue_yoy": -26.43532620661929, 
        "accumulated_operating_revenue": 16408254, 
        "long_term_average": 2945755, 
        "date": "2014-06-30", 
        "operating_revenue": 2948138, 
        "short_term_average": 2911519
    }, 
    {
        "accumulated_operating_revenue_yoy": -24.19030920125998, 
        "accumulated_operating_revenue": 19458861, 
        "long_term_average": 2919679, 
        "date": "2014-07-31", 
        "operating_revenue": 3050607, 
        "short_term_average": 2970597
    }, 
    {
        "accumulated_operating_revenue_yoy": -23.71734128538159, 
        "accumulated_operating_revenue": 22342344, 
        "long_term_average": 2858232, 
        "date": "2014-08-31", 
        "operating_revenue": 2883483, 
        "short_term_average": 2960742
    }, 
    {
        "accumulated_operating_revenue_yoy": -21.07579550685349, 
        "accumulated_operating_revenue": 25487313, 
        "long_term_average": 2869937, 
        "date": "2014-09-30", 
        "operating_revenue": 3144969, 
        "short_term_average": 3026353
    }, 
    {
        "accumulated_operating_revenue_yoy": -19.63066394252991, 
        "accumulated_operating_revenue": 28335161, 
        "long_term_average": 2860359, 
        "date": "2014-10-31", 
        "operating_revenue": 2847848, 
        "short_term_average": 2958766
    }, 
    {
        "accumulated_operating_revenue_yoy": -18.65940645811871, 
        "accumulated_operating_revenue": 31129473, 
        "long_term_average": 2842023, 
        "date": "2014-11-30", 
        "operating_revenue": 2794312, 
        "short_term_average": 2929043
    }, 
    {
        "accumulated_operating_revenue_yoy": -17.659509429138847, 
        "accumulated_operating_revenue": 33961612, 
        "long_term_average": 2830134, 
        "date": "2014-12-31", 
        "operating_revenue": 2832139, 
        "short_term_average": 2824766
    }, 
    {
        "accumulated_operating_revenue_yoy": -8.078302269516113, 
        "accumulated_operating_revenue": 2562651, 
        "long_term_average": 2811366, 
        "date": "2015-01-31", 
        "operating_revenue": 2562651, 
        "short_term_average": 2729700
    }, 
    {
        "accumulated_operating_revenue_yoy": -5.4121608447507965, 
        "accumulated_operating_revenue": 4569862, 
        "long_term_average": 2808344, 
        "date": "2015-02-28", 
        "operating_revenue": 2007211, 
        "short_term_average": 2467333
    }, 
    {
        "accumulated_operating_revenue_yoy": -6.50268136762259, 
        "accumulated_operating_revenue": 7174700, 
        "long_term_average": 2788551, 
        "date": "2015-03-31", 
        "operating_revenue": 2604838, 
        "short_term_average": 2391566
    }, 
    {
        "accumulated_operating_revenue_yoy": -8.635480495622101, 
        "accumulated_operating_revenue": 9636278, 
        "long_term_average": 2754235, 
        "date": "2015-04-30", 
        "operating_revenue": 2461578, 
        "short_term_average": 2357875
    }, 
    {
        "accumulated_operating_revenue_yoy": -10.734313136677278, 
        "accumulated_operating_revenue": 12015265, 
        "long_term_average": 2709730, 
        "date": "2015-05-31", 
        "operating_revenue": 2378987, 
        "short_term_average": 2481801
    }, 
    {
        "accumulated_operating_revenue_yoy": -12.607465730357417, 
        "accumulated_operating_revenue": 14339589, 
        "long_term_average": 2657745, 
        "date": "2015-06-30", 
        "operating_revenue": 2324324, 
        "short_term_average": 2388296
    }, 
    {
        "accumulated_operating_revenue_yoy": -13.221914684523417, 
        "accumulated_operating_revenue": 16886027, 
        "long_term_average": 2615731, 
        "date": "2015-07-31", 
        "operating_revenue": 2546438, 
        "short_term_average": 2416583
    }, 
    {
        "accumulated_operating_revenue_yoy": -12.702091597909332, 
        "accumulated_operating_revenue": 19504399, 
        "long_term_average": 2593638, 
        "date": "2015-08-31", 
        "operating_revenue": 2618372, 
        "short_term_average": 2496378
    }
]