[
    {
        "date": "2011-09-30", 
        "operating_revenue": 188542, 
        "accumulated_operating_revenue": 188542, 
        "long_term_average": 188542, 
        "short_term_average": 188542
    }, 
    {
        "date": "2011-10-31", 
        "operating_revenue": 220467, 
        "accumulated_operating_revenue": 409009, 
        "long_term_average": 204504, 
        "short_term_average": 204504
    }, 
    {
        "date": "2011-11-30", 
        "operating_revenue": 254513, 
        "accumulated_operating_revenue": 663522, 
        "long_term_average": 221174, 
        "short_term_average": 221174
    }, 
    {
        "date": "2011-12-31", 
        "operating_revenue": 272718, 
        "accumulated_operating_revenue": 936240, 
        "long_term_average": 234060, 
        "short_term_average": 249232
    }, 
    {
        "date": "2012-01-31", 
        "operating_revenue": 152700, 
        "accumulated_operating_revenue": 152700, 
        "long_term_average": 217788, 
        "short_term_average": 226643
    }, 
    {
        "date": "2012-02-29", 
        "operating_revenue": 196552, 
        "accumulated_operating_revenue": 349252, 
        "long_term_average": 214248, 
        "short_term_average": 207323
    }, 
    {
        "date": "2012-03-31", 
        "operating_revenue": 239892, 
        "accumulated_operating_revenue": 589144, 
        "long_term_average": 217912, 
        "short_term_average": 196381
    }, 
    {
        "date": "2012-04-30", 
        "operating_revenue": 207912, 
        "accumulated_operating_revenue": 797056, 
        "long_term_average": 216662, 
        "short_term_average": 214785
    }, 
    {
        "date": "2012-05-31", 
        "operating_revenue": 202730, 
        "accumulated_operating_revenue": 999786, 
        "long_term_average": 215114, 
        "short_term_average": 216844
    }, 
    {
        "date": "2012-06-30", 
        "operating_revenue": 181486, 
        "accumulated_operating_revenue": 1181272, 
        "long_term_average": 211751, 
        "short_term_average": 197376
    }, 
    {
        "date": "2012-07-31", 
        "operating_revenue": 159900, 
        "accumulated_operating_revenue": 1341172, 
        "long_term_average": 207037, 
        "short_term_average": 181372
    }, 
    {
        "date": "2012-08-31", 
        "operating_revenue": 190779, 
        "accumulated_operating_revenue": 1531951, 
        "long_term_average": 205682, 
        "short_term_average": 177388
    }, 
    {
        "accumulated_operating_revenue_yoy": 824.9970828780855, 
        "accumulated_operating_revenue": 1744008, 
        "long_term_average": 207642, 
        "date": "2012-09-30", 
        "operating_revenue": 212057, 
        "short_term_average": 187578
    }, 
    {
        "accumulated_operating_revenue_yoy": 380.8845282133156, 
        "accumulated_operating_revenue": 1966861, 
        "long_term_average": 207841, 
        "date": "2012-10-31", 
        "operating_revenue": 222853, 
        "short_term_average": 208563
    }, 
    {
        "accumulated_operating_revenue_yoy": 233.85599874608528, 
        "accumulated_operating_revenue": 2215208, 
        "long_term_average": 207327, 
        "date": "2012-11-30", 
        "operating_revenue": 248347, 
        "short_term_average": 227752
    }, 
    {
        "accumulated_operating_revenue_yoy": 160.41794838930187, 
        "accumulated_operating_revenue": 2438137, 
        "long_term_average": 203178, 
        "date": "2012-12-31", 
        "operating_revenue": 222929, 
        "short_term_average": 231376
    }, 
    {
        "accumulated_operating_revenue_yoy": 58.2226588081205, 
        "accumulated_operating_revenue": 241606, 
        "long_term_average": 210586, 
        "date": "2013-01-31", 
        "operating_revenue": 241606, 
        "short_term_average": 237627
    }, 
    {
        "accumulated_operating_revenue_yoy": 16.131618430245208, 
        "accumulated_operating_revenue": 405592, 
        "long_term_average": 207873, 
        "date": "2013-02-28", 
        "operating_revenue": 163986, 
        "short_term_average": 209507
    }, 
    {
        "accumulated_operating_revenue_yoy": 12.736105264587266, 
        "accumulated_operating_revenue": 664178, 
        "long_term_average": 209430, 
        "date": "2013-03-31", 
        "operating_revenue": 258586, 
        "short_term_average": 221392
    }, 
    {
        "accumulated_operating_revenue_yoy": 16.850635338044, 
        "accumulated_operating_revenue": 931365, 
        "long_term_average": 214370, 
        "date": "2013-04-30", 
        "operating_revenue": 267187, 
        "short_term_average": 229919
    }, 
    {
        "accumulated_operating_revenue_yoy": 17.053449438179772, 
        "accumulated_operating_revenue": 1170284, 
        "long_term_average": 217386, 
        "date": "2013-05-31", 
        "operating_revenue": 238919, 
        "short_term_average": 254897
    }, 
    {
        "accumulated_operating_revenue_yoy": 15.178468633811686, 
        "accumulated_operating_revenue": 1360571, 
        "long_term_average": 218119, 
        "date": "2013-06-30", 
        "operating_revenue": 190287, 
        "short_term_average": 232131
    }, 
    {
        "accumulated_operating_revenue_yoy": 14.213389483228104, 
        "accumulated_operating_revenue": 1531798, 
        "long_term_average": 219063, 
        "date": "2013-07-31", 
        "operating_revenue": 171227, 
        "short_term_average": 200144
    }, 
    {
        "accumulated_operating_revenue_yoy": 13.905144485691775, 
        "accumulated_operating_revenue": 1744971, 
        "long_term_average": 220929, 
        "date": "2013-08-31", 
        "operating_revenue": 213173, 
        "short_term_average": 191562
    }, 
    {
        "accumulated_operating_revenue_yoy": 12.588589043169526, 
        "accumulated_operating_revenue": 1963554, 
        "long_term_average": 221473, 
        "date": "2013-09-30", 
        "operating_revenue": 218583, 
        "short_term_average": 200994
    }, 
    {
        "accumulated_operating_revenue_yoy": 12.429398925496006, 
        "accumulated_operating_revenue": 2211330, 
        "long_term_average": 223550, 
        "date": "2013-10-31", 
        "operating_revenue": 247776, 
        "short_term_average": 226510
    }, 
    {
        "accumulated_operating_revenue_yoy": 12.95815110815779, 
        "accumulated_operating_revenue": 2502258, 
        "long_term_average": 227098, 
        "date": "2013-11-30", 
        "operating_revenue": 290928, 
        "short_term_average": 252429
    }, 
    {
        "accumulated_operating_revenue_yoy": 14.255679643924848, 
        "accumulated_operating_revenue": 2785710, 
        "long_term_average": 232142, 
        "date": "2013-12-31", 
        "operating_revenue": 283452, 
        "short_term_average": 274052
    }, 
    {
        "accumulated_operating_revenue_yoy": 5.526352822363683, 
        "accumulated_operating_revenue": 254958, 
        "long_term_average": 233255, 
        "date": "2014-01-31", 
        "operating_revenue": 254958, 
        "short_term_average": 276446
    }, 
    {
        "accumulated_operating_revenue_yoy": 14.052545415096946, 
        "accumulated_operating_revenue": 462588, 
        "long_term_average": 236892, 
        "date": "2014-02-28", 
        "operating_revenue": 207630, 
        "short_term_average": 248680
    }, 
    {
        "accumulated_operating_revenue_yoy": 13.625112545130975, 
        "accumulated_operating_revenue": 754673, 
        "long_term_average": 239683, 
        "date": "2014-03-31", 
        "operating_revenue": 292085, 
        "short_term_average": 251557
    }, 
    {
        "accumulated_operating_revenue_yoy": 10.908183150537115, 
        "accumulated_operating_revenue": 1032960, 
        "long_term_average": 240608, 
        "date": "2014-04-30", 
        "operating_revenue": 278287, 
        "short_term_average": 259334
    }, 
    {
        "accumulated_operating_revenue_yoy": 11.05235993998038, 
        "accumulated_operating_revenue": 1299628, 
        "long_term_average": 242921, 
        "date": "2014-05-31", 
        "operating_revenue": 266668, 
        "short_term_average": 279013
    }, 
    {
        "accumulated_operating_revenue_yoy": 12.827408492463826, 
        "accumulated_operating_revenue": 1535097, 
        "long_term_average": 246686, 
        "date": "2014-06-30", 
        "operating_revenue": 235469, 
        "short_term_average": 260141
    }, 
    {
        "accumulated_operating_revenue_yoy": 16.786221159709047, 
        "accumulated_operating_revenue": 1788929, 
        "long_term_average": 253570, 
        "date": "2014-07-31", 
        "operating_revenue": 253832, 
        "short_term_average": 251989
    }, 
    {
        "accumulated_operating_revenue_yoy": 17.479602812883424, 
        "accumulated_operating_revenue": 2049985, 
        "long_term_average": 257560, 
        "date": "2014-08-31", 
        "operating_revenue": 261056, 
        "short_term_average": 250119
    }, 
    {
        "accumulated_operating_revenue_yoy": 16.982420651532884, 
        "accumulated_operating_revenue": 2297013, 
        "long_term_average": 259930, 
        "date": "2014-09-30", 
        "operating_revenue": 247028, 
        "short_term_average": 253972
    }, 
    {
        "accumulated_operating_revenue_yoy": 17.394418743471125, 
        "accumulated_operating_revenue": 2595978, 
        "long_term_average": 264196, 
        "date": "2014-10-31", 
        "operating_revenue": 298965, 
        "short_term_average": 269016
    }, 
    {
        "accumulated_operating_revenue_yoy": 15.915585043588631, 
        "accumulated_operating_revenue": 2900507, 
        "long_term_average": 265329, 
        "date": "2014-11-30", 
        "operating_revenue": 304529, 
        "short_term_average": 283507
    }, 
    {
        "accumulated_operating_revenue_yoy": 15.962070710878018, 
        "accumulated_operating_revenue": 3230367, 
        "long_term_average": 269197, 
        "date": "2014-12-31", 
        "operating_revenue": 329860, 
        "short_term_average": 311118
    }, 
    {
        "accumulated_operating_revenue_yoy": 29.70175479882961, 
        "accumulated_operating_revenue": 330685, 
        "long_term_average": 275507, 
        "date": "2015-01-31", 
        "operating_revenue": 330685, 
        "short_term_average": 321691
    }, 
    {
        "accumulated_operating_revenue_yoy": 18.488806454123324, 
        "accumulated_operating_revenue": 548115, 
        "long_term_average": 276324, 
        "date": "2015-02-28", 
        "operating_revenue": 217430, 
        "short_term_average": 292658
    }, 
    {
        "accumulated_operating_revenue_yoy": 11.78351418428909, 
        "accumulated_operating_revenue": 843600, 
        "long_term_average": 276607, 
        "date": "2015-03-31", 
        "operating_revenue": 295485, 
        "short_term_average": 281200
    }, 
    {
        "accumulated_operating_revenue_yoy": 12.254395136307311, 
        "accumulated_operating_revenue": 1159543, 
        "long_term_average": 279745, 
        "date": "2015-04-30", 
        "operating_revenue": 315943, 
        "short_term_average": 276286
    }, 
    {
        "accumulated_operating_revenue_yoy": 12.030365612313677, 
        "accumulated_operating_revenue": 1455978, 
        "long_term_average": 282226, 
        "date": "2015-05-31", 
        "operating_revenue": 296435, 
        "short_term_average": 302621
    }, 
    {
        "accumulated_operating_revenue_yoy": 9.772737488249929, 
        "accumulated_operating_revenue": 1685118, 
        "long_term_average": 281699, 
        "date": "2015-06-30", 
        "operating_revenue": 229140, 
        "short_term_average": 280506
    }, 
    {
        "accumulated_operating_revenue_yoy": 8.13156922382051, 
        "accumulated_operating_revenue": 1934397, 
        "long_term_average": 281319, 
        "date": "2015-07-31", 
        "operating_revenue": 249279, 
        "short_term_average": 258284
    }, 
    {
        "accumulated_operating_revenue_yoy": 5.696627048490599, 
        "accumulated_operating_revenue": 2166765, 
        "long_term_average": 278928, 
        "date": "2015-08-31", 
        "operating_revenue": 232368, 
        "short_term_average": 236929
    }
]