[
    {
        "date": "2012-01-31", 
        "operating_revenue": 1637542, 
        "accumulated_operating_revenue": 1637542, 
        "long_term_average": 1637542, 
        "short_term_average": 1637542
    }, 
    {
        "date": "2012-02-29", 
        "operating_revenue": 1079570, 
        "accumulated_operating_revenue": 2717112, 
        "long_term_average": 1358556, 
        "short_term_average": 1358556
    }, 
    {
        "date": "2012-03-31", 
        "operating_revenue": 1072177, 
        "accumulated_operating_revenue": 3789289, 
        "long_term_average": 1263096, 
        "short_term_average": 1263096
    }, 
    {
        "date": "2012-04-30", 
        "operating_revenue": 1180648, 
        "accumulated_operating_revenue": 4969937, 
        "long_term_average": 1242484, 
        "short_term_average": 1110798
    }, 
    {
        "date": "2012-05-31", 
        "operating_revenue": 1268627, 
        "accumulated_operating_revenue": 6238564, 
        "long_term_average": 1247712, 
        "short_term_average": 1173817
    }, 
    {
        "date": "2012-06-30", 
        "operating_revenue": 1390374, 
        "accumulated_operating_revenue": 7628938, 
        "long_term_average": 1271489, 
        "short_term_average": 1279883
    }, 
    {
        "date": "2012-07-31", 
        "operating_revenue": 1882290, 
        "accumulated_operating_revenue": 9511228, 
        "long_term_average": 1358746, 
        "short_term_average": 1513763
    }, 
    {
        "date": "2012-08-31", 
        "operating_revenue": 1187435, 
        "accumulated_operating_revenue": 10698663, 
        "long_term_average": 1337332, 
        "short_term_average": 1486699
    }, 
    {
        "date": "2012-09-30", 
        "operating_revenue": 1056772, 
        "accumulated_operating_revenue": 11755435, 
        "long_term_average": 1306159, 
        "short_term_average": 1375499
    }, 
    {
        "date": "2012-10-31", 
        "operating_revenue": 950014, 
        "accumulated_operating_revenue": 12705449, 
        "long_term_average": 1270544, 
        "short_term_average": 1064740
    }, 
    {
        "date": "2012-11-30", 
        "operating_revenue": 963372, 
        "accumulated_operating_revenue": 13668821, 
        "long_term_average": 1242620, 
        "short_term_average": 990052
    }, 
    {
        "date": "2012-12-31", 
        "operating_revenue": 1239721, 
        "accumulated_operating_revenue": 14908542, 
        "long_term_average": 1242378, 
        "short_term_average": 1051035
    }, 
    {
        "accumulated_operating_revenue_yoy": -18.51476175878237, 
        "accumulated_operating_revenue": 1334355, 
        "long_term_average": 1217112, 
        "date": "2013-01-31", 
        "operating_revenue": 1334355, 
        "short_term_average": 1179149
    }, 
    {
        "accumulated_operating_revenue_yoy": -4.320248852458051, 
        "accumulated_operating_revenue": 2599726, 
        "long_term_average": 1232596, 
        "date": "2013-02-28", 
        "operating_revenue": 1265371, 
        "short_term_average": 1279815
    }, 
    {
        "accumulated_operating_revenue_yoy": -6.215677927970129, 
        "accumulated_operating_revenue": 3553759, 
        "long_term_average": 1222751, 
        "date": "2013-03-31", 
        "operating_revenue": 954033, 
        "short_term_average": 1184586
    }, 
    {
        "accumulated_operating_revenue_yoy": -5.3243532060869185, 
        "accumulated_operating_revenue": 4705320, 
        "long_term_average": 1220327, 
        "date": "2013-04-30", 
        "operating_revenue": 1151561, 
        "short_term_average": 1123655
    }, 
    {
        "accumulated_operating_revenue_yoy": -3.104624718124235, 
        "accumulated_operating_revenue": 6044880, 
        "long_term_average": 1226238, 
        "date": "2013-05-31", 
        "operating_revenue": 1339560, 
        "short_term_average": 1148384
    }, 
    {
        "accumulated_operating_revenue_yoy": 1.0414948974549274, 
        "accumulated_operating_revenue": 7708393, 
        "long_term_average": 1248999, 
        "date": "2013-06-30", 
        "operating_revenue": 1663513, 
        "short_term_average": 1384878
    }, 
    {
        "accumulated_operating_revenue_yoy": -2.4826131809688508, 
        "accumulated_operating_revenue": 9275101, 
        "long_term_average": 1222701, 
        "date": "2013-07-31", 
        "operating_revenue": 1566708, 
        "short_term_average": 1523260
    }, 
    {
        "accumulated_operating_revenue_yoy": -1.6451027572323758, 
        "accumulated_operating_revenue": 10522659, 
        "long_term_average": 1227711, 
        "date": "2013-08-31", 
        "operating_revenue": 1247558, 
        "short_term_average": 1492593
    }, 
    {
        "accumulated_operating_revenue_yoy": -1.345615878953012, 
        "accumulated_operating_revenue": 11597252, 
        "long_term_average": 1229196, 
        "date": "2013-09-30", 
        "operating_revenue": 1074593, 
        "short_term_average": 1296286
    }, 
    {
        "accumulated_operating_revenue_yoy": -1.095459121515501, 
        "accumulated_operating_revenue": 12566266, 
        "long_term_average": 1230779, 
        "date": "2013-10-31", 
        "operating_revenue": 969014, 
        "short_term_average": 1097055
    }, 
    {
        "accumulated_operating_revenue_yoy": -0.9161872849165263, 
        "accumulated_operating_revenue": 13543589, 
        "long_term_average": 1231942, 
        "date": "2013-11-30", 
        "operating_revenue": 977323, 
        "short_term_average": 1006976
    }, 
    {
        "accumulated_operating_revenue_yoy": -1.191444475254522, 
        "accumulated_operating_revenue": 14730915, 
        "long_term_average": 1227576, 
        "date": "2013-12-31", 
        "operating_revenue": 1187326, 
        "short_term_average": 1044554
    }, 
    {
        "accumulated_operating_revenue_yoy": 26.273143204019924, 
        "accumulated_operating_revenue": 1684932, 
        "long_term_average": 1256791, 
        "date": "2014-01-31", 
        "operating_revenue": 1684932, 
        "short_term_average": 1283193
    }, 
    {
        "accumulated_operating_revenue_yoy": 6.757135175014597, 
        "accumulated_operating_revenue": 2775393, 
        "long_term_average": 1242215, 
        "date": "2014-02-28", 
        "operating_revenue": 1090461, 
        "short_term_average": 1320906
    }, 
    {
        "accumulated_operating_revenue_yoy": 2.7744424987738334, 
        "accumulated_operating_revenue": 3652356, 
        "long_term_average": 1235792, 
        "date": "2014-03-31", 
        "operating_revenue": 876963, 
        "short_term_average": 1217452
    }, 
    {
        "accumulated_operating_revenue_yoy": 5.006673297459047, 
        "accumulated_operating_revenue": 4940900, 
        "long_term_average": 1247207, 
        "date": "2014-04-30", 
        "operating_revenue": 1288544, 
        "short_term_average": 1085322
    }, 
    {
        "accumulated_operating_revenue_yoy": 4.382121729463613, 
        "accumulated_operating_revenue": 6309774, 
        "long_term_average": 1249650, 
        "date": "2014-05-31", 
        "operating_revenue": 1368874, 
        "short_term_average": 1178127
    }, 
    {
        "accumulated_operating_revenue_yoy": 2.7350058566033155, 
        "accumulated_operating_revenue": 7919218, 
        "long_term_average": 1245145, 
        "date": "2014-06-30", 
        "operating_revenue": 1609444, 
        "short_term_average": 1422287
    }, 
    {
        "accumulated_operating_revenue_yoy": 7.465805493654462, 
        "accumulated_operating_revenue": 9967562, 
        "long_term_average": 1285281, 
        "date": "2014-07-31", 
        "operating_revenue": 2048344, 
        "short_term_average": 1675554
    }, 
    {
        "accumulated_operating_revenue_yoy": 8.321356797744754, 
        "accumulated_operating_revenue": 11398287, 
        "long_term_average": 1300545, 
        "date": "2014-08-31", 
        "operating_revenue": 1430725, 
        "short_term_average": 1696171
    }, 
    {
        "accumulated_operating_revenue_yoy": 9.09223150449779, 
        "accumulated_operating_revenue": 12651701, 
        "long_term_average": 1315447, 
        "date": "2014-09-30", 
        "operating_revenue": 1253414, 
        "short_term_average": 1577494
    }, 
    {
        "accumulated_operating_revenue_yoy": 8.850250344851844, 
        "accumulated_operating_revenue": 13678412, 
        "long_term_average": 1320255, 
        "date": "2014-10-31", 
        "operating_revenue": 1026711, 
        "short_term_average": 1236950
    }, 
    {
        "accumulated_operating_revenue_yoy": 8.641409599774477, 
        "accumulated_operating_revenue": 14713946, 
        "long_term_average": 1325106, 
        "date": "2014-11-30", 
        "operating_revenue": 1035534, 
        "short_term_average": 1105219
    }, 
    {
        "accumulated_operating_revenue_yoy": 8.1963000940539, 
        "accumulated_operating_revenue": 15938305, 
        "long_term_average": 1328192, 
        "date": "2014-12-31", 
        "operating_revenue": 1224359, 
        "short_term_average": 1095534
    }, 
    {
        "accumulated_operating_revenue_yoy": -22.493073904466172, 
        "accumulated_operating_revenue": 1305939, 
        "long_term_average": 1296609, 
        "date": "2015-01-31", 
        "operating_revenue": 1305939, 
        "short_term_average": 1188610
    }, 
    {
        "accumulated_operating_revenue_yoy": 3.4781740820128895, 
        "accumulated_operating_revenue": 2871926, 
        "long_term_average": 1336236, 
        "date": "2015-02-28", 
        "operating_revenue": 1565987, 
        "short_term_average": 1365428
    }, 
    {
        "accumulated_operating_revenue_yoy": 9.259393115019456, 
        "accumulated_operating_revenue": 3990542, 
        "long_term_average": 1356374, 
        "date": "2015-03-31", 
        "operating_revenue": 1118616, 
        "short_term_average": 1330180
    }, 
    {
        "accumulated_operating_revenue_yoy": 10.237831164362769, 
        "accumulated_operating_revenue": 5446741, 
        "long_term_average": 1370345, 
        "date": "2015-04-30", 
        "operating_revenue": 1456199, 
        "short_term_average": 1380267
    }, 
    {
        "accumulated_operating_revenue_yoy": 9.676051788859633, 
        "accumulated_operating_revenue": 6920311, 
        "long_term_average": 1379070, 
        "date": "2015-05-31", 
        "operating_revenue": 1473570, 
        "short_term_average": 1349461
    }, 
    {
        "accumulated_operating_revenue_yoy": 9.53280993148566, 
        "accumulated_operating_revenue": 8674142, 
        "long_term_average": 1391102, 
        "date": "2015-06-30", 
        "operating_revenue": 1753831, 
        "short_term_average": 1561200
    }, 
    {
        "accumulated_operating_revenue_yoy": 4.7277659271143735, 
        "accumulated_operating_revenue": 10438805, 
        "long_term_average": 1367462, 
        "date": "2015-07-31", 
        "operating_revenue": 1764663, 
        "short_term_average": 1664021
    }, 
    {
        "accumulated_operating_revenue_yoy": 2.6436867223996026, 
        "accumulated_operating_revenue": 11699622, 
        "long_term_average": 1353303, 
        "date": "2015-08-31", 
        "operating_revenue": 1260817, 
        "short_term_average": 1593103
    }
]