[
    {
        "date": "2011-09-30", 
        "operating_revenue": 2034025, 
        "accumulated_operating_revenue": 2034025, 
        "long_term_average": 2034025, 
        "short_term_average": 2034025
    }, 
    {
        "date": "2011-10-31", 
        "operating_revenue": 1917324, 
        "accumulated_operating_revenue": 3951349, 
        "long_term_average": 1975674, 
        "short_term_average": 1975674
    }, 
    {
        "date": "2011-11-30", 
        "operating_revenue": 2049894, 
        "accumulated_operating_revenue": 6001243, 
        "long_term_average": 2000414, 
        "short_term_average": 2000414
    }, 
    {
        "date": "2011-12-31", 
        "operating_revenue": 1952606, 
        "accumulated_operating_revenue": 7953849, 
        "long_term_average": 1988462, 
        "short_term_average": 1973274
    }, 
    {
        "date": "2012-01-31", 
        "operating_revenue": 1596369, 
        "accumulated_operating_revenue": 1596369, 
        "long_term_average": 1910043, 
        "short_term_average": 1866289
    }, 
    {
        "date": "2012-02-29", 
        "operating_revenue": 1661498, 
        "accumulated_operating_revenue": 3257867, 
        "long_term_average": 1868619, 
        "short_term_average": 1736824
    }, 
    {
        "date": "2012-03-31", 
        "operating_revenue": 2009547, 
        "accumulated_operating_revenue": 5267414, 
        "long_term_average": 1888751, 
        "short_term_average": 1755804
    }, 
    {
        "date": "2012-04-30", 
        "operating_revenue": 2073417, 
        "accumulated_operating_revenue": 7340831, 
        "long_term_average": 1911835, 
        "short_term_average": 1914820
    }, 
    {
        "date": "2012-05-31", 
        "operating_revenue": 2113221, 
        "accumulated_operating_revenue": 9454052, 
        "long_term_average": 1934211, 
        "short_term_average": 2065395
    }, 
    {
        "date": "2012-06-30", 
        "operating_revenue": 2067642, 
        "accumulated_operating_revenue": 11521694, 
        "long_term_average": 1947554, 
        "short_term_average": 2084760
    }, 
    {
        "date": "2012-07-31", 
        "operating_revenue": 2156486, 
        "accumulated_operating_revenue": 13678180, 
        "long_term_average": 1966548, 
        "short_term_average": 2112449
    }, 
    {
        "date": "2012-08-31", 
        "operating_revenue": 2180069, 
        "accumulated_operating_revenue": 15858249, 
        "long_term_average": 1984341, 
        "short_term_average": 2134732
    }, 
    {
        "accumulated_operating_revenue_yoy": 786.7450990032079, 
        "accumulated_operating_revenue": 18036617, 
        "long_term_average": 1996370, 
        "date": "2012-09-30", 
        "operating_revenue": 2178368, 
        "short_term_average": 2171641
    }, 
    {
        "accumulated_operating_revenue_yoy": 409.9640654368925, 
        "accumulated_operating_revenue": 20150460, 
        "long_term_average": 2012746, 
        "date": "2012-10-31", 
        "operating_revenue": 2113843, 
        "short_term_average": 2157426
    }, 
    {
        "accumulated_operating_revenue_yoy": 271.5451448974821, 
        "accumulated_operating_revenue": 22297327, 
        "long_term_average": 2020827, 
        "date": "2012-11-30", 
        "operating_revenue": 2146867, 
        "short_term_average": 2146359
    }, 
    {
        "accumulated_operating_revenue_yoy": 206.64097344568648, 
        "accumulated_operating_revenue": 24389760, 
        "long_term_average": 2032480, 
        "date": "2012-12-31", 
        "operating_revenue": 2092433, 
        "short_term_average": 2117714
    }, 
    {
        "accumulated_operating_revenue_yoy": 35.2872675427799, 
        "accumulated_operating_revenue": 2159684, 
        "long_term_average": 2079422, 
        "date": "2013-01-31", 
        "operating_revenue": 2159684, 
        "short_term_average": 2132994
    }, 
    {
        "accumulated_operating_revenue_yoy": 11.792194095093507, 
        "accumulated_operating_revenue": 3642041, 
        "long_term_average": 2064494, 
        "date": "2013-02-28", 
        "operating_revenue": 1482357, 
        "short_term_average": 1911491
    }, 
    {
        "accumulated_operating_revenue_yoy": 8.193432299037061, 
        "accumulated_operating_revenue": 5698996, 
        "long_term_average": 2068445, 
        "date": "2013-03-31", 
        "operating_revenue": 2056955, 
        "short_term_average": 1899665
    }, 
    {
        "accumulated_operating_revenue_yoy": 6.7744237675543815, 
        "accumulated_operating_revenue": 7838130, 
        "long_term_average": 2073921, 
        "date": "2013-04-30", 
        "operating_revenue": 2139134, 
        "short_term_average": 1892815
    }, 
    {
        "accumulated_operating_revenue_yoy": 6.162130269645227, 
        "accumulated_operating_revenue": 10036623, 
        "long_term_average": 2081027, 
        "date": "2013-05-31", 
        "operating_revenue": 2198493, 
        "short_term_average": 2131527
    }, 
    {
        "accumulated_operating_revenue_yoy": 5.340942052444719, 
        "accumulated_operating_revenue": 12137061, 
        "long_term_average": 2083760, 
        "date": "2013-06-30", 
        "operating_revenue": 2100438, 
        "short_term_average": 2146021
    }, 
    {
        "accumulated_operating_revenue_yoy": 4.2110792517718005, 
        "accumulated_operating_revenue": 14254179, 
        "long_term_average": 2080479, 
        "date": "2013-07-31", 
        "operating_revenue": 2117118, 
        "short_term_average": 2138683
    }, 
    {
        "accumulated_operating_revenue_yoy": 3.62840184940973, 
        "accumulated_operating_revenue": 16433650, 
        "long_term_average": 2080430, 
        "date": "2013-08-31", 
        "operating_revenue": 2179471, 
        "short_term_average": 2132342
    }, 
    {
        "accumulated_operating_revenue_yoy": 3.0251571012457603, 
        "accumulated_operating_revenue": 18582253, 
        "long_term_average": 2077949, 
        "date": "2013-09-30", 
        "operating_revenue": 2148603, 
        "short_term_average": 2148397
    }, 
    {
        "accumulated_operating_revenue_yoy": 2.1865803559819477, 
        "accumulated_operating_revenue": 20591066, 
        "long_term_average": 2069197, 
        "date": "2013-10-31", 
        "operating_revenue": 2008813, 
        "short_term_average": 2112295
    }, 
    {
        "accumulated_operating_revenue_yoy": 1.5223125175497494, 
        "accumulated_operating_revenue": 22636762, 
        "long_term_average": 2060766, 
        "date": "2013-11-30", 
        "operating_revenue": 2045696, 
        "short_term_average": 2067704
    }, 
    {
        "accumulated_operating_revenue_yoy": 0.8409758849615576, 
        "accumulated_operating_revenue": 24594872, 
        "long_term_average": 2049572, 
        "date": "2013-12-31", 
        "operating_revenue": 1958110, 
        "short_term_average": 2004206
    }, 
    {
        "accumulated_operating_revenue_yoy": -17.274749454086802, 
        "accumulated_operating_revenue": 1786604, 
        "long_term_average": 2018482, 
        "date": "2014-01-31", 
        "operating_revenue": 1786604, 
        "short_term_average": 1930136
    }, 
    {
        "accumulated_operating_revenue_yoy": -6.434716138560768, 
        "accumulated_operating_revenue": 3407686, 
        "long_term_average": 2030043, 
        "date": "2014-02-28", 
        "operating_revenue": 1621082, 
        "short_term_average": 1788598
    }, 
    {
        "accumulated_operating_revenue_yoy": -6.54687246665904, 
        "accumulated_operating_revenue": 5325890, 
        "long_term_average": 2018480, 
        "date": "2014-03-31", 
        "operating_revenue": 1918204, 
        "short_term_average": 1775296
    }, 
    {
        "accumulated_operating_revenue_yoy": -4.940208952900756, 
        "accumulated_operating_revenue": 7450910, 
        "long_term_average": 2017304, 
        "date": "2014-04-30", 
        "operating_revenue": 2125020, 
        "short_term_average": 1888102
    }, 
    {
        "accumulated_operating_revenue_yoy": -3.096708922911621, 
        "accumulated_operating_revenue": 9725818, 
        "long_term_average": 2023672, 
        "date": "2014-05-31", 
        "operating_revenue": 2274908, 
        "short_term_average": 2106044
    }, 
    {
        "accumulated_operating_revenue_yoy": -2.263348598149091, 
        "accumulated_operating_revenue": 11862357, 
        "long_term_average": 2026680, 
        "date": "2014-06-30", 
        "operating_revenue": 2136539, 
        "short_term_average": 2178822
    }, 
    {
        "accumulated_operating_revenue_yoy": -1.271150025546894, 
        "accumulated_operating_revenue": 14072987, 
        "long_term_average": 2034473, 
        "date": "2014-07-31", 
        "operating_revenue": 2210630, 
        "short_term_average": 2207359
    }, 
    {
        "accumulated_operating_revenue_yoy": -1.8200947446245965, 
        "accumulated_operating_revenue": 16134542, 
        "long_term_average": 2024647, 
        "date": "2014-08-31", 
        "operating_revenue": 2061555, 
        "short_term_average": 2136241
    }, 
    {
        "accumulated_operating_revenue_yoy": -2.324535135755605, 
        "accumulated_operating_revenue": 18150302, 
        "long_term_average": 2013576, 
        "date": "2014-09-30", 
        "operating_revenue": 2015760, 
        "short_term_average": 2095981
    }, 
    {
        "accumulated_operating_revenue_yoy": -1.7480687983808123, 
        "accumulated_operating_revenue": 20231120, 
        "long_term_average": 2019577, 
        "date": "2014-10-31", 
        "operating_revenue": 2080818, 
        "short_term_average": 2052711
    }, 
    {
        "accumulated_operating_revenue_yoy": -2.1655968287337206, 
        "accumulated_operating_revenue": 22146541, 
        "long_term_average": 2008720, 
        "date": "2014-11-30", 
        "operating_revenue": 1915421, 
        "short_term_average": 2003999
    }, 
    {
        "accumulated_operating_revenue_yoy": -2.073842872611819, 
        "accumulated_operating_revenue": 24084813, 
        "long_term_average": 2007067, 
        "date": "2014-12-31", 
        "operating_revenue": 1938272, 
        "short_term_average": 1978170
    }, 
    {
        "accumulated_operating_revenue_yoy": 14.065456027189013, 
        "accumulated_operating_revenue": 2037898, 
        "long_term_average": 2028008, 
        "date": "2015-01-31", 
        "operating_revenue": 2037898, 
        "short_term_average": 1963863
    }, 
    {
        "accumulated_operating_revenue_yoy": 0.2921630690151616, 
        "accumulated_operating_revenue": 3417642, 
        "long_term_average": 2007897, 
        "date": "2015-02-28", 
        "operating_revenue": 1379744, 
        "short_term_average": 1785304
    }, 
    {
        "accumulated_operating_revenue_yoy": -2.0418746913661376, 
        "accumulated_operating_revenue": 5217142, 
        "long_term_average": 1998005, 
        "date": "2015-03-31", 
        "operating_revenue": 1799500, 
        "short_term_average": 1739047
    }, 
    {
        "accumulated_operating_revenue_yoy": -7.561908545399152, 
        "accumulated_operating_revenue": 6887479, 
        "long_term_average": 1960115, 
        "date": "2015-04-30", 
        "operating_revenue": 1670337, 
        "short_term_average": 1616527
    }, 
    {
        "accumulated_operating_revenue_yoy": -12.023574777977544, 
        "accumulated_operating_revenue": 8556427, 
        "long_term_average": 1909618, 
        "date": "2015-05-31", 
        "operating_revenue": 1668948, 
        "short_term_average": 1712928
    }, 
    {
        "accumulated_operating_revenue_yoy": -14.169106527480164, 
        "accumulated_operating_revenue": 10181567, 
        "long_term_average": 1867001, 
        "date": "2015-06-30", 
        "operating_revenue": 1625140, 
        "short_term_average": 1654808
    }, 
    {
        "accumulated_operating_revenue_yoy": -15.418780675346323, 
        "accumulated_operating_revenue": 11903104, 
        "long_term_average": 1826244, 
        "date": "2015-07-31", 
        "operating_revenue": 1721537, 
        "short_term_average": 1671875
    }, 
    {
        "accumulated_operating_revenue_yoy": -14.993874632450058, 
        "accumulated_operating_revenue": 13715349, 
        "long_term_average": 1805468, 
        "date": "2015-08-31", 
        "operating_revenue": 1812245, 
        "short_term_average": 1719640
    }, 
    {
        "accumulated_operating_revenue_yoy": -14.3336347791899, 
        "accumulated_operating_revenue": 15548704, 
        "long_term_average": 1790267, 
        "date": "2015-09-30", 
        "operating_revenue": 1833355, 
        "short_term_average": 1789045
    }
]