[
    {
        "date": "2011-09-30", 
        "operating_revenue": 130957, 
        "accumulated_operating_revenue": 130957, 
        "long_term_average": 130957, 
        "short_term_average": 130957
    }, 
    {
        "date": "2011-10-31", 
        "operating_revenue": 132096, 
        "accumulated_operating_revenue": 263053, 
        "long_term_average": 131526, 
        "short_term_average": 131526
    }, 
    {
        "date": "2011-11-30", 
        "operating_revenue": 120240, 
        "accumulated_operating_revenue": 383293, 
        "long_term_average": 127764, 
        "short_term_average": 127764
    }, 
    {
        "date": "2011-12-31", 
        "operating_revenue": 113209, 
        "accumulated_operating_revenue": 496502, 
        "long_term_average": 124125, 
        "short_term_average": 121848
    }, 
    {
        "date": "2012-01-31", 
        "operating_revenue": 85603, 
        "accumulated_operating_revenue": 85603, 
        "long_term_average": 116421, 
        "short_term_average": 106350
    }, 
    {
        "date": "2012-02-29", 
        "operating_revenue": 106305, 
        "accumulated_operating_revenue": 191908, 
        "long_term_average": 114735, 
        "short_term_average": 101705
    }, 
    {
        "date": "2012-03-31", 
        "operating_revenue": 134027, 
        "accumulated_operating_revenue": 325935, 
        "long_term_average": 117491, 
        "short_term_average": 108645
    }, 
    {
        "date": "2012-04-30", 
        "operating_revenue": 125740, 
        "accumulated_operating_revenue": 451675, 
        "long_term_average": 118522, 
        "short_term_average": 122024
    }, 
    {
        "date": "2012-05-31", 
        "operating_revenue": 122813, 
        "accumulated_operating_revenue": 574488, 
        "long_term_average": 118998, 
        "short_term_average": 127526
    }, 
    {
        "date": "2012-06-30", 
        "operating_revenue": 125433, 
        "accumulated_operating_revenue": 699921, 
        "long_term_average": 119642, 
        "short_term_average": 124662
    }, 
    {
        "date": "2012-07-31", 
        "operating_revenue": 126171, 
        "accumulated_operating_revenue": 826092, 
        "long_term_average": 120235, 
        "short_term_average": 124805
    }, 
    {
        "date": "2012-08-31", 
        "operating_revenue": 151015, 
        "accumulated_operating_revenue": 977107, 
        "long_term_average": 122800, 
        "short_term_average": 134206
    }, 
    {
        "accumulated_operating_revenue_yoy": 786.7880296585902, 
        "accumulated_operating_revenue": 1161311, 
        "long_term_average": 127238, 
        "date": "2012-09-30", 
        "operating_revenue": 184204, 
        "short_term_average": 153796
    }, 
    {
        "accumulated_operating_revenue_yoy": 395.57503620943305, 
        "accumulated_operating_revenue": 1303625, 
        "long_term_average": 128089, 
        "date": "2012-10-31", 
        "operating_revenue": 142314, 
        "short_term_average": 159177
    }, 
    {
        "accumulated_operating_revenue_yoy": 276.3702963529206, 
        "accumulated_operating_revenue": 1442601, 
        "long_term_average": 129650, 
        "date": "2012-11-30", 
        "operating_revenue": 138976, 
        "short_term_average": 155164
    }, 
    {
        "accumulated_operating_revenue_yoy": 209.2682406113168, 
        "accumulated_operating_revenue": 1535523, 
        "long_term_average": 127960, 
        "date": "2012-12-31", 
        "operating_revenue": 92922, 
        "short_term_average": 124737
    }, 
    {
        "accumulated_operating_revenue_yoy": 129.3891569220705, 
        "accumulated_operating_revenue": 196364, 
        "long_term_average": 137190, 
        "date": "2013-01-31", 
        "operating_revenue": 196364, 
        "short_term_average": 142754
    }, 
    {
        "accumulated_operating_revenue_yoy": 78.50324113637784, 
        "accumulated_operating_revenue": 342562, 
        "long_term_average": 140514, 
        "date": "2013-02-28", 
        "operating_revenue": 146198, 
        "short_term_average": 145161
    }, 
    {
        "accumulated_operating_revenue_yoy": 72.23618206084035, 
        "accumulated_operating_revenue": 561378, 
        "long_term_average": 147580, 
        "date": "2013-03-31", 
        "operating_revenue": 218816, 
        "short_term_average": 187126
    }, 
    {
        "accumulated_operating_revenue_yoy": 75.0621575247689, 
        "accumulated_operating_revenue": 790712, 
        "long_term_average": 156213, 
        "date": "2013-04-30", 
        "operating_revenue": 229334, 
        "short_term_average": 198116
    }, 
    {
        "accumulated_operating_revenue_yoy": 75.49348289259305, 
        "accumulated_operating_revenue": 1008189, 
        "long_term_average": 164102, 
        "date": "2013-05-31", 
        "operating_revenue": 217477, 
        "short_term_average": 221875
    }, 
    {
        "accumulated_operating_revenue_yoy": 67.98467255590273, 
        "accumulated_operating_revenue": 1175760, 
        "long_term_average": 167613, 
        "date": "2013-06-30", 
        "operating_revenue": 167571, 
        "short_term_average": 204794
    }, 
    {
        "accumulated_operating_revenue_yoy": 58.177055340083186, 
        "accumulated_operating_revenue": 1306688, 
        "long_term_average": 168009, 
        "date": "2013-07-31", 
        "operating_revenue": 130928, 
        "short_term_average": 171992
    }, 
    {
        "accumulated_operating_revenue_yoy": 48.22122858601975, 
        "accumulated_operating_revenue": 1448280, 
        "long_term_average": 167224, 
        "date": "2013-08-31", 
        "operating_revenue": 141592, 
        "short_term_average": 146697
    }, 
    {
        "accumulated_operating_revenue_yoy": 40.24865001709275, 
        "accumulated_operating_revenue": 1628723, 
        "long_term_average": 166911, 
        "date": "2013-09-30", 
        "operating_revenue": 180443, 
        "short_term_average": 150987
    }, 
    {
        "accumulated_operating_revenue_yoy": 42.837932687697766, 
        "accumulated_operating_revenue": 1862071, 
        "long_term_average": 174497, 
        "date": "2013-10-31", 
        "operating_revenue": 233348, 
        "short_term_average": 185127
    }, 
    {
        "accumulated_operating_revenue_yoy": 44.80857839416443, 
        "accumulated_operating_revenue": 2089010, 
        "long_term_average": 181827, 
        "date": "2013-11-30", 
        "operating_revenue": 226939, 
        "short_term_average": 213576
    }, 
    {
        "accumulated_operating_revenue_yoy": 47.46167918031837, 
        "accumulated_operating_revenue": 2264308, 
        "long_term_average": 188692, 
        "date": "2013-12-31", 
        "operating_revenue": 175298, 
        "short_term_average": 211861
    }, 
    {
        "accumulated_operating_revenue_yoy": -25.884581695219083, 
        "accumulated_operating_revenue": 145536, 
        "long_term_average": 184456, 
        "date": "2014-01-31", 
        "operating_revenue": 145536, 
        "short_term_average": 182591
    }, 
    {
        "accumulated_operating_revenue_yoy": -25.35161518206923, 
        "accumulated_operating_revenue": 255717, 
        "long_term_average": 181455, 
        "date": "2014-02-28", 
        "operating_revenue": 110181, 
        "short_term_average": 143671
    }, 
    {
        "accumulated_operating_revenue_yoy": -32.41256337084816, 
        "accumulated_operating_revenue": 379421, 
        "long_term_average": 173529, 
        "date": "2014-03-31", 
        "operating_revenue": 123704, 
        "short_term_average": 126473
    }, 
    {
        "accumulated_operating_revenue_yoy": -37.15967381296856, 
        "accumulated_operating_revenue": 496886, 
        "long_term_average": 164206, 
        "date": "2014-04-30", 
        "operating_revenue": 117465, 
        "short_term_average": 117116
    }, 
    {
        "accumulated_operating_revenue_yoy": -40.45947734006223, 
        "accumulated_operating_revenue": 600281, 
        "long_term_average": 154700, 
        "date": "2014-05-31", 
        "operating_revenue": 103395, 
        "short_term_average": 114854
    }, 
    {
        "accumulated_operating_revenue_yoy": -39.12124923453766, 
        "accumulated_operating_revenue": 715788, 
        "long_term_average": 150361, 
        "date": "2014-06-30", 
        "operating_revenue": 115507, 
        "short_term_average": 112122
    }, 
    {
        "accumulated_operating_revenue_yoy": -35.35266260959005, 
        "accumulated_operating_revenue": 844739, 
        "long_term_average": 150196, 
        "date": "2014-07-31", 
        "operating_revenue": 128951, 
        "short_term_average": 115951
    }, 
    {
        "accumulated_operating_revenue_yoy": -34.89118126329163, 
        "accumulated_operating_revenue": 942958, 
        "long_term_average": 146582, 
        "date": "2014-08-31", 
        "operating_revenue": 98219, 
        "short_term_average": 114225
    }, 
    {
        "accumulated_operating_revenue_yoy": -35.74745367996891, 
        "accumulated_operating_revenue": 1046496, 
        "long_term_average": 140173, 
        "date": "2014-09-30", 
        "operating_revenue": 103538, 
        "short_term_average": 110236
    }, 
    {
        "accumulated_operating_revenue_yoy": -39.05033696352073, 
        "accumulated_operating_revenue": 1134926, 
        "long_term_average": 128096, 
        "date": "2014-10-31", 
        "operating_revenue": 88430, 
        "short_term_average": 96729
    }, 
    {
        "accumulated_operating_revenue_yoy": -41.01234556081589, 
        "accumulated_operating_revenue": 1232258, 
        "long_term_average": 117296, 
        "date": "2014-11-30", 
        "operating_revenue": 97332, 
        "short_term_average": 96433
    }, 
    {
        "accumulated_operating_revenue_yoy": -39.694555687653796, 
        "accumulated_operating_revenue": 1365501, 
        "long_term_average": 113791, 
        "date": "2014-12-31", 
        "operating_revenue": 133243, 
        "short_term_average": 106335
    }, 
    {
        "accumulated_operating_revenue_yoy": -23.278089270008795, 
        "accumulated_operating_revenue": 111658, 
        "long_term_average": 110968, 
        "date": "2015-01-31", 
        "operating_revenue": 111658, 
        "short_term_average": 114077
    }, 
    {
        "accumulated_operating_revenue_yoy": -33.1773014699844, 
        "accumulated_operating_revenue": 170877, 
        "long_term_average": 106721, 
        "date": "2015-02-28", 
        "operating_revenue": 59219, 
        "short_term_average": 101373
    }, 
    {
        "accumulated_operating_revenue_yoy": -36.90517920726581, 
        "accumulated_operating_revenue": 239395, 
        "long_term_average": 102122, 
        "date": "2015-03-31", 
        "operating_revenue": 68518, 
        "short_term_average": 79798
    }, 
    {
        "accumulated_operating_revenue_yoy": -37.04109192048076, 
        "accumulated_operating_revenue": 312834, 
        "long_term_average": 98454, 
        "date": "2015-04-30", 
        "operating_revenue": 73439, 
        "short_term_average": 67058
    }, 
    {
        "accumulated_operating_revenue_yoy": -36.61535181023554, 
        "accumulated_operating_revenue": 380486, 
        "long_term_average": 95475, 
        "date": "2015-05-31", 
        "operating_revenue": 67652, 
        "short_term_average": 69869
    }, 
    {
        "accumulated_operating_revenue_yoy": -37.198583938261045, 
        "accumulated_operating_revenue": 449525, 
        "long_term_average": 91603, 
        "date": "2015-06-30", 
        "operating_revenue": 69039, 
        "short_term_average": 70043
    }, 
    {
        "accumulated_operating_revenue_yoy": -38.64732183550185, 
        "accumulated_operating_revenue": 518270, 
        "long_term_average": 86586, 
        "date": "2015-07-31", 
        "operating_revenue": 68745, 
        "short_term_average": 68478
    }, 
    {
        "accumulated_operating_revenue_yoy": -38.13096659660346, 
        "accumulated_operating_revenue": 583399, 
        "long_term_average": 83828, 
        "date": "2015-08-31", 
        "operating_revenue": 65129, 
        "short_term_average": 67637
    }, 
    {
        "accumulated_operating_revenue_yoy": -36.861774913616486, 
        "accumulated_operating_revenue": 660739, 
        "long_term_average": 81645, 
        "date": "2015-09-30", 
        "operating_revenue": 77340, 
        "short_term_average": 70404
    }
]