[
    {
        "date": "2011-09-30", 
        "operating_revenue": 314047, 
        "accumulated_operating_revenue": 314047, 
        "long_term_average": 314047, 
        "short_term_average": 314047
    }, 
    {
        "date": "2011-10-31", 
        "operating_revenue": 276839, 
        "accumulated_operating_revenue": 590886, 
        "long_term_average": 295443, 
        "short_term_average": 295443
    }, 
    {
        "date": "2011-11-30", 
        "operating_revenue": 252504, 
        "accumulated_operating_revenue": 843390, 
        "long_term_average": 281130, 
        "short_term_average": 281130
    }, 
    {
        "date": "2011-12-31", 
        "operating_revenue": 235226, 
        "accumulated_operating_revenue": 1078616, 
        "long_term_average": 269654, 
        "short_term_average": 254856
    }, 
    {
        "date": "2012-01-31", 
        "operating_revenue": 220799, 
        "accumulated_operating_revenue": 220799, 
        "long_term_average": 259883, 
        "short_term_average": 236176
    }, 
    {
        "date": "2012-02-29", 
        "operating_revenue": 241771, 
        "accumulated_operating_revenue": 462570, 
        "long_term_average": 256864, 
        "short_term_average": 232598
    }, 
    {
        "date": "2012-03-31", 
        "operating_revenue": 306799, 
        "accumulated_operating_revenue": 769369, 
        "long_term_average": 263997, 
        "short_term_average": 256456
    }, 
    {
        "date": "2012-04-30", 
        "operating_revenue": 190859, 
        "accumulated_operating_revenue": 960228, 
        "long_term_average": 254855, 
        "short_term_average": 246476
    }, 
    {
        "date": "2012-05-31", 
        "operating_revenue": 208794, 
        "accumulated_operating_revenue": 1169022, 
        "long_term_average": 249737, 
        "short_term_average": 235484
    }, 
    {
        "date": "2012-06-30", 
        "operating_revenue": 226059, 
        "accumulated_operating_revenue": 1395081, 
        "long_term_average": 247369, 
        "short_term_average": 208570
    }, 
    {
        "date": "2012-07-31", 
        "operating_revenue": 202852, 
        "accumulated_operating_revenue": 1597933, 
        "long_term_average": 243322, 
        "short_term_average": 212568
    }, 
    {
        "date": "2012-08-31", 
        "operating_revenue": 231505, 
        "accumulated_operating_revenue": 1829438, 
        "long_term_average": 242337, 
        "short_term_average": 220138
    }, 
    {
        "accumulated_operating_revenue_yoy": 559.7900951131519, 
        "accumulated_operating_revenue": 2072051, 
        "long_term_average": 236385, 
        "date": "2012-09-30", 
        "operating_revenue": 242613, 
        "short_term_average": 225656
    }, 
    {
        "accumulated_operating_revenue_yoy": 290.52287581699346, 
        "accumulated_operating_revenue": 2307545, 
        "long_term_average": 232939, 
        "date": "2012-10-31", 
        "operating_revenue": 235494, 
        "short_term_average": 236537
    }, 
    {
        "accumulated_operating_revenue_yoy": 199.49868981135654, 
        "accumulated_operating_revenue": 2525942, 
        "long_term_average": 230097, 
        "date": "2012-11-30", 
        "operating_revenue": 218397, 
        "short_term_average": 232168
    }, 
    {
        "accumulated_operating_revenue_yoy": 152.27866080236154, 
        "accumulated_operating_revenue": 2721118, 
        "long_term_average": 226759, 
        "date": "2012-12-31", 
        "operating_revenue": 195176, 
        "short_term_average": 216355
    }, 
    {
        "accumulated_operating_revenue_yoy": -7.910361912870982, 
        "accumulated_operating_revenue": 203333, 
        "long_term_average": 225304, 
        "date": "2013-01-31", 
        "operating_revenue": 203333, 
        "short_term_average": 205635
    }, 
    {
        "accumulated_operating_revenue_yoy": -24.39803705385131, 
        "accumulated_operating_revenue": 349712, 
        "long_term_average": 217355, 
        "date": "2013-02-28", 
        "operating_revenue": 146379, 
        "short_term_average": 181629
    }, 
    {
        "accumulated_operating_revenue_yoy": -28.77851850022551, 
        "accumulated_operating_revenue": 547956, 
        "long_term_average": 208308, 
        "date": "2013-03-31", 
        "operating_revenue": 198244, 
        "short_term_average": 182652
    }, 
    {
        "accumulated_operating_revenue_yoy": -20.980954523300717, 
        "accumulated_operating_revenue": 758763, 
        "long_term_average": 209971, 
        "date": "2013-04-30", 
        "operating_revenue": 210807, 
        "short_term_average": 185143
    }, 
    {
        "accumulated_operating_revenue_yoy": -16.55708789056151, 
        "accumulated_operating_revenue": 975466, 
        "long_term_average": 210630, 
        "date": "2013-05-31", 
        "operating_revenue": 216703, 
        "short_term_average": 208584
    }, 
    {
        "accumulated_operating_revenue_yoy": -14.230213156081978, 
        "accumulated_operating_revenue": 1196558, 
        "long_term_average": 210216, 
        "date": "2013-06-30", 
        "operating_revenue": 221092, 
        "short_term_average": 216200
    }, 
    {
        "accumulated_operating_revenue_yoy": -8.10597190245148, 
        "accumulated_operating_revenue": 1468405, 
        "long_term_average": 215965, 
        "date": "2013-07-31", 
        "operating_revenue": 271847, 
        "short_term_average": 236547
    }, 
    {
        "accumulated_operating_revenue_yoy": -3.915738057261301, 
        "accumulated_operating_revenue": 1757802, 
        "long_term_average": 220790, 
        "date": "2013-08-31", 
        "operating_revenue": 289397, 
        "short_term_average": 260778
    }, 
    {
        "accumulated_operating_revenue_yoy": -1.3807575199645183, 
        "accumulated_operating_revenue": 2043441, 
        "long_term_average": 224375, 
        "date": "2013-09-30", 
        "operating_revenue": 285639, 
        "short_term_average": 282294
    }, 
    {
        "accumulated_operating_revenue_yoy": 0.15878346901143855, 
        "accumulated_operating_revenue": 2311209, 
        "long_term_average": 227065, 
        "date": "2013-10-31", 
        "operating_revenue": 267768, 
        "short_term_average": 280934
    }, 
    {
        "accumulated_operating_revenue_yoy": 1.2507413075993035, 
        "accumulated_operating_revenue": 2557535, 
        "long_term_average": 229392, 
        "date": "2013-11-30", 
        "operating_revenue": 246326, 
        "short_term_average": 266577
    }, 
    {
        "accumulated_operating_revenue_yoy": 2.848755548270968, 
        "accumulated_operating_revenue": 2798636, 
        "long_term_average": 233219, 
        "date": "2013-12-31", 
        "operating_revenue": 241101, 
        "short_term_average": 251731
    }, 
    {
        "accumulated_operating_revenue_yoy": 21.241510231983987, 
        "accumulated_operating_revenue": 246524, 
        "long_term_average": 236818, 
        "date": "2014-01-31", 
        "operating_revenue": 246524, 
        "short_term_average": 244650
    }, 
    {
        "accumulated_operating_revenue_yoy": 21.826817495539185, 
        "accumulated_operating_revenue": 426043, 
        "long_term_average": 239580, 
        "date": "2014-02-28", 
        "operating_revenue": 179519, 
        "short_term_average": 222381
    }, 
    {
        "accumulated_operating_revenue_yoy": 18.17153202081919, 
        "accumulated_operating_revenue": 647528, 
        "long_term_average": 241517, 
        "date": "2014-03-31", 
        "operating_revenue": 221485, 
        "short_term_average": 215842
    }, 
    {
        "accumulated_operating_revenue_yoy": 21.7643717471727, 
        "accumulated_operating_revenue": 923903, 
        "long_term_average": 246981, 
        "date": "2014-04-30", 
        "operating_revenue": 276375, 
        "short_term_average": 225793
    }, 
    {
        "accumulated_operating_revenue_yoy": 21.813369199951612, 
        "accumulated_operating_revenue": 1188248, 
        "long_term_average": 250951, 
        "date": "2014-05-31", 
        "operating_revenue": 264345, 
        "short_term_average": 254068
    }, 
    {
        "accumulated_operating_revenue_yoy": 23.94610206943583, 
        "accumulated_operating_revenue": 1483087, 
        "long_term_average": 257097, 
        "date": "2014-06-30", 
        "operating_revenue": 294839, 
        "short_term_average": 278519
    }, 
    {
        "accumulated_operating_revenue_yoy": 20.300053459365774, 
        "accumulated_operating_revenue": 1766492, 
        "long_term_average": 258060, 
        "date": "2014-07-31", 
        "operating_revenue": 283405, 
        "short_term_average": 280863
    }, 
    {
        "accumulated_operating_revenue_yoy": 17.838755445721418, 
        "accumulated_operating_revenue": 2071372, 
        "long_term_average": 259350, 
        "date": "2014-08-31", 
        "operating_revenue": 304880, 
        "short_term_average": 294374
    }, 
    {
        "accumulated_operating_revenue_yoy": 19.331950371946142, 
        "accumulated_operating_revenue": 2438478, 
        "long_term_average": 266139, 
        "date": "2014-09-30", 
        "operating_revenue": 367106, 
        "short_term_average": 318463
    }, 
    {
        "accumulated_operating_revenue_yoy": 19.61393365982912, 
        "accumulated_operating_revenue": 2764528, 
        "long_term_average": 270996, 
        "date": "2014-10-31", 
        "operating_revenue": 326050, 
        "short_term_average": 332678
    }, 
    {
        "accumulated_operating_revenue_yoy": 20.246448240200035, 
        "accumulated_operating_revenue": 3075345, 
        "long_term_average": 276370, 
        "date": "2014-11-30", 
        "operating_revenue": 310817, 
        "short_term_average": 334657
    }, 
    {
        "accumulated_operating_revenue_yoy": 20.658670866807974, 
        "accumulated_operating_revenue": 3376797, 
        "long_term_average": 281399, 
        "date": "2014-12-31", 
        "operating_revenue": 301452, 
        "short_term_average": 312773
    }, 
    {
        "accumulated_operating_revenue_yoy": 13.508218266781327, 
        "accumulated_operating_revenue": 279825, 
        "long_term_average": 284174, 
        "date": "2015-01-31", 
        "operating_revenue": 279825, 
        "short_term_average": 297364
    }, 
    {
        "accumulated_operating_revenue_yoy": 13.050325906070515, 
        "accumulated_operating_revenue": 481643, 
        "long_term_average": 286033, 
        "date": "2015-02-28", 
        "operating_revenue": 201818, 
        "short_term_average": 261031
    }, 
    {
        "accumulated_operating_revenue_yoy": 14.587477298278994, 
        "accumulated_operating_revenue": 741986, 
        "long_term_average": 289271, 
        "date": "2015-03-31", 
        "operating_revenue": 260343, 
        "short_term_average": 247328
    }, 
    {
        "accumulated_operating_revenue_yoy": 9.853415347715073, 
        "accumulated_operating_revenue": 1014939, 
        "long_term_average": 288986, 
        "date": "2015-04-30", 
        "operating_revenue": 272953, 
        "short_term_average": 245038
    }, 
    {
        "accumulated_operating_revenue_yoy": 7.367148945338011, 
        "accumulated_operating_revenue": 1275788, 
        "long_term_average": 288694, 
        "date": "2015-05-31", 
        "operating_revenue": 260849, 
        "short_term_average": 264715
    }, 
    {
        "accumulated_operating_revenue_yoy": 4.74658600608056, 
        "accumulated_operating_revenue": 1553483, 
        "long_term_average": 287266, 
        "date": "2015-06-30", 
        "operating_revenue": 277695, 
        "short_term_average": 270499
    }, 
    {
        "accumulated_operating_revenue_yoy": 4.935544570821719, 
        "accumulated_operating_revenue": 1853678, 
        "long_term_average": 288665, 
        "date": "2015-07-31", 
        "operating_revenue": 300195, 
        "short_term_average": 279579
    }, 
    {
        "accumulated_operating_revenue_yoy": 5.352587560322337, 
        "accumulated_operating_revenue": 2182244, 
        "long_term_average": 290639, 
        "date": "2015-08-31", 
        "operating_revenue": 328566, 
        "short_term_average": 302152
    }, 
    {
        "accumulated_operating_revenue_yoy": 4.208280739051162, 
        "accumulated_operating_revenue": 2541096, 
        "long_term_average": 289951, 
        "date": "2015-09-30", 
        "operating_revenue": 358852, 
        "short_term_average": 329204
    }
]