[
    {
        "date": "2011-09-30", 
        "operating_revenue": 3562390, 
        "accumulated_operating_revenue": 3562390, 
        "long_term_average": 3562390, 
        "short_term_average": 3562390
    }, 
    {
        "date": "2011-10-31", 
        "operating_revenue": 3157539, 
        "accumulated_operating_revenue": 6719929, 
        "long_term_average": 3359964, 
        "short_term_average": 3359964
    }, 
    {
        "date": "2011-11-30", 
        "operating_revenue": 2417431, 
        "accumulated_operating_revenue": 9137360, 
        "long_term_average": 3045786, 
        "short_term_average": 3045786
    }, 
    {
        "date": "2011-12-31", 
        "operating_revenue": 2935380, 
        "accumulated_operating_revenue": 12072740, 
        "long_term_average": 3018185, 
        "short_term_average": 2836783
    }, 
    {
        "date": "2012-01-31", 
        "operating_revenue": 2475585, 
        "accumulated_operating_revenue": 2475585, 
        "long_term_average": 2909665, 
        "short_term_average": 2609465
    }, 
    {
        "date": "2012-02-29", 
        "operating_revenue": 2546122, 
        "accumulated_operating_revenue": 5021707, 
        "long_term_average": 2849074, 
        "short_term_average": 2652362
    }, 
    {
        "date": "2012-03-31", 
        "operating_revenue": 3131840, 
        "accumulated_operating_revenue": 8153547, 
        "long_term_average": 2889469, 
        "short_term_average": 2717849
    }, 
    {
        "date": "2012-04-30", 
        "operating_revenue": 2787458, 
        "accumulated_operating_revenue": 10941005, 
        "long_term_average": 2876718, 
        "short_term_average": 2821806
    }, 
    {
        "date": "2012-05-31", 
        "operating_revenue": 2681552, 
        "accumulated_operating_revenue": 13622557, 
        "long_term_average": 2855033, 
        "short_term_average": 2866950
    }, 
    {
        "date": "2012-06-30", 
        "operating_revenue": 2947003, 
        "accumulated_operating_revenue": 16569560, 
        "long_term_average": 2864230, 
        "short_term_average": 2805337
    }, 
    {
        "date": "2012-07-31", 
        "operating_revenue": 3269771, 
        "accumulated_operating_revenue": 19839331, 
        "long_term_average": 2901097, 
        "short_term_average": 2966108
    }, 
    {
        "date": "2012-08-31", 
        "operating_revenue": 3509703, 
        "accumulated_operating_revenue": 23349034, 
        "long_term_average": 2951814, 
        "short_term_average": 3242159
    }, 
    {
        "accumulated_operating_revenue_yoy": 635.8394785523202, 
        "accumulated_operating_revenue": 26213472, 
        "long_term_average": 2893651, 
        "date": "2012-09-30", 
        "operating_revenue": 2864438, 
        "short_term_average": 3214637
    }, 
    {
        "accumulated_operating_revenue_yoy": 329.4760852384006, 
        "accumulated_operating_revenue": 28860488, 
        "long_term_average": 2851108, 
        "date": "2012-10-31", 
        "operating_revenue": 2647016, 
        "short_term_average": 3007052
    }, 
    {
        "accumulated_operating_revenue_yoy": 246.18041753854504, 
        "accumulated_operating_revenue": 31631751, 
        "long_term_average": 2880594, 
        "date": "2012-11-30", 
        "operating_revenue": 2771263, 
        "short_term_average": 2760905
    }, 
    {
        "accumulated_operating_revenue_yoy": 185.22537551541737, 
        "accumulated_operating_revenue": 34434518, 
        "long_term_average": 2869543, 
        "date": "2012-12-31", 
        "operating_revenue": 2802767, 
        "short_term_average": 2740348
    }, 
    {
        "accumulated_operating_revenue_yoy": 13.041725491146536, 
        "accumulated_operating_revenue": 2798444, 
        "long_term_average": 2896448, 
        "date": "2013-01-31", 
        "operating_revenue": 2798444, 
        "short_term_average": 2790824
    }, 
    {
        "accumulated_operating_revenue_yoy": 0.8670557641057114, 
        "accumulated_operating_revenue": 5065248, 
        "long_term_average": 2873171, 
        "date": "2013-02-28", 
        "operating_revenue": 2266804, 
        "short_term_average": 2622671
    }, 
    {
        "accumulated_operating_revenue_yoy": -1.2741325952987086, 
        "accumulated_operating_revenue": 8049660, 
        "long_term_average": 2860885, 
        "date": "2013-03-31", 
        "operating_revenue": 2984412, 
        "short_term_average": 2683220
    }, 
    {
        "accumulated_operating_revenue_yoy": -1.3703951328054416, 
        "accumulated_operating_revenue": 10791070, 
        "long_term_average": 2857048, 
        "date": "2013-04-30", 
        "operating_revenue": 2741410, 
        "short_term_average": 2664208
    }, 
    {
        "accumulated_operating_revenue_yoy": 0.7065193414129226, 
        "accumulated_operating_revenue": 13718803, 
        "long_term_average": 2877563, 
        "date": "2013-05-31", 
        "operating_revenue": 2927733, 
        "short_term_average": 2884518
    }, 
    {
        "accumulated_operating_revenue_yoy": 0.40396365383269084, 
        "accumulated_operating_revenue": 16636495, 
        "long_term_average": 2875121, 
        "date": "2013-06-30", 
        "operating_revenue": 2917692, 
        "short_term_average": 2862278
    }, 
    {
        "accumulated_operating_revenue_yoy": 0.8755133930675384, 
        "accumulated_operating_revenue": 20013027, 
        "long_term_average": 2884017, 
        "date": "2013-07-31", 
        "operating_revenue": 3376532, 
        "short_term_average": 3073985
    }, 
    {
        "accumulated_operating_revenue_yoy": 1.3729090462586162, 
        "accumulated_operating_revenue": 23669595, 
        "long_term_average": 2896256, 
        "date": "2013-08-31", 
        "operating_revenue": 3656568, 
        "short_term_average": 3316930
    }, 
    {
        "accumulated_operating_revenue_yoy": 4.292468391825395, 
        "accumulated_operating_revenue": 27338677, 
        "long_term_average": 2963310, 
        "date": "2013-09-30", 
        "operating_revenue": 3669082, 
        "short_term_average": 3567394
    }, 
    {
        "accumulated_operating_revenue_yoy": 7.361677321603155, 
        "accumulated_operating_revenue": 30985104, 
        "long_term_average": 3046594, 
        "date": "2013-10-31", 
        "operating_revenue": 3646427, 
        "short_term_average": 3657359
    }, 
    {
        "accumulated_operating_revenue_yoy": 7.429712000451698, 
        "accumulated_operating_revenue": 33981899, 
        "long_term_average": 3065388, 
        "date": "2013-11-30", 
        "operating_revenue": 2996795, 
        "short_term_average": 3437434
    }, 
    {
        "accumulated_operating_revenue_yoy": 6.444527552266013, 
        "accumulated_operating_revenue": 36653660, 
        "long_term_average": 3054471, 
        "date": "2013-12-31", 
        "operating_revenue": 2671761, 
        "short_term_average": 3104994
    }, 
    {
        "accumulated_operating_revenue_yoy": 8.763155524998892, 
        "accumulated_operating_revenue": 3043676, 
        "long_term_average": 3074907, 
        "date": "2014-01-31", 
        "operating_revenue": 3043676, 
        "short_term_average": 2904077
    }, 
    {
        "accumulated_operating_revenue_yoy": 7.024354977288377, 
        "accumulated_operating_revenue": 5421049, 
        "long_term_average": 3084121, 
        "date": "2014-02-28", 
        "operating_revenue": 2377373, 
        "short_term_average": 2697603
    }, 
    {
        "accumulated_operating_revenue_yoy": 2.0838271430097666, 
        "accumulated_operating_revenue": 8217401, 
        "long_term_average": 3068450, 
        "date": "2014-03-31", 
        "operating_revenue": 2796352, 
        "short_term_average": 2739133
    }, 
    {
        "accumulated_operating_revenue_yoy": 6.1730301073016856, 
        "accumulated_operating_revenue": 11457206, 
        "long_term_average": 3109983, 
        "date": "2014-04-30", 
        "operating_revenue": 3239805, 
        "short_term_average": 2804510
    }, 
    {
        "accumulated_operating_revenue_yoy": 7.82962624363073, 
        "accumulated_operating_revenue": 14792934, 
        "long_term_average": 3143982, 
        "date": "2014-05-31", 
        "operating_revenue": 3335728, 
        "short_term_average": 3123961
    }, 
    {
        "accumulated_operating_revenue_yoy": 9.51918057259056, 
        "accumulated_operating_revenue": 18220153, 
        "long_term_average": 3186443, 
        "date": "2014-06-30", 
        "operating_revenue": 3427219, 
        "short_term_average": 3334250
    }, 
    {
        "accumulated_operating_revenue_yoy": 7.223994651084016, 
        "accumulated_operating_revenue": 21458767, 
        "long_term_average": 3174950, 
        "date": "2014-07-31", 
        "operating_revenue": 3238614, 
        "short_term_average": 3333853
    }, 
    {
        "accumulated_operating_revenue_yoy": 6.543922699142085, 
        "accumulated_operating_revenue": 25218515, 
        "long_term_average": 3183548, 
        "date": "2014-08-31", 
        "operating_revenue": 3759748, 
        "short_term_average": 3475193
    }, 
    {
        "accumulated_operating_revenue_yoy": 6.306760930677077, 
        "accumulated_operating_revenue": 29062862, 
        "long_term_average": 3198153, 
        "date": "2014-09-30", 
        "operating_revenue": 3844347, 
        "short_term_average": 3614236
    }, 
    {
        "accumulated_operating_revenue_yoy": 6.508333810982206, 
        "accumulated_operating_revenue": 33001718, 
        "long_term_average": 3222522, 
        "date": "2014-10-31", 
        "operating_revenue": 3938856, 
        "short_term_average": 3847650
    }, 
    {
        "accumulated_operating_revenue_yoy": 7.890330084260447, 
        "accumulated_operating_revenue": 36663183, 
        "long_term_average": 3277912, 
        "date": "2014-11-30", 
        "operating_revenue": 3661465, 
        "short_term_average": 3814889
    }, 
    {
        "accumulated_operating_revenue_yoy": 10.021531274093775, 
        "accumulated_operating_revenue": 40326918, 
        "long_term_average": 3360576, 
        "date": "2014-12-31", 
        "operating_revenue": 3663735, 
        "short_term_average": 3754685
    }, 
    {
        "accumulated_operating_revenue_yoy": 39.56754923980082, 
        "accumulated_operating_revenue": 4247984, 
        "long_term_average": 3460935, 
        "date": "2015-01-31", 
        "operating_revenue": 4247984, 
        "short_term_average": 3857728
    }, 
    {
        "accumulated_operating_revenue_yoy": 39.63987412768267, 
        "accumulated_operating_revenue": 7569946, 
        "long_term_average": 3539651, 
        "date": "2015-02-28", 
        "operating_revenue": 3321962, 
        "short_term_average": 3744560
    }, 
    {
        "accumulated_operating_revenue_yoy": 40.09420983593231, 
        "accumulated_operating_revenue": 11512103, 
        "long_term_average": 3635135, 
        "date": "2015-03-31", 
        "operating_revenue": 3942157, 
        "short_term_average": 3837367
    }, 
    {
        "accumulated_operating_revenue_yoy": 36.88588648925401, 
        "accumulated_operating_revenue": 15683298, 
        "long_term_average": 3712750, 
        "date": "2015-04-30", 
        "operating_revenue": 4171195, 
        "short_term_average": 3811771
    }, 
    {
        "accumulated_operating_revenue_yoy": 34.13605441625035, 
        "accumulated_operating_revenue": 19842658, 
        "long_term_average": 3781386, 
        "date": "2015-05-31", 
        "operating_revenue": 4159360, 
        "short_term_average": 4090904
    }, 
    {
        "accumulated_operating_revenue_yoy": 32.27141945514947, 
        "accumulated_operating_revenue": 24100055, 
        "long_term_average": 3850568, 
        "date": "2015-06-30", 
        "operating_revenue": 4257397, 
        "short_term_average": 4195984
    }, 
    {
        "accumulated_operating_revenue_yoy": 33.02775970306215, 
        "accumulated_operating_revenue": 28546117, 
        "long_term_average": 3951189, 
        "date": "2015-07-31", 
        "operating_revenue": 4446062, 
        "short_term_average": 4287606
    }, 
    {
        "accumulated_operating_revenue_yoy": 30.681211800139703, 
        "accumulated_operating_revenue": 32955861, 
        "long_term_average": 4005355, 
        "date": "2015-08-31", 
        "operating_revenue": 4409744, 
        "short_term_average": 4371067
    }, 
    {
        "accumulated_operating_revenue_yoy": 30.127273769527584, 
        "accumulated_operating_revenue": 37818710, 
        "long_term_average": 4090230, 
        "date": "2015-09-30", 
        "operating_revenue": 4862849, 
        "short_term_average": 4572885
    }, 
    {
        "accumulated_operating_revenue_yoy": 29.247547051944387, 
        "accumulated_operating_revenue": 42653911, 
        "long_term_average": 4164925, 
        "date": "2015-10-31", 
        "operating_revenue": 4835201, 
        "short_term_average": 4702598
    }
]