[
    {
        "date": "2011-09-30", 
        "operating_revenue": 957498, 
        "accumulated_operating_revenue": 957498, 
        "long_term_average": 957498, 
        "short_term_average": 957498
    }, 
    {
        "date": "2011-10-31", 
        "operating_revenue": 867278, 
        "accumulated_operating_revenue": 1824776, 
        "long_term_average": 912388, 
        "short_term_average": 912388
    }, 
    {
        "date": "2011-11-30", 
        "operating_revenue": 863709, 
        "accumulated_operating_revenue": 2688485, 
        "long_term_average": 896161, 
        "short_term_average": 896161
    }, 
    {
        "date": "2011-12-31", 
        "operating_revenue": 846744, 
        "accumulated_operating_revenue": 3535229, 
        "long_term_average": 883807, 
        "short_term_average": 859243
    }, 
    {
        "date": "2012-01-31", 
        "operating_revenue": 846557, 
        "accumulated_operating_revenue": 846557, 
        "long_term_average": 876357, 
        "short_term_average": 852336
    }, 
    {
        "date": "2012-02-29", 
        "operating_revenue": 895288, 
        "accumulated_operating_revenue": 1741845, 
        "long_term_average": 879512, 
        "short_term_average": 862863
    }, 
    {
        "date": "2012-03-31", 
        "operating_revenue": 929067, 
        "accumulated_operating_revenue": 2670912, 
        "long_term_average": 886591, 
        "short_term_average": 890304
    }, 
    {
        "date": "2012-04-30", 
        "operating_revenue": 1036657, 
        "accumulated_operating_revenue": 3707569, 
        "long_term_average": 905349, 
        "short_term_average": 953670
    }, 
    {
        "date": "2012-05-31", 
        "operating_revenue": 1018710, 
        "accumulated_operating_revenue": 4726279, 
        "long_term_average": 917945, 
        "short_term_average": 994811
    }, 
    {
        "date": "2012-06-30", 
        "operating_revenue": 966959, 
        "accumulated_operating_revenue": 5693238, 
        "long_term_average": 922846, 
        "short_term_average": 1007442
    }, 
    {
        "date": "2012-07-31", 
        "operating_revenue": 955365, 
        "accumulated_operating_revenue": 6648603, 
        "long_term_average": 925802, 
        "short_term_average": 980344
    }, 
    {
        "date": "2012-08-31", 
        "operating_revenue": 982299, 
        "accumulated_operating_revenue": 7630902, 
        "long_term_average": 930510, 
        "short_term_average": 968207
    }, 
    {
        "accumulated_operating_revenue_yoy": 800.5772335816889, 
        "accumulated_operating_revenue": 8623009, 
        "long_term_average": 933395, 
        "date": "2012-09-30", 
        "operating_revenue": 992107, 
        "short_term_average": 976590
    }, 
    {
        "accumulated_operating_revenue_yoy": 423.2099172720377, 
        "accumulated_operating_revenue": 9547409, 
        "long_term_average": 938155, 
        "date": "2012-10-31", 
        "operating_revenue": 924400, 
        "short_term_average": 966268
    }, 
    {
        "accumulated_operating_revenue_yoy": 287.7602069567061, 
        "accumulated_operating_revenue": 10424875, 
        "long_term_average": 939301, 
        "date": "2012-11-30", 
        "operating_revenue": 877466, 
        "short_term_average": 931324
    }, 
    {
        "accumulated_operating_revenue_yoy": 218.86780177465167, 
        "accumulated_operating_revenue": 11272707, 
        "long_term_average": 939392, 
        "date": "2012-12-31", 
        "operating_revenue": 847832, 
        "short_term_average": 883232
    }, 
    {
        "accumulated_operating_revenue_yoy": 7.077727784425621, 
        "accumulated_operating_revenue": 906474, 
        "long_term_average": 944385, 
        "date": "2013-01-31", 
        "operating_revenue": 906474, 
        "short_term_average": 877257
    }, 
    {
        "accumulated_operating_revenue_yoy": 0.8311302096340375, 
        "accumulated_operating_revenue": 1756322, 
        "long_term_average": 940598, 
        "date": "2013-02-28", 
        "operating_revenue": 849848, 
        "short_term_average": 868051
    }, 
    {
        "accumulated_operating_revenue_yoy": 0.6728413365921453, 
        "accumulated_operating_revenue": 2688883, 
        "long_term_average": 940889, 
        "date": "2013-03-31", 
        "operating_revenue": 932561, 
        "short_term_average": 896294
    }, 
    {
        "accumulated_operating_revenue_yoy": -2.220619494876562, 
        "accumulated_operating_revenue": 3625238, 
        "long_term_average": 932531, 
        "date": "2013-04-30", 
        "operating_revenue": 936355, 
        "short_term_average": 906254
    }, 
    {
        "accumulated_operating_revenue_yoy": -3.049968061555401, 
        "accumulated_operating_revenue": 4582129, 
        "long_term_average": 927379, 
        "date": "2013-05-31", 
        "operating_revenue": 956891, 
        "short_term_average": 941935
    }, 
    {
        "accumulated_operating_revenue_yoy": -3.721520161286073, 
        "accumulated_operating_revenue": 5481363, 
        "long_term_average": 921736, 
        "date": "2013-06-30", 
        "operating_revenue": 899234, 
        "short_term_average": 930826
    }, 
    {
        "accumulated_operating_revenue_yoy": -4.506916716188348, 
        "accumulated_operating_revenue": 6348956, 
        "long_term_average": 914421, 
        "date": "2013-07-31", 
        "operating_revenue": 867593, 
        "short_term_average": 907906
    }, 
    {
        "accumulated_operating_revenue_yoy": -4.627238038176876, 
        "accumulated_operating_revenue": 7277802, 
        "long_term_average": 909967, 
        "date": "2013-08-31", 
        "operating_revenue": 928846, 
        "short_term_average": 898557
    }, 
    {
        "accumulated_operating_revenue_yoy": -4.483249408646101, 
        "accumulated_operating_revenue": 8236418, 
        "long_term_average": 907176, 
        "date": "2013-09-30", 
        "operating_revenue": 958616, 
        "short_term_average": 918351
    }, 
    {
        "accumulated_operating_revenue_yoy": -4.86122465267802, 
        "accumulated_operating_revenue": 9083288, 
        "long_term_average": 900715, 
        "date": "2013-10-31", 
        "operating_revenue": 846870, 
        "short_term_average": 911444
    }, 
    {
        "accumulated_operating_revenue_yoy": -4.891166560750129, 
        "accumulated_operating_revenue": 9914977, 
        "long_term_average": 896900, 
        "date": "2013-11-30", 
        "operating_revenue": 831689, 
        "short_term_average": 879058
    }, 
    {
        "accumulated_operating_revenue_yoy": -4.826329647350898, 
        "accumulated_operating_revenue": 10728649, 
        "long_term_average": 894054, 
        "date": "2013-12-31", 
        "operating_revenue": 813672, 
        "short_term_average": 830743
    }, 
    {
        "accumulated_operating_revenue_yoy": 1.4790275286439545, 
        "accumulated_operating_revenue": 919881, 
        "long_term_average": 895171, 
        "date": "2014-01-31", 
        "operating_revenue": 919881, 
        "short_term_average": 855080
    }, 
    {
        "accumulated_operating_revenue_yoy": 2.3660239978773827, 
        "accumulated_operating_revenue": 1797877, 
        "long_term_average": 897517, 
        "date": "2014-02-28", 
        "operating_revenue": 877996, 
        "short_term_average": 870516
    }, 
    {
        "accumulated_operating_revenue_yoy": 2.5752701028642746, 
        "accumulated_operating_revenue": 2758129, 
        "long_term_average": 899824, 
        "date": "2014-03-31", 
        "operating_revenue": 960252, 
        "short_term_average": 919376
    }, 
    {
        "accumulated_operating_revenue_yoy": 3.244449054103482, 
        "accumulated_operating_revenue": 3742857, 
        "long_term_average": 903855, 
        "date": "2014-04-30", 
        "operating_revenue": 984728, 
        "short_term_average": 940992
    }, 
    {
        "accumulated_operating_revenue_yoy": 3.047011552926598, 
        "accumulated_operating_revenue": 4721747, 
        "long_term_average": 905688, 
        "date": "2014-05-31", 
        "operating_revenue": 978890, 
        "short_term_average": 974623
    }, 
    {
        "accumulated_operating_revenue_yoy": 4.342387103353673, 
        "accumulated_operating_revenue": 5719385, 
        "long_term_average": 913889, 
        "date": "2014-06-30", 
        "operating_revenue": 997638, 
        "short_term_average": 987085
    }, 
    {
        "accumulated_operating_revenue_yoy": 5.8523952599451, 
        "accumulated_operating_revenue": 6720522, 
        "long_term_average": 925017, 
        "date": "2014-07-31", 
        "operating_revenue": 1001137, 
        "short_term_average": 992555
    }, 
    {
        "accumulated_operating_revenue_yoy": 6.466966262616102, 
        "accumulated_operating_revenue": 7748455, 
        "long_term_average": 933275, 
        "date": "2014-08-31", 
        "operating_revenue": 1027933, 
        "short_term_average": 1008902
    }, 
    {
        "accumulated_operating_revenue_yoy": 7.651250822869844, 
        "accumulated_operating_revenue": 8866607, 
        "long_term_average": 946569, 
        "date": "2014-09-30", 
        "operating_revenue": 1118152, 
        "short_term_average": 1049074
    }, 
    {
        "accumulated_operating_revenue_yoy": 9.597757992480256, 
        "accumulated_operating_revenue": 9955080, 
        "long_term_average": 966703, 
        "date": "2014-10-31", 
        "operating_revenue": 1088473, 
        "short_term_average": 1078186
    }, 
    {
        "accumulated_operating_revenue_yoy": 10.78097306731019, 
        "accumulated_operating_revenue": 10983908, 
        "long_term_average": 983131, 
        "date": "2014-11-30", 
        "operating_revenue": 1028828, 
        "short_term_average": 1078484
    }, 
    {
        "accumulated_operating_revenue_yoy": 11.198697990772184, 
        "accumulated_operating_revenue": 11930118, 
        "long_term_average": 994176, 
        "date": "2014-12-31", 
        "operating_revenue": 946210, 
        "short_term_average": 1021170
    }, 
    {
        "accumulated_operating_revenue_yoy": 21.557027485076873, 
        "accumulated_operating_revenue": 1118180, 
        "long_term_average": 1010701, 
        "date": "2015-01-31", 
        "operating_revenue": 1118180, 
        "short_term_average": 1031072
    }, 
    {
        "accumulated_operating_revenue_yoy": 15.42786297394093, 
        "accumulated_operating_revenue": 2075251, 
        "long_term_average": 1017291, 
        "date": "2015-02-28", 
        "operating_revenue": 957071, 
        "short_term_average": 1007153
    }, 
    {
        "accumulated_operating_revenue_yoy": 14.91391446883014, 
        "accumulated_operating_revenue": 3169474, 
        "long_term_average": 1028455, 
        "date": "2015-03-31", 
        "operating_revenue": 1094223, 
        "short_term_average": 1056491
    }, 
    {
        "accumulated_operating_revenue_yoy": 11.830668390483526, 
        "accumulated_operating_revenue": 4185662, 
        "long_term_average": 1031076, 
        "date": "2015-04-30", 
        "operating_revenue": 1016188, 
        "short_term_average": 1022494
    }, 
    {
        "accumulated_operating_revenue_yoy": 10.180702185017537, 
        "accumulated_operating_revenue": 5202454, 
        "long_term_average": 1034235, 
        "date": "2015-05-31", 
        "operating_revenue": 1016792, 
        "short_term_average": 1042401
    }, 
    {
        "accumulated_operating_revenue_yoy": 10.009695098336621, 
        "accumulated_operating_revenue": 6291878, 
        "long_term_average": 1041884, 
        "date": "2015-06-30", 
        "operating_revenue": 1089424, 
        "short_term_average": 1040801
    }, 
    {
        "accumulated_operating_revenue_yoy": 8.772651886267168, 
        "accumulated_operating_revenue": 7310090, 
        "long_term_average": 1043307, 
        "date": "2015-07-31", 
        "operating_revenue": 1018212, 
        "short_term_average": 1041476
    }, 
    {
        "accumulated_operating_revenue_yoy": 9.12544500806935, 
        "accumulated_operating_revenue": 8455536, 
        "long_term_average": 1053099, 
        "date": "2015-08-31", 
        "operating_revenue": 1145446, 
        "short_term_average": 1084360
    }, 
    {
        "accumulated_operating_revenue_yoy": 8.399097873628548, 
        "accumulated_operating_revenue": 9611322, 
        "long_term_average": 1056236, 
        "date": "2015-09-30", 
        "operating_revenue": 1155786, 
        "short_term_average": 1106481
    }
]