[
    {
        "date": "2012-01-31", 
        "operating_revenue": 42473, 
        "accumulated_operating_revenue": 42473, 
        "long_term_average": 42473, 
        "short_term_average": 42473
    }, 
    {
        "date": "2012-02-29", 
        "operating_revenue": 43806, 
        "accumulated_operating_revenue": 86279, 
        "long_term_average": 43139, 
        "short_term_average": 43139
    }, 
    {
        "date": "2012-03-31", 
        "operating_revenue": 65222, 
        "accumulated_operating_revenue": 151501, 
        "long_term_average": 50500, 
        "short_term_average": 50500
    }, 
    {
        "date": "2012-04-30", 
        "operating_revenue": 75222, 
        "accumulated_operating_revenue": 226723, 
        "long_term_average": 56680, 
        "short_term_average": 61416
    }, 
    {
        "date": "2012-05-31", 
        "operating_revenue": 66064, 
        "accumulated_operating_revenue": 292787, 
        "long_term_average": 58557, 
        "short_term_average": 68836
    }, 
    {
        "date": "2012-06-30", 
        "operating_revenue": 60789, 
        "accumulated_operating_revenue": 353576, 
        "long_term_average": 58929, 
        "short_term_average": 67358
    }, 
    {
        "date": "2012-07-31", 
        "operating_revenue": 72788, 
        "accumulated_operating_revenue": 426364, 
        "long_term_average": 60909, 
        "short_term_average": 66547
    }, 
    {
        "date": "2012-08-31", 
        "operating_revenue": 61132, 
        "accumulated_operating_revenue": 487496, 
        "long_term_average": 60937, 
        "short_term_average": 64903
    }, 
    {
        "date": "2012-09-30", 
        "operating_revenue": 57101, 
        "accumulated_operating_revenue": 544597, 
        "long_term_average": 60510, 
        "short_term_average": 63673
    }, 
    {
        "date": "2012-10-31", 
        "operating_revenue": 63122, 
        "accumulated_operating_revenue": 607719, 
        "long_term_average": 60771, 
        "short_term_average": 60451
    }, 
    {
        "date": "2012-11-30", 
        "operating_revenue": 43427, 
        "accumulated_operating_revenue": 651146, 
        "long_term_average": 59195, 
        "short_term_average": 54550
    }, 
    {
        "date": "2012-12-31", 
        "operating_revenue": 31344, 
        "accumulated_operating_revenue": 682490, 
        "long_term_average": 56874, 
        "short_term_average": 45964
    }, 
    {
        "accumulated_operating_revenue_yoy": -10.479598803946036, 
        "accumulated_operating_revenue": 38022, 
        "long_term_average": 56503, 
        "date": "2013-01-31", 
        "operating_revenue": 38022, 
        "short_term_average": 37597
    }, 
    {
        "accumulated_operating_revenue_yoy": -21.124491475330036, 
        "accumulated_operating_revenue": 68053, 
        "long_term_average": 55355, 
        "date": "2013-02-28", 
        "operating_revenue": 30031, 
        "short_term_average": 33132
    }, 
    {
        "accumulated_operating_revenue_yoy": -19.683038395786166, 
        "accumulated_operating_revenue": 121681, 
        "long_term_average": 54389, 
        "date": "2013-03-31", 
        "operating_revenue": 53628, 
        "short_term_average": 40560
    }, 
    {
        "accumulated_operating_revenue_yoy": -17.637822364735822, 
        "accumulated_operating_revenue": 186734, 
        "long_term_average": 53541, 
        "date": "2013-04-30", 
        "operating_revenue": 65053, 
        "short_term_average": 49570
    }, 
    {
        "accumulated_operating_revenue_yoy": -10.521983558013163, 
        "accumulated_operating_revenue": 261980, 
        "long_term_average": 54306, 
        "date": "2013-05-31", 
        "operating_revenue": 75246, 
        "short_term_average": 64642
    }, 
    {
        "accumulated_operating_revenue_yoy": -7.49711518881372, 
        "accumulated_operating_revenue": 327068, 
        "long_term_average": 54665, 
        "date": "2013-06-30", 
        "operating_revenue": 65088, 
        "short_term_average": 68462
    }, 
    {
        "accumulated_operating_revenue_yoy": -5.583726581043428, 
        "accumulated_operating_revenue": 402557, 
        "long_term_average": 54890, 
        "date": "2013-07-31", 
        "operating_revenue": 75489, 
        "short_term_average": 71941
    }, 
    {
        "accumulated_operating_revenue_yoy": -1.7302706073485732, 
        "accumulated_operating_revenue": 479061, 
        "long_term_average": 56171, 
        "date": "2013-08-31", 
        "operating_revenue": 76504, 
        "short_term_average": 72360
    }, 
    {
        "accumulated_operating_revenue_yoy": 0.8641252155263432, 
        "accumulated_operating_revenue": 549303, 
        "long_term_average": 57266, 
        "date": "2013-09-30", 
        "operating_revenue": 70242, 
        "short_term_average": 74078
    }, 
    {
        "accumulated_operating_revenue_yoy": 2.012607800644706, 
        "accumulated_operating_revenue": 619950, 
        "long_term_average": 57893, 
        "date": "2013-10-31", 
        "operating_revenue": 70647, 
        "short_term_average": 72464
    }, 
    {
        "accumulated_operating_revenue_yoy": 5.398942787024723, 
        "accumulated_operating_revenue": 686301, 
        "long_term_average": 59803, 
        "date": "2013-11-30", 
        "operating_revenue": 66351, 
        "short_term_average": 69080
    }, 
    {
        "accumulated_operating_revenue_yoy": 9.463142317103546, 
        "accumulated_operating_revenue": 747075, 
        "long_term_average": 62256, 
        "date": "2013-12-31", 
        "operating_revenue": 60774, 
        "short_term_average": 65924
    }, 
    {
        "accumulated_operating_revenue_yoy": 9.828520330335069, 
        "accumulated_operating_revenue": 41759, 
        "long_term_average": 62567, 
        "date": "2014-01-31", 
        "operating_revenue": 41759, 
        "short_term_average": 56294
    }, 
    {
        "accumulated_operating_revenue_yoy": 22.890982028712912, 
        "accumulated_operating_revenue": 83631, 
        "long_term_average": 63554, 
        "date": "2014-02-28", 
        "operating_revenue": 41872, 
        "short_term_average": 48135
    }, 
    {
        "accumulated_operating_revenue_yoy": 12.647825050747446, 
        "accumulated_operating_revenue": 137071, 
        "long_term_average": 63538, 
        "date": "2014-03-31", 
        "operating_revenue": 53440, 
        "short_term_average": 45690
    }, 
    {
        "accumulated_operating_revenue_yoy": 8.744524296593015, 
        "accumulated_operating_revenue": 203063, 
        "long_term_average": 63617, 
        "date": "2014-04-30", 
        "operating_revenue": 65992, 
        "short_term_average": 53768
    }, 
    {
        "accumulated_operating_revenue_yoy": 2.665852355141614, 
        "accumulated_operating_revenue": 268964, 
        "long_term_average": 62838, 
        "date": "2014-05-31", 
        "operating_revenue": 65901, 
        "short_term_average": 61777
    }, 
    {
        "accumulated_operating_revenue_yoy": 0.7026061858696051, 
        "accumulated_operating_revenue": 329366, 
        "long_term_average": 62447, 
        "date": "2014-06-30", 
        "operating_revenue": 60402, 
        "short_term_average": 64098
    }, 
    {
        "accumulated_operating_revenue_yoy": -2.704958552453441, 
        "accumulated_operating_revenue": 391668, 
        "long_term_average": 61348, 
        "date": "2014-07-31", 
        "operating_revenue": 62302, 
        "short_term_average": 62868
    }, 
    {
        "accumulated_operating_revenue_yoy": -4.620079697575048, 
        "accumulated_operating_revenue": 456928, 
        "long_term_average": 60411, 
        "date": "2014-08-31", 
        "operating_revenue": 65260, 
        "short_term_average": 62654
    }, 
    {
        "accumulated_operating_revenue_yoy": -5.141060580408262, 
        "accumulated_operating_revenue": 521063, 
        "long_term_average": 59902, 
        "date": "2014-09-30", 
        "operating_revenue": 64135, 
        "short_term_average": 63899
    }, 
    {
        "accumulated_operating_revenue_yoy": -3.5185095572223566, 
        "accumulated_operating_revenue": 598137, 
        "long_term_average": 60438, 
        "date": "2014-10-31", 
        "operating_revenue": 77074, 
        "short_term_average": 68823
    }, 
    {
        "accumulated_operating_revenue_yoy": -2.877017518552355, 
        "accumulated_operating_revenue": 666556, 
        "long_term_average": 60610, 
        "date": "2014-11-30", 
        "operating_revenue": 68419, 
        "short_term_average": 69876
    }, 
    {
        "accumulated_operating_revenue_yoy": -0.7776996954790348, 
        "accumulated_operating_revenue": 741265, 
        "long_term_average": 61772, 
        "date": "2014-12-31", 
        "operating_revenue": 74709, 
        "short_term_average": 73400
    }, 
    {
        "accumulated_operating_revenue_yoy": 1.2859503340597236, 
        "accumulated_operating_revenue": 42296, 
        "long_term_average": 61816, 
        "date": "2015-01-31", 
        "operating_revenue": 42296, 
        "short_term_average": 61808
    }, 
    {
        "accumulated_operating_revenue_yoy": 2.9187741387762913, 
        "accumulated_operating_revenue": 86072, 
        "long_term_average": 61975, 
        "date": "2015-02-28", 
        "operating_revenue": 43776, 
        "short_term_average": 53593
    }, 
    {
        "accumulated_operating_revenue_yoy": 11.459754433833561, 
        "accumulated_operating_revenue": 152779, 
        "long_term_average": 63081, 
        "date": "2015-03-31", 
        "operating_revenue": 66707, 
        "short_term_average": 50926
    }, 
    {
        "accumulated_operating_revenue_yoy": 12.041583153996543, 
        "accumulated_operating_revenue": 227515, 
        "long_term_average": 63809, 
        "date": "2015-04-30", 
        "operating_revenue": 74736, 
        "short_term_average": 61739
    }, 
    {
        "accumulated_operating_revenue_yoy": 13.368703618328103, 
        "accumulated_operating_revenue": 304921, 
        "long_term_average": 64768, 
        "date": "2015-05-31", 
        "operating_revenue": 77406, 
        "short_term_average": 72949
    }, 
    {
        "accumulated_operating_revenue_yoy": 15.966736092978632, 
        "accumulated_operating_revenue": 381955, 
        "long_term_average": 66154, 
        "date": "2015-06-30", 
        "operating_revenue": 77034, 
        "short_term_average": 76392
    }, 
    {
        "accumulated_operating_revenue_yoy": 17.955768661213067, 
        "accumulated_operating_revenue": 461995, 
        "long_term_average": 67632, 
        "date": "2015-07-31", 
        "operating_revenue": 80040, 
        "short_term_average": 78160
    }, 
    {
        "accumulated_operating_revenue_yoy": 17.59073639610617, 
        "accumulated_operating_revenue": 537305, 
        "long_term_average": 68470, 
        "date": "2015-08-31", 
        "operating_revenue": 75310, 
        "short_term_average": 77461
    }, 
    {
        "accumulated_operating_revenue_yoy": 17.86329100319923, 
        "accumulated_operating_revenue": 614142, 
        "long_term_average": 69528, 
        "date": "2015-09-30", 
        "operating_revenue": 76837, 
        "short_term_average": 77395
    }, 
    {
        "accumulated_operating_revenue_yoy": 17.16997945286782, 
        "accumulated_operating_revenue": 700837, 
        "long_term_average": 70330, 
        "date": "2015-10-31", 
        "operating_revenue": 86695, 
        "short_term_average": 79614
    }
]