[
    {
        "date": "2011-09-30", 
        "operating_revenue": 110447, 
        "accumulated_operating_revenue": 110447, 
        "long_term_average": 110447, 
        "short_term_average": 110447
    }, 
    {
        "date": "2011-10-31", 
        "operating_revenue": 117829, 
        "accumulated_operating_revenue": 228276, 
        "long_term_average": 114138, 
        "short_term_average": 114138
    }, 
    {
        "date": "2011-11-30", 
        "operating_revenue": 98268, 
        "accumulated_operating_revenue": 326544, 
        "long_term_average": 108848, 
        "short_term_average": 108848
    }, 
    {
        "date": "2011-12-31", 
        "operating_revenue": 86539, 
        "accumulated_operating_revenue": 413083, 
        "long_term_average": 103270, 
        "short_term_average": 100878
    }, 
    {
        "date": "2012-01-31", 
        "operating_revenue": 98037, 
        "accumulated_operating_revenue": 98037, 
        "long_term_average": 102224, 
        "short_term_average": 94281
    }, 
    {
        "date": "2012-02-29", 
        "operating_revenue": 102389, 
        "accumulated_operating_revenue": 200426, 
        "long_term_average": 102251, 
        "short_term_average": 95655
    }, 
    {
        "date": "2012-03-31", 
        "operating_revenue": 128165, 
        "accumulated_operating_revenue": 328591, 
        "long_term_average": 105953, 
        "short_term_average": 109530
    }, 
    {
        "date": "2012-04-30", 
        "operating_revenue": 54897, 
        "accumulated_operating_revenue": 383488, 
        "long_term_average": 99571, 
        "short_term_average": 95150
    }, 
    {
        "date": "2012-05-31", 
        "operating_revenue": 70773, 
        "accumulated_operating_revenue": 454261, 
        "long_term_average": 96371, 
        "short_term_average": 84611
    }, 
    {
        "date": "2012-06-30", 
        "operating_revenue": 70873, 
        "accumulated_operating_revenue": 525134, 
        "long_term_average": 93821, 
        "short_term_average": 65514
    }, 
    {
        "date": "2012-07-31", 
        "operating_revenue": 65301, 
        "accumulated_operating_revenue": 590435, 
        "long_term_average": 91228, 
        "short_term_average": 68982
    }, 
    {
        "date": "2012-08-31", 
        "operating_revenue": 60086, 
        "accumulated_operating_revenue": 650521, 
        "long_term_average": 88633, 
        "short_term_average": 65420
    }, 
    {
        "accumulated_operating_revenue_yoy": 546.5807129211296, 
        "accumulated_operating_revenue": 714129, 
        "long_term_average": 84730, 
        "date": "2012-09-30", 
        "operating_revenue": 63608, 
        "short_term_average": 62998
    }, 
    {
        "accumulated_operating_revenue_yoy": 231.1075189682665, 
        "accumulated_operating_revenue": 755839, 
        "long_term_average": 78387, 
        "date": "2012-10-31", 
        "operating_revenue": 41710, 
        "short_term_average": 55134
    }, 
    {
        "accumulated_operating_revenue_yoy": 141.274988975452, 
        "accumulated_operating_revenue": 787869, 
        "long_term_average": 72867, 
        "date": "2012-11-30", 
        "operating_revenue": 32030, 
        "short_term_average": 45782
    }, 
    {
        "accumulated_operating_revenue_yoy": 100.12249354245999, 
        "accumulated_operating_revenue": 826672, 
        "long_term_average": 68889, 
        "date": "2012-12-31", 
        "operating_revenue": 38803, 
        "short_term_average": 37514
    }, 
    {
        "accumulated_operating_revenue_yoy": -9.646358007690974, 
        "accumulated_operating_revenue": 88580, 
        "long_term_average": 68101, 
        "date": "2013-01-31", 
        "operating_revenue": 88580, 
        "short_term_average": 53137
    }, 
    {
        "accumulated_operating_revenue_yoy": -17.652400387175316, 
        "accumulated_operating_revenue": 165046, 
        "long_term_average": 65941, 
        "date": "2013-02-28", 
        "operating_revenue": 76466, 
        "short_term_average": 67949
    }, 
    {
        "accumulated_operating_revenue_yoy": -21.113785831017893, 
        "accumulated_operating_revenue": 259213, 
        "long_term_average": 63107, 
        "date": "2013-03-31", 
        "operating_revenue": 94167, 
        "short_term_average": 86404
    }, 
    {
        "accumulated_operating_revenue_yoy": -21.333653204272363, 
        "accumulated_operating_revenue": 301676, 
        "long_term_average": 62071, 
        "date": "2013-04-30", 
        "operating_revenue": 42463, 
        "short_term_average": 71032
    }, 
    {
        "accumulated_operating_revenue_yoy": -24.937425841091354, 
        "accumulated_operating_revenue": 340980, 
        "long_term_average": 59449, 
        "date": "2013-05-31", 
        "operating_revenue": 39304, 
        "short_term_average": 58644
    }, 
    {
        "accumulated_operating_revenue_yoy": -29.032399349499364, 
        "accumulated_operating_revenue": 372675, 
        "long_term_average": 56184, 
        "date": "2013-06-30", 
        "operating_revenue": 31695, 
        "short_term_average": 37820
    }, 
    {
        "accumulated_operating_revenue_yoy": -31.93391313184347, 
        "accumulated_operating_revenue": 401886, 
        "long_term_average": 53176, 
        "date": "2013-07-31", 
        "operating_revenue": 29211, 
        "short_term_average": 33403
    }, 
    {
        "accumulated_operating_revenue_yoy": -33.298233262262094, 
        "accumulated_operating_revenue": 433909, 
        "long_term_average": 50838, 
        "date": "2013-08-31", 
        "operating_revenue": 32023, 
        "short_term_average": 30976
    }, 
    {
        "accumulated_operating_revenue_yoy": -34.886834171417206, 
        "accumulated_operating_revenue": 464992, 
        "long_term_average": 48127, 
        "date": "2013-09-30", 
        "operating_revenue": 31083, 
        "short_term_average": 30772
    }, 
    {
        "accumulated_operating_revenue_yoy": -33.820562315519574, 
        "accumulated_operating_revenue": 500210, 
        "long_term_average": 47586, 
        "date": "2013-10-31", 
        "operating_revenue": 35218, 
        "short_term_average": 32774
    }, 
    {
        "accumulated_operating_revenue_yoy": -33.30464836159311, 
        "accumulated_operating_revenue": 525472, 
        "long_term_average": 47022, 
        "date": "2013-11-30", 
        "operating_revenue": 25262, 
        "short_term_average": 30521
    }, 
    {
        "accumulated_operating_revenue_yoy": -32.91136024928871, 
        "accumulated_operating_revenue": 554603, 
        "long_term_average": 46216, 
        "date": "2013-12-31", 
        "operating_revenue": 29131, 
        "short_term_average": 29870
    }, 
    {
        "accumulated_operating_revenue_yoy": -84.689546172951, 
        "accumulated_operating_revenue": 13562, 
        "long_term_average": 39965, 
        "date": "2014-01-31", 
        "operating_revenue": 13562, 
        "short_term_average": 22651
    }, 
    {
        "accumulated_operating_revenue_yoy": -75.09239848284722, 
        "accumulated_operating_revenue": 41109, 
        "long_term_average": 35888, 
        "date": "2014-02-28", 
        "operating_revenue": 27547, 
        "short_term_average": 23413
    }, 
    {
        "accumulated_operating_revenue_yoy": -75.13666367041778, 
        "accumulated_operating_revenue": 64449, 
        "long_term_average": 29986, 
        "date": "2014-03-31", 
        "operating_revenue": 23340, 
        "short_term_average": 21483
    }, 
    {
        "accumulated_operating_revenue_yoy": -69.6101115103621, 
        "accumulated_operating_revenue": 91679, 
        "long_term_average": 28717, 
        "date": "2014-04-30", 
        "operating_revenue": 27230, 
        "short_term_average": 26039
    }, 
    {
        "accumulated_operating_revenue_yoy": -68.84949263886445, 
        "accumulated_operating_revenue": 106217, 
        "long_term_average": 26653, 
        "date": "2014-05-31", 
        "operating_revenue": 14538, 
        "short_term_average": 21702
    }, 
    {
        "accumulated_operating_revenue_yoy": -67.438384651506, 
        "accumulated_operating_revenue": 121349, 
        "long_term_average": 25273, 
        "date": "2014-06-30", 
        "operating_revenue": 15132, 
        "short_term_average": 18966
    }, 
    {
        "accumulated_operating_revenue_yoy": -64.79175686637504, 
        "accumulated_operating_revenue": 141497, 
        "long_term_average": 24517, 
        "date": "2014-07-31", 
        "operating_revenue": 20148, 
        "short_term_average": 16606
    }, 
    {
        "accumulated_operating_revenue_yoy": -63.23238282681392, 
        "accumulated_operating_revenue": 159538, 
        "long_term_average": 23352, 
        "date": "2014-08-31", 
        "operating_revenue": 18041, 
        "short_term_average": 17773
    }, 
    {
        "accumulated_operating_revenue_yoy": -63.284959741242865, 
        "accumulated_operating_revenue": 170722, 
        "long_term_average": 21694, 
        "date": "2014-09-30", 
        "operating_revenue": 11184, 
        "short_term_average": 16457
    }, 
    {
        "accumulated_operating_revenue_yoy": -63.787009456028464, 
        "accumulated_operating_revenue": 181141, 
        "long_term_average": 19627, 
        "date": "2014-10-31", 
        "operating_revenue": 10419, 
        "short_term_average": 13214
    }, 
    {
        "accumulated_operating_revenue_yoy": -63.52155776140308, 
        "accumulated_operating_revenue": 191684, 
        "long_term_average": 18401, 
        "date": "2014-11-30", 
        "operating_revenue": 10543, 
        "short_term_average": 10715
    }, 
    {
        "accumulated_operating_revenue_yoy": -63.96918155870055, 
        "accumulated_operating_revenue": 199828, 
        "long_term_average": 16652, 
        "date": "2014-12-31", 
        "operating_revenue": 8144, 
        "short_term_average": 9702
    }, 
    {
        "accumulated_operating_revenue_yoy": -40.28904291402448, 
        "accumulated_operating_revenue": 8098, 
        "long_term_average": 16197, 
        "date": "2015-01-31", 
        "operating_revenue": 8098, 
        "short_term_average": 8928
    }, 
    {
        "accumulated_operating_revenue_yoy": -65.62796467926731, 
        "accumulated_operating_revenue": 14130, 
        "long_term_average": 14404, 
        "date": "2015-02-28", 
        "operating_revenue": 6032, 
        "short_term_average": 7424
    }, 
    {
        "accumulated_operating_revenue_yoy": -62.274046145013884, 
        "accumulated_operating_revenue": 24314, 
        "long_term_average": 13307, 
        "date": "2015-03-31", 
        "operating_revenue": 10184, 
        "short_term_average": 8104
    }, 
    {
        "accumulated_operating_revenue_yoy": -61.08269069252501, 
        "accumulated_operating_revenue": 35679, 
        "long_term_average": 11985, 
        "date": "2015-04-30", 
        "operating_revenue": 11365, 
        "short_term_average": 9193
    }, 
    {
        "accumulated_operating_revenue_yoy": -55.89783179716995, 
        "accumulated_operating_revenue": 46844, 
        "long_term_average": 11704, 
        "date": "2015-05-31", 
        "operating_revenue": 11165, 
        "short_term_average": 10904
    }, 
    {
        "accumulated_operating_revenue_yoy": -52.04822454243545, 
        "accumulated_operating_revenue": 58189, 
        "long_term_average": 11389, 
        "date": "2015-06-30", 
        "operating_revenue": 11345, 
        "short_term_average": 11291
    }, 
    {
        "accumulated_operating_revenue_yoy": -51.10143677957837, 
        "accumulated_operating_revenue": 69190, 
        "long_term_average": 10626, 
        "date": "2015-07-31", 
        "operating_revenue": 11001, 
        "short_term_average": 11170
    }, 
    {
        "accumulated_operating_revenue_yoy": -49.03345911318933, 
        "accumulated_operating_revenue": 81311, 
        "long_term_average": 10133, 
        "date": "2015-08-31", 
        "operating_revenue": 12121, 
        "short_term_average": 11489
    }, 
    {
        "accumulated_operating_revenue_yoy": -46.44099764529469, 
        "accumulated_operating_revenue": 91437, 
        "long_term_average": 10045, 
        "date": "2015-09-30", 
        "operating_revenue": 10126, 
        "short_term_average": 11082
    }, 
    {
        "accumulated_operating_revenue_yoy": -43.97955184083118, 
        "accumulated_operating_revenue": 101476, 
        "long_term_average": 10013, 
        "date": "2015-10-31", 
        "operating_revenue": 10039, 
        "short_term_average": 10762
    }
]