[
    {
        "date": "2012-01-31", 
        "operating_revenue": 584447, 
        "accumulated_operating_revenue": 584447, 
        "long_term_average": 584447, 
        "short_term_average": 584447
    }, 
    {
        "date": "2012-02-29", 
        "operating_revenue": 580898, 
        "accumulated_operating_revenue": 1165345, 
        "long_term_average": 582672, 
        "short_term_average": 582672
    }, 
    {
        "date": "2012-03-31", 
        "operating_revenue": 655754, 
        "accumulated_operating_revenue": 1821099, 
        "long_term_average": 607033, 
        "short_term_average": 607033
    }, 
    {
        "date": "2012-04-30", 
        "operating_revenue": 574115, 
        "accumulated_operating_revenue": 2395214, 
        "long_term_average": 598803, 
        "short_term_average": 603589
    }, 
    {
        "date": "2012-05-31", 
        "operating_revenue": 604965, 
        "accumulated_operating_revenue": 3000179, 
        "long_term_average": 600035, 
        "short_term_average": 611611
    }, 
    {
        "date": "2012-06-30", 
        "operating_revenue": 598273, 
        "accumulated_operating_revenue": 3598452, 
        "long_term_average": 599742, 
        "short_term_average": 592451
    }, 
    {
        "date": "2012-07-31", 
        "operating_revenue": 636888, 
        "accumulated_operating_revenue": 4235340, 
        "long_term_average": 605048, 
        "short_term_average": 613375
    }, 
    {
        "date": "2012-08-31", 
        "operating_revenue": 665165, 
        "accumulated_operating_revenue": 4900505, 
        "long_term_average": 612563, 
        "short_term_average": 633442
    }, 
    {
        "date": "2012-09-30", 
        "operating_revenue": 682251, 
        "accumulated_operating_revenue": 5582756, 
        "long_term_average": 620306, 
        "short_term_average": 661434
    }, 
    {
        "date": "2012-10-31", 
        "operating_revenue": 653058, 
        "accumulated_operating_revenue": 6235814, 
        "long_term_average": 623581, 
        "short_term_average": 666824
    }, 
    {
        "date": "2012-11-30", 
        "operating_revenue": 589813, 
        "accumulated_operating_revenue": 6825627, 
        "long_term_average": 620511, 
        "short_term_average": 641707
    }, 
    {
        "date": "2012-12-31", 
        "operating_revenue": 584818, 
        "accumulated_operating_revenue": 7410445, 
        "long_term_average": 617537, 
        "short_term_average": 609229
    }, 
    {
        "accumulated_operating_revenue_yoy": -8.012702606053242, 
        "accumulated_operating_revenue": 537617, 
        "long_term_average": 613634, 
        "date": "2013-01-31", 
        "operating_revenue": 537617, 
        "short_term_average": 570749
    }, 
    {
        "accumulated_operating_revenue_yoy": -19.389880250054706, 
        "accumulated_operating_revenue": 939386, 
        "long_term_average": 598707, 
        "date": "2013-02-28", 
        "operating_revenue": 401769, 
        "short_term_average": 508068
    }, 
    {
        "accumulated_operating_revenue_yoy": -20.36731665878681, 
        "accumulated_operating_revenue": 1450190, 
        "long_term_average": 586628, 
        "date": "2013-03-31", 
        "operating_revenue": 510804, 
        "short_term_average": 483396
    }, 
    {
        "accumulated_operating_revenue_yoy": -16.235668295191996, 
        "accumulated_operating_revenue": 2006335, 
        "long_term_average": 585130, 
        "date": "2013-04-30", 
        "operating_revenue": 556145, 
        "short_term_average": 489572
    }, 
    {
        "accumulated_operating_revenue_yoy": -14.832648318650321, 
        "accumulated_operating_revenue": 2555173, 
        "long_term_average": 580453, 
        "date": "2013-05-31", 
        "operating_revenue": 548838, 
        "short_term_average": 538595
    }, 
    {
        "accumulated_operating_revenue_yoy": -13.976259791710435, 
        "accumulated_operating_revenue": 3095523, 
        "long_term_average": 575626, 
        "date": "2013-06-30", 
        "operating_revenue": 540350, 
        "short_term_average": 548444
    }, 
    {
        "accumulated_operating_revenue_yoy": -14.106612456142836, 
        "accumulated_operating_revenue": 3637877, 
        "long_term_average": 567748, 
        "date": "2013-07-31", 
        "operating_revenue": 542354, 
        "short_term_average": 543847
    }, 
    {
        "accumulated_operating_revenue_yoy": -14.19145577853711, 
        "accumulated_operating_revenue": 4205052, 
        "long_term_average": 559582, 
        "date": "2013-08-31", 
        "operating_revenue": 567175, 
        "short_term_average": 549959
    }, 
    {
        "accumulated_operating_revenue_yoy": -13.648205295019162, 
        "accumulated_operating_revenue": 4820810, 
        "long_term_average": 554041, 
        "date": "2013-09-30", 
        "operating_revenue": 615758, 
        "short_term_average": 575095
    }, 
    {
        "accumulated_operating_revenue_yoy": -11.99926745730389, 
        "accumulated_operating_revenue": 5487562, 
        "long_term_average": 555182, 
        "date": "2013-10-31", 
        "operating_revenue": 666752, 
        "short_term_average": 616561
    }, 
    {
        "accumulated_operating_revenue_yoy": -10.53494426226338, 
        "accumulated_operating_revenue": 6106551, 
        "long_term_average": 557614, 
        "date": "2013-11-30", 
        "operating_revenue": 618989, 
        "short_term_average": 633833
    }, 
    {
        "accumulated_operating_revenue_yoy": -9.018324810453352, 
        "accumulated_operating_revenue": 6742147, 
        "long_term_average": 561845, 
        "date": "2013-12-31", 
        "operating_revenue": 635596, 
        "short_term_average": 640445
    }, 
    {
        "accumulated_operating_revenue_yoy": 15.207108406170192, 
        "accumulated_operating_revenue": 619373, 
        "long_term_average": 568658, 
        "date": "2014-01-31", 
        "operating_revenue": 619373, 
        "short_term_average": 624652
    }, 
    {
        "accumulated_operating_revenue_yoy": 17.525170696603954, 
        "accumulated_operating_revenue": 1104015, 
        "long_term_average": 575564, 
        "date": "2014-02-28", 
        "operating_revenue": 484642, 
        "short_term_average": 579870
    }, 
    {
        "accumulated_operating_revenue_yoy": 19.15245588509092, 
        "accumulated_operating_revenue": 1727937, 
        "long_term_average": 584991, 
        "date": "2014-03-31", 
        "operating_revenue": 623922, 
        "short_term_average": 575979
    }, 
    {
        "accumulated_operating_revenue_yoy": 18.290813847139187, 
        "accumulated_operating_revenue": 2373310, 
        "long_term_average": 592426, 
        "date": "2014-04-30", 
        "operating_revenue": 645373, 
        "short_term_average": 584645
    }, 
    {
        "accumulated_operating_revenue_yoy": 16.65789361424843, 
        "accumulated_operating_revenue": 2980811, 
        "long_term_average": 597315, 
        "date": "2014-05-31", 
        "operating_revenue": 607501, 
        "short_term_average": 625598
    }, 
    {
        "accumulated_operating_revenue_yoy": 15.873246621007178, 
        "accumulated_operating_revenue": 3586883, 
        "long_term_average": 602792, 
        "date": "2014-06-30", 
        "operating_revenue": 606072, 
        "short_term_average": 619648
    }, 
    {
        "accumulated_operating_revenue_yoy": 15.221680117277192, 
        "accumulated_operating_revenue": 4191623, 
        "long_term_average": 607991, 
        "date": "2014-07-31", 
        "operating_revenue": 604740, 
        "short_term_average": 606104
    }, 
    {
        "accumulated_operating_revenue_yoy": 13.835952563725728, 
        "accumulated_operating_revenue": 4786861, 
        "long_term_average": 610329, 
        "date": "2014-08-31", 
        "operating_revenue": 595238, 
        "short_term_average": 602016
    }, 
    {
        "accumulated_operating_revenue_yoy": 12.684860013151317, 
        "accumulated_operating_revenue": 5432323, 
        "long_term_average": 612805, 
        "date": "2014-09-30", 
        "operating_revenue": 645462, 
        "short_term_average": 615146
    }, 
    {
        "accumulated_operating_revenue_yoy": 10.656717864873325, 
        "accumulated_operating_revenue": 6072356, 
        "long_term_average": 610578, 
        "date": "2014-10-31", 
        "operating_revenue": 640033, 
        "short_term_average": 626911
    }, 
    {
        "accumulated_operating_revenue_yoy": 9.412170634454704, 
        "accumulated_operating_revenue": 6681310, 
        "long_term_average": 609742, 
        "date": "2014-11-30", 
        "operating_revenue": 608954, 
        "short_term_average": 631483
    }, 
    {
        "accumulated_operating_revenue_yoy": 8.788921392547508, 
        "accumulated_operating_revenue": 7334709, 
        "long_term_average": 611225, 
        "date": "2014-12-31", 
        "operating_revenue": 653399, 
        "short_term_average": 634128
    }, 
    {
        "accumulated_operating_revenue_yoy": 5.32070335645887, 
        "accumulated_operating_revenue": 652328, 
        "long_term_average": 613972, 
        "date": "2015-01-31", 
        "operating_revenue": 652328, 
        "short_term_average": 638227
    }, 
    {
        "accumulated_operating_revenue_yoy": 1.028880948175523, 
        "accumulated_operating_revenue": 1115374, 
        "long_term_average": 612172, 
        "date": "2015-02-28", 
        "operating_revenue": 463046, 
        "short_term_average": 589591
    }, 
    {
        "accumulated_operating_revenue_yoy": -1.1121354540125017, 
        "accumulated_operating_revenue": 1708720, 
        "long_term_average": 609624, 
        "date": "2015-03-31", 
        "operating_revenue": 593346, 
        "short_term_average": 569573
    }, 
    {
        "accumulated_operating_revenue_yoy": -4.403217447362544, 
        "accumulated_operating_revenue": 2268808, 
        "long_term_average": 602517, 
        "date": "2015-04-30", 
        "operating_revenue": 560088, 
        "short_term_average": 538826
    }, 
    {
        "accumulated_operating_revenue_yoy": -5.177181646202996, 
        "accumulated_operating_revenue": 2826489, 
        "long_term_average": 598365, 
        "date": "2015-05-31", 
        "operating_revenue": 557681, 
        "short_term_average": 570371
    }, 
    {
        "accumulated_operating_revenue_yoy": -7.1931256190960235, 
        "accumulated_operating_revenue": 3328874, 
        "long_term_average": 589725, 
        "date": "2015-06-30", 
        "operating_revenue": 502385, 
        "short_term_average": 540051
    }, 
    {
        "accumulated_operating_revenue_yoy": -8.405837070748014, 
        "accumulated_operating_revenue": 3839282, 
        "long_term_average": 581864, 
        "date": "2015-07-31", 
        "operating_revenue": 510408, 
        "short_term_average": 523491
    }, 
    {
        "accumulated_operating_revenue_yoy": -6.766772630331233, 
        "accumulated_operating_revenue": 4462945, 
        "long_term_average": 584232, 
        "date": "2015-08-31", 
        "operating_revenue": 623663, 
        "short_term_average": 545485
    }
]