[
    {
        "date": "2012-01-31", 
        "operating_revenue": 30116, 
        "accumulated_operating_revenue": 30116, 
        "long_term_average": 30116, 
        "short_term_average": 30116
    }, 
    {
        "date": "2012-02-29", 
        "operating_revenue": 31653, 
        "accumulated_operating_revenue": 61769, 
        "long_term_average": 30884, 
        "short_term_average": 30884
    }, 
    {
        "date": "2012-03-31", 
        "operating_revenue": 32020, 
        "accumulated_operating_revenue": 93789, 
        "long_term_average": 31263, 
        "short_term_average": 31263
    }, 
    {
        "date": "2012-04-30", 
        "operating_revenue": 34017, 
        "accumulated_operating_revenue": 127806, 
        "long_term_average": 31951, 
        "short_term_average": 32563
    }, 
    {
        "date": "2012-05-31", 
        "operating_revenue": 31662, 
        "accumulated_operating_revenue": 159468, 
        "long_term_average": 31893, 
        "short_term_average": 32566
    }, 
    {
        "date": "2012-06-30", 
        "operating_revenue": 32536, 
        "accumulated_operating_revenue": 192004, 
        "long_term_average": 32000, 
        "short_term_average": 32738
    }, 
    {
        "date": "2012-07-31", 
        "operating_revenue": 34187, 
        "accumulated_operating_revenue": 226191, 
        "long_term_average": 32313, 
        "short_term_average": 32795
    }, 
    {
        "date": "2012-08-31", 
        "operating_revenue": 35107, 
        "accumulated_operating_revenue": 261298, 
        "long_term_average": 32662, 
        "short_term_average": 33943
    }, 
    {
        "date": "2012-09-30", 
        "operating_revenue": 36104, 
        "accumulated_operating_revenue": 297402, 
        "long_term_average": 33044, 
        "short_term_average": 35132
    }, 
    {
        "date": "2012-10-31", 
        "operating_revenue": 37579, 
        "accumulated_operating_revenue": 334981, 
        "long_term_average": 33498, 
        "short_term_average": 36263
    }, 
    {
        "date": "2012-11-30", 
        "operating_revenue": 38119, 
        "accumulated_operating_revenue": 373100, 
        "long_term_average": 33918, 
        "short_term_average": 37267
    }, 
    {
        "date": "2012-12-31", 
        "operating_revenue": 33727, 
        "accumulated_operating_revenue": 406827, 
        "long_term_average": 33902, 
        "short_term_average": 36475
    }, 
    {
        "accumulated_operating_revenue_yoy": 13.3815911807677, 
        "accumulated_operating_revenue": 34146, 
        "long_term_average": 34238, 
        "date": "2013-01-31", 
        "operating_revenue": 34146, 
        "short_term_average": 35330
    }, 
    {
        "accumulated_operating_revenue_yoy": -2.4429730123524744, 
        "accumulated_operating_revenue": 60260, 
        "long_term_average": 33776, 
        "date": "2013-02-28", 
        "operating_revenue": 26114, 
        "short_term_average": 31329
    }, 
    {
        "accumulated_operating_revenue_yoy": -3.7552378210664363, 
        "accumulated_operating_revenue": 90267, 
        "long_term_average": 33608, 
        "date": "2013-03-31", 
        "operating_revenue": 30007, 
        "short_term_average": 30089
    }, 
    {
        "accumulated_operating_revenue_yoy": -4.375381437491198, 
        "accumulated_operating_revenue": 122214, 
        "long_term_average": 33436, 
        "date": "2013-04-30", 
        "operating_revenue": 31947, 
        "short_term_average": 29356
    }, 
    {
        "accumulated_operating_revenue_yoy": -2.9541977073770287, 
        "accumulated_operating_revenue": 154757, 
        "long_term_average": 33509, 
        "date": "2013-05-31", 
        "operating_revenue": 32543, 
        "short_term_average": 31499
    }, 
    {
        "accumulated_operating_revenue_yoy": -3.082227453594717, 
        "accumulated_operating_revenue": 186086, 
        "long_term_average": 33409, 
        "date": "2013-06-30", 
        "operating_revenue": 31329, 
        "short_term_average": 31939
    }, 
    {
        "accumulated_operating_revenue_yoy": -3.537718123179083, 
        "accumulated_operating_revenue": 218189, 
        "long_term_average": 33235, 
        "date": "2013-07-31", 
        "operating_revenue": 32103, 
        "short_term_average": 31991
    }, 
    {
        "accumulated_operating_revenue_yoy": -5.729090923007448, 
        "accumulated_operating_revenue": 246328, 
        "long_term_average": 32654, 
        "date": "2013-08-31", 
        "operating_revenue": 28139, 
        "short_term_average": 30523
    }, 
    {
        "accumulated_operating_revenue_yoy": -7.646552477791004, 
        "accumulated_operating_revenue": 274661, 
        "long_term_average": 32007, 
        "date": "2013-09-30", 
        "operating_revenue": 28333, 
        "short_term_average": 29525
    }, 
    {
        "accumulated_operating_revenue_yoy": -9.49456834865261, 
        "accumulated_operating_revenue": 303176, 
        "long_term_average": 31251, 
        "date": "2013-10-31", 
        "operating_revenue": 28515, 
        "short_term_average": 28329
    }, 
    {
        "accumulated_operating_revenue_yoy": -11.632002144197266, 
        "accumulated_operating_revenue": 329701, 
        "long_term_average": 30285, 
        "date": "2013-11-30", 
        "operating_revenue": 26525, 
        "short_term_average": 27791
    }, 
    {
        "accumulated_operating_revenue_yoy": -13.963920782052321, 
        "accumulated_operating_revenue": 350018, 
        "long_term_average": 29168, 
        "date": "2013-12-31", 
        "operating_revenue": 20317, 
        "short_term_average": 25119
    }, 
    {
        "accumulated_operating_revenue_yoy": -31.939319393193934, 
        "accumulated_operating_revenue": 23240, 
        "long_term_average": 28259, 
        "date": "2014-01-31", 
        "operating_revenue": 23240, 
        "short_term_average": 23360
    }, 
    {
        "accumulated_operating_revenue_yoy": -22.19714570195818, 
        "accumulated_operating_revenue": 46884, 
        "long_term_average": 28053, 
        "date": "2014-02-28", 
        "operating_revenue": 23644, 
        "short_term_average": 22400
    }, 
    {
        "accumulated_operating_revenue_yoy": -19.118836341077028, 
        "accumulated_operating_revenue": 73009, 
        "long_term_average": 27730, 
        "date": "2014-03-31", 
        "operating_revenue": 26125, 
        "short_term_average": 24336
    }, 
    {
        "accumulated_operating_revenue_yoy": -17.01687204411933, 
        "accumulated_operating_revenue": 101417, 
        "long_term_average": 27435, 
        "date": "2014-04-30", 
        "operating_revenue": 28408, 
        "short_term_average": 26059
    }, 
    {
        "accumulated_operating_revenue_yoy": -17.520370645592767, 
        "accumulated_operating_revenue": 127643, 
        "long_term_average": 26908, 
        "date": "2014-05-31", 
        "operating_revenue": 26226, 
        "short_term_average": 26919
    }, 
    {
        "accumulated_operating_revenue_yoy": -18.32701009210795, 
        "accumulated_operating_revenue": 151982, 
        "long_term_average": 26326, 
        "date": "2014-06-30", 
        "operating_revenue": 24339, 
        "short_term_average": 26324
    }, 
    {
        "accumulated_operating_revenue_yoy": -18.40285257276948, 
        "accumulated_operating_revenue": 178036, 
        "long_term_average": 25822, 
        "date": "2014-07-31", 
        "operating_revenue": 26054, 
        "short_term_average": 25539
    }, 
    {
        "accumulated_operating_revenue_yoy": -16.995631840472868, 
        "accumulated_operating_revenue": 204463, 
        "long_term_average": 25679, 
        "date": "2014-08-31", 
        "operating_revenue": 26427, 
        "short_term_average": 25606
    }, 
    {
        "accumulated_operating_revenue_yoy": -16.44026636471869, 
        "accumulated_operating_revenue": 229506, 
        "long_term_average": 25405, 
        "date": "2014-09-30", 
        "operating_revenue": 25043, 
        "short_term_average": 25841
    }, 
    {
        "accumulated_operating_revenue_yoy": -16.29350608227564, 
        "accumulated_operating_revenue": 253778, 
        "long_term_average": 25051, 
        "date": "2014-10-31", 
        "operating_revenue": 24272, 
        "short_term_average": 25247
    }, 
    {
        "accumulated_operating_revenue_yoy": -16.381206001801633, 
        "accumulated_operating_revenue": 275692, 
        "long_term_average": 24667, 
        "date": "2014-11-30", 
        "operating_revenue": 21914, 
        "short_term_average": 23743
    }, 
    {
        "accumulated_operating_revenue_yoy": -16.94655703420967, 
        "accumulated_operating_revenue": 290702, 
        "long_term_average": 24225, 
        "date": "2014-12-31", 
        "operating_revenue": 15010, 
        "short_term_average": 20398
    }, 
    {
        "accumulated_operating_revenue_yoy": -11.376936316695353, 
        "accumulated_operating_revenue": 20596, 
        "long_term_average": 24004, 
        "date": "2015-01-31", 
        "operating_revenue": 20596, 
        "short_term_average": 19173
    }, 
    {
        "accumulated_operating_revenue_yoy": -17.669140858288543, 
        "accumulated_operating_revenue": 38600, 
        "long_term_average": 23534, 
        "date": "2015-02-28", 
        "operating_revenue": 18004, 
        "short_term_average": 17870
    }, 
    {
        "accumulated_operating_revenue_yoy": -19.309948088591817, 
        "accumulated_operating_revenue": 58911, 
        "long_term_average": 23050, 
        "date": "2015-03-31", 
        "operating_revenue": 20311, 
        "short_term_average": 19637
    }, 
    {
        "accumulated_operating_revenue_yoy": -14.96889081712139, 
        "accumulated_operating_revenue": 86236, 
        "long_term_average": 22960, 
        "date": "2015-04-30", 
        "operating_revenue": 27325, 
        "short_term_average": 21880
    }, 
    {
        "accumulated_operating_revenue_yoy": -12.908659307600104, 
        "accumulated_operating_revenue": 111166, 
        "long_term_average": 22852, 
        "date": "2015-05-31", 
        "operating_revenue": 24930, 
        "short_term_average": 24188
    }, 
    {
        "accumulated_operating_revenue_yoy": -14.541195667908042, 
        "accumulated_operating_revenue": 129882, 
        "long_term_average": 22383, 
        "date": "2015-06-30", 
        "operating_revenue": 18716, 
        "short_term_average": 23657
    }, 
    {
        "accumulated_operating_revenue_yoy": -16.3017591947696, 
        "accumulated_operating_revenue": 149013, 
        "long_term_average": 21806, 
        "date": "2015-07-31", 
        "operating_revenue": 19131, 
        "short_term_average": 20925
    }, 
    {
        "accumulated_operating_revenue_yoy": -17.244684857406963, 
        "accumulated_operating_revenue": 169204, 
        "long_term_average": 21286, 
        "date": "2015-08-31", 
        "operating_revenue": 20191, 
        "short_term_average": 19346
    }, 
    {
        "accumulated_operating_revenue_yoy": -18.379475917840928, 
        "accumulated_operating_revenue": 187324, 
        "long_term_average": 20710, 
        "date": "2015-09-30", 
        "operating_revenue": 18120, 
        "short_term_average": 19147
    }
]