[
    {
        "date": "2012-01-31", 
        "operating_revenue": 96471, 
        "accumulated_operating_revenue": 96471, 
        "long_term_average": 96471, 
        "short_term_average": 96471
    }, 
    {
        "date": "2012-02-29", 
        "operating_revenue": 121079, 
        "accumulated_operating_revenue": 217550, 
        "long_term_average": 108775, 
        "short_term_average": 108775
    }, 
    {
        "date": "2012-03-31", 
        "operating_revenue": 108811, 
        "accumulated_operating_revenue": 326361, 
        "long_term_average": 108787, 
        "short_term_average": 108787
    }, 
    {
        "date": "2012-04-30", 
        "operating_revenue": 128916, 
        "accumulated_operating_revenue": 455277, 
        "long_term_average": 113819, 
        "short_term_average": 119602
    }, 
    {
        "date": "2012-05-31", 
        "operating_revenue": 138719, 
        "accumulated_operating_revenue": 593996, 
        "long_term_average": 118799, 
        "short_term_average": 125482
    }, 
    {
        "date": "2012-06-30", 
        "operating_revenue": 125262, 
        "accumulated_operating_revenue": 719258, 
        "long_term_average": 119876, 
        "short_term_average": 130965
    }, 
    {
        "date": "2012-07-31", 
        "operating_revenue": 149176, 
        "accumulated_operating_revenue": 868434, 
        "long_term_average": 124062, 
        "short_term_average": 137719
    }, 
    {
        "date": "2012-08-31", 
        "operating_revenue": 136806, 
        "accumulated_operating_revenue": 1005240, 
        "long_term_average": 125655, 
        "short_term_average": 137081
    }, 
    {
        "date": "2012-09-30", 
        "operating_revenue": 113350, 
        "accumulated_operating_revenue": 1118590, 
        "long_term_average": 124287, 
        "short_term_average": 133110
    }, 
    {
        "date": "2012-10-31", 
        "operating_revenue": 126312, 
        "accumulated_operating_revenue": 1244902, 
        "long_term_average": 124490, 
        "short_term_average": 125489
    }, 
    {
        "date": "2012-11-30", 
        "operating_revenue": 119094, 
        "accumulated_operating_revenue": 1363996, 
        "long_term_average": 123999, 
        "short_term_average": 119585
    }, 
    {
        "date": "2012-12-31", 
        "operating_revenue": 137897, 
        "accumulated_operating_revenue": 1501893, 
        "long_term_average": 125157, 
        "short_term_average": 127767
    }, 
    {
        "accumulated_operating_revenue_yoy": 25.77562168941962, 
        "accumulated_operating_revenue": 121337, 
        "long_term_average": 127229, 
        "date": "2013-01-31", 
        "operating_revenue": 121337, 
        "short_term_average": 126109
    }, 
    {
        "accumulated_operating_revenue_yoy": -10.199034704665594, 
        "accumulated_operating_revenue": 195362, 
        "long_term_average": 123308, 
        "date": "2013-02-28", 
        "operating_revenue": 74025, 
        "short_term_average": 111086
    }, 
    {
        "accumulated_operating_revenue_yoy": -2.5811907672791787, 
        "accumulated_operating_revenue": 317937, 
        "long_term_average": 124455, 
        "date": "2013-03-31", 
        "operating_revenue": 122575, 
        "short_term_average": 105979
    }, 
    {
        "accumulated_operating_revenue_yoy": -3.6907201549825714, 
        "accumulated_operating_revenue": 438474, 
        "long_term_average": 123757, 
        "date": "2013-04-30", 
        "operating_revenue": 120537, 
        "short_term_average": 105712
    }, 
    {
        "accumulated_operating_revenue_yoy": -1.2814901110445187, 
        "accumulated_operating_revenue": 586384, 
        "long_term_average": 124523, 
        "date": "2013-05-31", 
        "operating_revenue": 147910, 
        "short_term_average": 130340
    }, 
    {
        "accumulated_operating_revenue_yoy": -4.608638346740669, 
        "accumulated_operating_revenue": 686110, 
        "long_term_average": 122395, 
        "date": "2013-06-30", 
        "operating_revenue": 99726, 
        "short_term_average": 122724
    }, 
    {
        "accumulated_operating_revenue_yoy": -5.470306321493631, 
        "accumulated_operating_revenue": 820928, 
        "long_term_average": 121198, 
        "date": "2013-07-31", 
        "operating_revenue": 134818, 
        "short_term_average": 127484
    }, 
    {
        "accumulated_operating_revenue_yoy": -5.077294974334487, 
        "accumulated_operating_revenue": 954201, 
        "long_term_average": 120904, 
        "date": "2013-08-31", 
        "operating_revenue": 133273, 
        "short_term_average": 122605
    }, 
    {
        "accumulated_operating_revenue_yoy": -4.86156679391019, 
        "accumulated_operating_revenue": 1064209, 
        "long_term_average": 120626, 
        "date": "2013-09-30", 
        "operating_revenue": 110008, 
        "short_term_average": 126033
    }, 
    {
        "accumulated_operating_revenue_yoy": -4.634180039874625, 
        "accumulated_operating_revenue": 1187211, 
        "long_term_average": 120350, 
        "date": "2013-10-31", 
        "operating_revenue": 123002, 
        "short_term_average": 122094
    }, 
    {
        "accumulated_operating_revenue_yoy": -3.838134422681591, 
        "accumulated_operating_revenue": 1311644, 
        "long_term_average": 120795, 
        "date": "2013-11-30", 
        "operating_revenue": 124433, 
        "short_term_average": 119147
    }, 
    {
        "accumulated_operating_revenue_yoy": -4.87950872665363, 
        "accumulated_operating_revenue": 1428608, 
        "long_term_average": 119050, 
        "date": "2013-12-31", 
        "operating_revenue": 116964, 
        "short_term_average": 121466
    }, 
    {
        "accumulated_operating_revenue_yoy": 0.45657960885797405, 
        "accumulated_operating_revenue": 121891, 
        "long_term_average": 119096, 
        "date": "2014-01-31", 
        "operating_revenue": 121891, 
        "short_term_average": 121096
    }, 
    {
        "accumulated_operating_revenue_yoy": 13.369027753606124, 
        "accumulated_operating_revenue": 221480, 
        "long_term_average": 121227, 
        "date": "2014-02-28", 
        "operating_revenue": 99589, 
        "short_term_average": 112814
    }, 
    {
        "accumulated_operating_revenue_yoy": 7.8870971293054914, 
        "accumulated_operating_revenue": 343013, 
        "long_term_average": 121140, 
        "date": "2014-03-31", 
        "operating_revenue": 121533, 
        "short_term_average": 114337
    }, 
    {
        "accumulated_operating_revenue_yoy": 8.032631353284344, 
        "accumulated_operating_revenue": 473695, 
        "long_term_average": 121985, 
        "date": "2014-04-30", 
        "operating_revenue": 130682, 
        "short_term_average": 117268
    }, 
    {
        "accumulated_operating_revenue_yoy": 2.576468662173593, 
        "accumulated_operating_revenue": 601492, 
        "long_term_average": 120309, 
        "date": "2014-05-31", 
        "operating_revenue": 127797, 
        "short_term_average": 126670
    }, 
    {
        "accumulated_operating_revenue_yoy": 7.242716182536328, 
        "accumulated_operating_revenue": 735803, 
        "long_term_average": 123191, 
        "date": "2014-06-30", 
        "operating_revenue": 134311, 
        "short_term_average": 130930
    }, 
    {
        "accumulated_operating_revenue_yoy": 4.740245185935916, 
        "accumulated_operating_revenue": 859842, 
        "long_term_average": 122293, 
        "date": "2014-07-31", 
        "operating_revenue": 124039, 
        "short_term_average": 128715
    }, 
    {
        "accumulated_operating_revenue_yoy": 1.296686966372913, 
        "accumulated_operating_revenue": 966574, 
        "long_term_average": 120081, 
        "date": "2014-08-31", 
        "operating_revenue": 106732, 
        "short_term_average": 121694
    }, 
    {
        "accumulated_operating_revenue_yoy": 0.6655647527882211, 
        "accumulated_operating_revenue": 1071292, 
        "long_term_average": 119640, 
        "date": "2014-09-30", 
        "operating_revenue": 104718, 
        "short_term_average": 111829
    }, 
    {
        "accumulated_operating_revenue_yoy": -0.9310897557384491, 
        "accumulated_operating_revenue": 1176157, 
        "long_term_average": 118129, 
        "date": "2014-10-31", 
        "operating_revenue": 104865, 
        "short_term_average": 105438
    }, 
    {
        "accumulated_operating_revenue_yoy": -2.6390544995440837, 
        "accumulated_operating_revenue": 1277029, 
        "long_term_average": 116166, 
        "date": "2014-11-30", 
        "operating_revenue": 100872, 
        "short_term_average": 103485
    }, 
    {
        "accumulated_operating_revenue_yoy": -2.5685842442433473, 
        "accumulated_operating_revenue": 1391913, 
        "long_term_average": 115992, 
        "date": "2014-12-31", 
        "operating_revenue": 114884, 
        "short_term_average": 106873
    }, 
    {
        "accumulated_operating_revenue_yoy": 11.454496230238492, 
        "accumulated_operating_revenue": 135853, 
        "long_term_average": 117156, 
        "date": "2015-01-31", 
        "operating_revenue": 135853, 
        "short_term_average": 117203
    }, 
    {
        "accumulated_operating_revenue_yoy": -5.461892721690447, 
        "accumulated_operating_revenue": 209383, 
        "long_term_average": 114984, 
        "date": "2015-02-28", 
        "operating_revenue": 73530, 
        "short_term_average": 108089
    }, 
    {
        "accumulated_operating_revenue_yoy": -4.7062356237227165, 
        "accumulated_operating_revenue": 326870, 
        "long_term_average": 114647, 
        "date": "2015-03-31", 
        "operating_revenue": 117487, 
        "short_term_average": 108956
    }, 
    {
        "accumulated_operating_revenue_yoy": -3.659316648898553, 
        "accumulated_operating_revenue": 456361, 
        "long_term_average": 114548, 
        "date": "2015-04-30", 
        "operating_revenue": 129491, 
        "short_term_average": 106836
    }, 
    {
        "accumulated_operating_revenue_yoy": -4.380606890864716, 
        "accumulated_operating_revenue": 575143, 
        "long_term_average": 113797, 
        "date": "2015-05-31", 
        "operating_revenue": 118782, 
        "short_term_average": 121920
    }, 
    {
        "accumulated_operating_revenue_yoy": -6.127455310728551, 
        "accumulated_operating_revenue": 690717, 
        "long_term_average": 112235, 
        "date": "2015-06-30", 
        "operating_revenue": 115574, 
        "short_term_average": 121282
    }, 
    {
        "accumulated_operating_revenue_yoy": -5.326559995906225, 
        "accumulated_operating_revenue": 814042, 
        "long_term_average": 112176, 
        "date": "2015-07-31", 
        "operating_revenue": 123325, 
        "short_term_average": 119227
    }, 
    {
        "accumulated_operating_revenue_yoy": -4.763835981518228, 
        "accumulated_operating_revenue": 920528, 
        "long_term_average": 112155, 
        "date": "2015-08-31", 
        "operating_revenue": 106486, 
        "short_term_average": 115128
    }, 
    {
        "accumulated_operating_revenue_yoy": -2.0159769698644254, 
        "accumulated_operating_revenue": 1049695, 
        "long_term_average": 114193, 
        "date": "2015-09-30", 
        "operating_revenue": 129167, 
        "short_term_average": 119659
    }
]