[
    {
        "date": "2012-01-31", 
        "operating_revenue": 11609, 
        "accumulated_operating_revenue": 11609, 
        "long_term_average": 11609, 
        "short_term_average": 11609
    }, 
    {
        "date": "2012-02-29", 
        "operating_revenue": 16001, 
        "accumulated_operating_revenue": 27610, 
        "long_term_average": 13805, 
        "short_term_average": 13805
    }, 
    {
        "date": "2012-03-31", 
        "operating_revenue": 18974, 
        "accumulated_operating_revenue": 46584, 
        "long_term_average": 15528, 
        "short_term_average": 15528
    }, 
    {
        "date": "2012-04-30", 
        "operating_revenue": 18165, 
        "accumulated_operating_revenue": 64749, 
        "long_term_average": 16187, 
        "short_term_average": 17713
    }, 
    {
        "date": "2012-05-31", 
        "operating_revenue": 15628, 
        "accumulated_operating_revenue": 80377, 
        "long_term_average": 16075, 
        "short_term_average": 17589
    }, 
    {
        "date": "2012-06-30", 
        "operating_revenue": 15705, 
        "accumulated_operating_revenue": 96082, 
        "long_term_average": 16013, 
        "short_term_average": 16499
    }, 
    {
        "date": "2012-07-31", 
        "operating_revenue": 18792, 
        "accumulated_operating_revenue": 114874, 
        "long_term_average": 16410, 
        "short_term_average": 16708
    }, 
    {
        "date": "2012-08-31", 
        "operating_revenue": 16948, 
        "accumulated_operating_revenue": 131822, 
        "long_term_average": 16477, 
        "short_term_average": 17148
    }, 
    {
        "date": "2012-09-30", 
        "operating_revenue": 20173, 
        "accumulated_operating_revenue": 151995, 
        "long_term_average": 16888, 
        "short_term_average": 18637
    }, 
    {
        "date": "2012-10-31", 
        "operating_revenue": 17736, 
        "accumulated_operating_revenue": 169731, 
        "long_term_average": 16973, 
        "short_term_average": 18285
    }, 
    {
        "date": "2012-11-30", 
        "operating_revenue": 15137, 
        "accumulated_operating_revenue": 184868, 
        "long_term_average": 16806, 
        "short_term_average": 17682
    }, 
    {
        "date": "2012-12-31", 
        "operating_revenue": 16827, 
        "accumulated_operating_revenue": 201695, 
        "long_term_average": 16807, 
        "short_term_average": 16566
    }, 
    {
        "accumulated_operating_revenue_yoy": 61.81410974244122, 
        "accumulated_operating_revenue": 18785, 
        "long_term_average": 17405, 
        "date": "2013-01-31", 
        "operating_revenue": 18785, 
        "short_term_average": 16916
    }, 
    {
        "accumulated_operating_revenue_yoy": 42.44114451285766, 
        "accumulated_operating_revenue": 39328, 
        "long_term_average": 17784, 
        "date": "2013-02-28", 
        "operating_revenue": 20543, 
        "short_term_average": 18718
    }, 
    {
        "accumulated_operating_revenue_yoy": 37.869225485145115, 
        "accumulated_operating_revenue": 64225, 
        "long_term_average": 18278, 
        "date": "2013-03-31", 
        "operating_revenue": 24897, 
        "short_term_average": 21408
    }, 
    {
        "accumulated_operating_revenue_yoy": 36.04534432964216, 
        "accumulated_operating_revenue": 88088, 
        "long_term_average": 18752, 
        "date": "2013-04-30", 
        "operating_revenue": 23863, 
        "short_term_average": 23101
    }, 
    {
        "accumulated_operating_revenue_yoy": 38.09796334772385, 
        "accumulated_operating_revenue": 110999, 
        "long_term_average": 19359, 
        "date": "2013-05-31", 
        "operating_revenue": 22911, 
        "short_term_average": 23890
    }, 
    {
        "accumulated_operating_revenue_yoy": 40.424845444516144, 
        "accumulated_operating_revenue": 134923, 
        "long_term_average": 20044, 
        "date": "2013-06-30", 
        "operating_revenue": 23924, 
        "short_term_average": 23566
    }, 
    {
        "accumulated_operating_revenue_yoy": 41.9816494594077, 
        "accumulated_operating_revenue": 163100, 
        "long_term_average": 20826, 
        "date": "2013-07-31", 
        "operating_revenue": 28177, 
        "short_term_average": 25004
    }, 
    {
        "accumulated_operating_revenue_yoy": 38.32137276023729, 
        "accumulated_operating_revenue": 182338, 
        "long_term_average": 21017, 
        "date": "2013-08-31", 
        "operating_revenue": 19238, 
        "short_term_average": 23779
    }, 
    {
        "accumulated_operating_revenue_yoy": 35.50643113260305, 
        "accumulated_operating_revenue": 205963, 
        "long_term_average": 21305, 
        "date": "2013-09-30", 
        "operating_revenue": 23625, 
        "short_term_average": 23680
    }, 
    {
        "accumulated_operating_revenue_yoy": 34.65306867926307, 
        "accumulated_operating_revenue": 228548, 
        "long_term_average": 21709, 
        "date": "2013-10-31", 
        "operating_revenue": 22585, 
        "short_term_average": 21816
    }, 
    {
        "accumulated_operating_revenue_yoy": 34.723153817859234, 
        "accumulated_operating_revenue": 249060, 
        "long_term_average": 22157, 
        "date": "2013-11-30", 
        "operating_revenue": 20512, 
        "short_term_average": 22240
    }, 
    {
        "accumulated_operating_revenue_yoy": 37.5686060636109, 
        "accumulated_operating_revenue": 277469, 
        "long_term_average": 23122, 
        "date": "2013-12-31", 
        "operating_revenue": 28409, 
        "short_term_average": 23835
    }, 
    {
        "accumulated_operating_revenue_yoy": 31.39739153579984, 
        "accumulated_operating_revenue": 24683, 
        "long_term_average": 23613, 
        "date": "2014-01-31", 
        "operating_revenue": 24683, 
        "short_term_average": 24534
    }, 
    {
        "accumulated_operating_revenue_yoy": 30.04983726606997, 
        "accumulated_operating_revenue": 51146, 
        "long_term_average": 24107, 
        "date": "2014-02-28", 
        "operating_revenue": 26463, 
        "short_term_average": 26518
    }, 
    {
        "accumulated_operating_revenue_yoy": 29.2066952121448, 
        "accumulated_operating_revenue": 82983, 
        "long_term_average": 24685, 
        "date": "2014-03-31", 
        "operating_revenue": 31837, 
        "short_term_average": 27661
    }, 
    {
        "accumulated_operating_revenue_yoy": 29.51480337843974, 
        "accumulated_operating_revenue": 114087, 
        "long_term_average": 25289, 
        "date": "2014-04-30", 
        "operating_revenue": 31104, 
        "short_term_average": 29801
    }, 
    {
        "accumulated_operating_revenue_yoy": 29.89756664474455, 
        "accumulated_operating_revenue": 144185, 
        "long_term_average": 25887, 
        "date": "2014-05-31", 
        "operating_revenue": 30098, 
        "short_term_average": 31013
    }, 
    {
        "accumulated_operating_revenue_yoy": 31.3593679357856, 
        "accumulated_operating_revenue": 177234, 
        "long_term_average": 26648, 
        "date": "2014-06-30", 
        "operating_revenue": 33049, 
        "short_term_average": 31417
    }, 
    {
        "accumulated_operating_revenue_yoy": 28.728387492335987, 
        "accumulated_operating_revenue": 209956, 
        "long_term_average": 27027, 
        "date": "2014-07-31", 
        "operating_revenue": 32722, 
        "short_term_average": 31956
    }, 
    {
        "accumulated_operating_revenue_yoy": 30.91072623369786, 
        "accumulated_operating_revenue": 238700, 
        "long_term_average": 27819, 
        "date": "2014-08-31", 
        "operating_revenue": 28744, 
        "short_term_average": 31505
    }, 
    {
        "accumulated_operating_revenue_yoy": 37.27805479624981, 
        "accumulated_operating_revenue": 282742, 
        "long_term_average": 29520, 
        "date": "2014-09-30", 
        "operating_revenue": 44042, 
        "short_term_average": 35169
    }, 
    {
        "accumulated_operating_revenue_yoy": 40.13511384916954, 
        "accumulated_operating_revenue": 320276, 
        "long_term_average": 30766, 
        "date": "2014-10-31", 
        "operating_revenue": 37534, 
        "short_term_average": 36773
    }, 
    {
        "accumulated_operating_revenue_yoy": 46.93969324660724, 
        "accumulated_operating_revenue": 365968, 
        "long_term_average": 32864, 
        "date": "2014-11-30", 
        "operating_revenue": 45692, 
        "short_term_average": 42422
    }, 
    {
        "accumulated_operating_revenue_yoy": 53.20017731710569, 
        "accumulated_operating_revenue": 425083, 
        "long_term_average": 35423, 
        "date": "2014-12-31", 
        "operating_revenue": 59115, 
        "short_term_average": 47447
    }, 
    {
        "accumulated_operating_revenue_yoy": 93.07620629583114, 
        "accumulated_operating_revenue": 47657, 
        "long_term_average": 37338, 
        "date": "2015-01-31", 
        "operating_revenue": 47657, 
        "short_term_average": 50821
    }, 
    {
        "accumulated_operating_revenue_yoy": 92.27505572283268, 
        "accumulated_operating_revenue": 98341, 
        "long_term_average": 39356, 
        "date": "2015-02-28", 
        "operating_revenue": 50684, 
        "short_term_average": 52485
    }, 
    {
        "accumulated_operating_revenue_yoy": 89.71596592073075, 
        "accumulated_operating_revenue": 157432, 
        "long_term_average": 41627, 
        "date": "2015-03-31", 
        "operating_revenue": 59091, 
        "short_term_average": 52477
    }, 
    {
        "accumulated_operating_revenue_yoy": 93.3980208086811, 
        "accumulated_operating_revenue": 220642, 
        "long_term_average": 44303, 
        "date": "2015-04-30", 
        "operating_revenue": 63210, 
        "short_term_average": 57661
    }, 
    {
        "accumulated_operating_revenue_yoy": 97.99077573950133, 
        "accumulated_operating_revenue": 285473, 
        "long_term_average": 47197, 
        "date": "2015-05-31", 
        "operating_revenue": 64831, 
        "short_term_average": 62377
    }, 
    {
        "accumulated_operating_revenue_yoy": 100.75042034824018, 
        "accumulated_operating_revenue": 355798, 
        "long_term_average": 50303, 
        "date": "2015-06-30", 
        "operating_revenue": 70325, 
        "short_term_average": 66122
    }, 
    {
        "accumulated_operating_revenue_yoy": 101.32551582236277, 
        "accumulated_operating_revenue": 422695, 
        "long_term_average": 53151, 
        "date": "2015-07-31", 
        "operating_revenue": 66897, 
        "short_term_average": 67351
    }, 
    {
        "accumulated_operating_revenue_yoy": 96.06786761625472, 
        "accumulated_operating_revenue": 468014, 
        "long_term_average": 54533, 
        "date": "2015-08-31", 
        "operating_revenue": 45319, 
        "short_term_average": 60847
    }, 
    {
        "accumulated_operating_revenue_yoy": 82.48933656832024, 
        "accumulated_operating_revenue": 515974, 
        "long_term_average": 54859, 
        "date": "2015-09-30", 
        "operating_revenue": 47960, 
        "short_term_average": 53392
    }
]