[
    {
        "date": "2012-01-31", 
        "operating_revenue": 478803, 
        "accumulated_operating_revenue": 478803, 
        "long_term_average": 478803, 
        "short_term_average": 478803
    }, 
    {
        "date": "2012-02-29", 
        "operating_revenue": 553994, 
        "accumulated_operating_revenue": 1032797, 
        "long_term_average": 516398, 
        "short_term_average": 516398
    }, 
    {
        "date": "2012-03-31", 
        "operating_revenue": 638445, 
        "accumulated_operating_revenue": 1671242, 
        "long_term_average": 557080, 
        "short_term_average": 557080
    }, 
    {
        "date": "2012-04-30", 
        "operating_revenue": 539414, 
        "accumulated_operating_revenue": 2210656, 
        "long_term_average": 552664, 
        "short_term_average": 577284
    }, 
    {
        "date": "2012-05-31", 
        "operating_revenue": 564537, 
        "accumulated_operating_revenue": 2775193, 
        "long_term_average": 555038, 
        "short_term_average": 580798
    }, 
    {
        "date": "2012-06-30", 
        "operating_revenue": 677019, 
        "accumulated_operating_revenue": 3452212, 
        "long_term_average": 575368, 
        "short_term_average": 593656
    }, 
    {
        "date": "2012-07-31", 
        "operating_revenue": 746281, 
        "accumulated_operating_revenue": 4198493, 
        "long_term_average": 599784, 
        "short_term_average": 662612
    }, 
    {
        "date": "2012-08-31", 
        "operating_revenue": 799367, 
        "accumulated_operating_revenue": 4997860, 
        "long_term_average": 624732, 
        "short_term_average": 740889
    }, 
    {
        "date": "2012-09-30", 
        "operating_revenue": 785311, 
        "accumulated_operating_revenue": 5783171, 
        "long_term_average": 642574, 
        "short_term_average": 776986
    }, 
    {
        "date": "2012-10-31", 
        "operating_revenue": 574396, 
        "accumulated_operating_revenue": 6357567, 
        "long_term_average": 635756, 
        "short_term_average": 719691
    }, 
    {
        "date": "2012-11-30", 
        "operating_revenue": 648931, 
        "accumulated_operating_revenue": 7006498, 
        "long_term_average": 636954, 
        "short_term_average": 669546
    }, 
    {
        "date": "2012-12-31", 
        "operating_revenue": 713051, 
        "accumulated_operating_revenue": 7719549, 
        "long_term_average": 643295, 
        "short_term_average": 645459
    }, 
    {
        "accumulated_operating_revenue_yoy": 33.56537030887442, 
        "accumulated_operating_revenue": 639515, 
        "long_term_average": 656688, 
        "date": "2013-01-31", 
        "operating_revenue": 639515, 
        "short_term_average": 667165
    }, 
    {
        "accumulated_operating_revenue_yoy": 7.664720172502437, 
        "accumulated_operating_revenue": 1111958, 
        "long_term_average": 649892, 
        "date": "2013-02-28", 
        "operating_revenue": 472443, 
        "short_term_average": 608336
    }, 
    {
        "accumulated_operating_revenue_yoy": 1.9212059055480895, 
        "accumulated_operating_revenue": 1703350, 
        "long_term_average": 645971, 
        "date": "2013-03-31", 
        "operating_revenue": 591392, 
        "short_term_average": 567783
    }, 
    {
        "accumulated_operating_revenue_yoy": 1.8262904766729875, 
        "accumulated_operating_revenue": 2251029, 
        "long_term_average": 646660, 
        "date": "2013-04-30", 
        "operating_revenue": 547679, 
        "short_term_average": 537171
    }, 
    {
        "accumulated_operating_revenue_yoy": 1.4096677240105464, 
        "accumulated_operating_revenue": 2814314, 
        "long_term_average": 646555, 
        "date": "2013-05-31", 
        "operating_revenue": 563285, 
        "short_term_average": 567452
    }, 
    {
        "accumulated_operating_revenue_yoy": -5.597107014285334, 
        "accumulated_operating_revenue": 3258988, 
        "long_term_average": 627193, 
        "date": "2013-06-30", 
        "operating_revenue": 444674, 
        "short_term_average": 518546
    }, 
    {
        "accumulated_operating_revenue_yoy": -7.868418501590928, 
        "accumulated_operating_revenue": 3868138, 
        "long_term_average": 615766, 
        "date": "2013-07-31", 
        "operating_revenue": 609150, 
        "short_term_average": 539036
    }, 
    {
        "accumulated_operating_revenue_yoy": -10.084756275685994, 
        "accumulated_operating_revenue": 4493838, 
        "long_term_average": 601293, 
        "date": "2013-08-31", 
        "operating_revenue": 625700, 
        "short_term_average": 559841
    }, 
    {
        "accumulated_operating_revenue_yoy": -9.819491763255833, 
        "accumulated_operating_revenue": 5215293, 
        "long_term_average": 595972, 
        "date": "2013-09-30", 
        "operating_revenue": 721455, 
        "short_term_average": 652101
    }, 
    {
        "accumulated_operating_revenue_yoy": -6.612655438786567, 
        "accumulated_operating_revenue": 5937163, 
        "long_term_average": 608262, 
        "date": "2013-10-31", 
        "operating_revenue": 721870, 
        "short_term_average": 689675
    }, 
    {
        "accumulated_operating_revenue_yoy": -7.181362215474834, 
        "accumulated_operating_revenue": 6503336, 
        "long_term_average": 601365, 
        "date": "2013-11-30", 
        "operating_revenue": 566173, 
        "short_term_average": 669832
    }, 
    {
        "accumulated_operating_revenue_yoy": -5.717846988211358, 
        "accumulated_operating_revenue": 7278157, 
        "long_term_average": 606513, 
        "date": "2013-12-31", 
        "operating_revenue": 774821, 
        "short_term_average": 687621
    }, 
    {
        "accumulated_operating_revenue_yoy": -18.898227563075142, 
        "accumulated_operating_revenue": 518658, 
        "long_term_average": 596441, 
        "date": "2014-01-31", 
        "operating_revenue": 518658, 
        "short_term_average": 619884
    }, 
    {
        "accumulated_operating_revenue_yoy": -16.38605055226906, 
        "accumulated_operating_revenue": 929752, 
        "long_term_average": 591329, 
        "date": "2014-02-28", 
        "operating_revenue": 411094, 
        "short_term_average": 568191
    }, 
    {
        "accumulated_operating_revenue_yoy": -23.590277981624446, 
        "accumulated_operating_revenue": 1301525, 
        "long_term_average": 573027, 
        "date": "2014-03-31", 
        "operating_revenue": 371773, 
        "short_term_average": 433841
    }, 
    {
        "accumulated_operating_revenue_yoy": -21.39674788729954, 
        "accumulated_operating_revenue": 1769382, 
        "long_term_average": 566375, 
        "date": "2014-04-30", 
        "operating_revenue": 467857, 
        "short_term_average": 416908
    }, 
    {
        "accumulated_operating_revenue_yoy": -23.716507823931515, 
        "accumulated_operating_revenue": 2146857, 
        "long_term_average": 550891, 
        "date": "2014-05-31", 
        "operating_revenue": 377475, 
        "short_term_average": 405701
    }, 
    {
        "accumulated_operating_revenue_yoy": -22.500359007151914, 
        "accumulated_operating_revenue": 2525704, 
        "long_term_average": 545406, 
        "date": "2014-06-30", 
        "operating_revenue": 378847, 
        "short_term_average": 408059
    }, 
    {
        "accumulated_operating_revenue_yoy": -23.00846040136107, 
        "accumulated_operating_revenue": 2978139, 
        "long_term_average": 532346, 
        "date": "2014-07-31", 
        "operating_revenue": 452435, 
        "short_term_average": 402919
    }, 
    {
        "accumulated_operating_revenue_yoy": -23.660421225687266, 
        "accumulated_operating_revenue": 3430577, 
        "long_term_average": 517908, 
        "date": "2014-08-31", 
        "operating_revenue": 452438, 
        "short_term_average": 427906
    }, 
    {
        "accumulated_operating_revenue_yoy": -23.170529441011272, 
        "accumulated_operating_revenue": 4006882, 
        "long_term_average": 505812, 
        "date": "2014-09-30", 
        "operating_revenue": 576305, 
        "short_term_average": 493726
    }, 
    {
        "accumulated_operating_revenue_yoy": -24.46055464537524, 
        "accumulated_operating_revenue": 4484900, 
        "long_term_average": 485491, 
        "date": "2014-10-31", 
        "operating_revenue": 478018, 
        "short_term_average": 502253
    }, 
    {
        "accumulated_operating_revenue_yoy": -24.070261785643552, 
        "accumulated_operating_revenue": 4937966, 
        "long_term_average": 476065, 
        "date": "2014-11-30", 
        "operating_revenue": 453066, 
        "short_term_average": 502463
    }, 
    {
        "accumulated_operating_revenue_yoy": -23.833973353419005, 
        "accumulated_operating_revenue": 5543483, 
        "long_term_average": 461956, 
        "date": "2014-12-31", 
        "operating_revenue": 605517, 
        "short_term_average": 512200
    }, 
    {
        "accumulated_operating_revenue_yoy": -1.1882589297764616, 
        "accumulated_operating_revenue": 512495, 
        "long_term_average": 461443, 
        "date": "2015-01-31", 
        "operating_revenue": 512495, 
        "short_term_average": 523692
    }, 
    {
        "accumulated_operating_revenue_yoy": -9.470590006797512, 
        "accumulated_operating_revenue": 841699, 
        "long_term_average": 454619, 
        "date": "2015-02-28", 
        "operating_revenue": 329204, 
        "short_term_average": 482405
    }, 
    {
        "accumulated_operating_revenue_yoy": -0.0022281554330496915, 
        "accumulated_operating_revenue": 1301496, 
        "long_term_average": 461954, 
        "date": "2015-03-31", 
        "operating_revenue": 459797, 
        "short_term_average": 433832
    }, 
    {
        "accumulated_operating_revenue_yoy": -2.7553123067828205, 
        "accumulated_operating_revenue": 1720630, 
        "long_term_average": 457894, 
        "date": "2015-04-30", 
        "operating_revenue": 419134, 
        "short_term_average": 402711
    }, 
    {
        "accumulated_operating_revenue_yoy": 0.3406374993769962, 
        "accumulated_operating_revenue": 2154170, 
        "long_term_average": 462566, 
        "date": "2015-05-31", 
        "operating_revenue": 433540, 
        "short_term_average": 437490
    }, 
    {
        "accumulated_operating_revenue_yoy": 3.2015628117942563, 
        "accumulated_operating_revenue": 2606566, 
        "long_term_average": 468695, 
        "date": "2015-06-30", 
        "operating_revenue": 452396, 
        "short_term_average": 435023
    }, 
    {
        "accumulated_operating_revenue_yoy": 2.391459901636559, 
        "accumulated_operating_revenue": 3049360, 
        "long_term_average": 467892, 
        "date": "2015-07-31", 
        "operating_revenue": 442794, 
        "short_term_average": 442910
    }, 
    {
        "accumulated_operating_revenue_yoy": 2.7679891749988412, 
        "accumulated_operating_revenue": 3525535, 
        "long_term_average": 469870, 
        "date": "2015-08-31", 
        "operating_revenue": 476175, 
        "short_term_average": 457121
    }
]