[
    {
        "date": "2012-01-31", 
        "operating_revenue": 47520, 
        "accumulated_operating_revenue": 47520, 
        "long_term_average": 47520, 
        "short_term_average": 47520
    }, 
    {
        "date": "2012-02-29", 
        "operating_revenue": 44680, 
        "accumulated_operating_revenue": 92200, 
        "long_term_average": 46100, 
        "short_term_average": 46100
    }, 
    {
        "date": "2012-03-31", 
        "operating_revenue": 46320, 
        "accumulated_operating_revenue": 138520, 
        "long_term_average": 46173, 
        "short_term_average": 46173
    }, 
    {
        "date": "2012-04-30", 
        "operating_revenue": 55738, 
        "accumulated_operating_revenue": 194258, 
        "long_term_average": 48564, 
        "short_term_average": 48912
    }, 
    {
        "date": "2012-05-31", 
        "operating_revenue": 55685, 
        "accumulated_operating_revenue": 249943, 
        "long_term_average": 49988, 
        "short_term_average": 52581
    }, 
    {
        "date": "2012-06-30", 
        "operating_revenue": 67286, 
        "accumulated_operating_revenue": 317229, 
        "long_term_average": 52871, 
        "short_term_average": 59569
    }, 
    {
        "date": "2012-07-31", 
        "operating_revenue": 49327, 
        "accumulated_operating_revenue": 366556, 
        "long_term_average": 52365, 
        "short_term_average": 57432
    }, 
    {
        "date": "2012-08-31", 
        "operating_revenue": 60629, 
        "accumulated_operating_revenue": 427185, 
        "long_term_average": 53398, 
        "short_term_average": 59080
    }, 
    {
        "date": "2012-09-30", 
        "operating_revenue": 82312, 
        "accumulated_operating_revenue": 509497, 
        "long_term_average": 56610, 
        "short_term_average": 64089
    }, 
    {
        "date": "2012-10-31", 
        "operating_revenue": 74908, 
        "accumulated_operating_revenue": 584405, 
        "long_term_average": 58440, 
        "short_term_average": 72616
    }, 
    {
        "date": "2012-11-30", 
        "operating_revenue": 72844, 
        "accumulated_operating_revenue": 657249, 
        "long_term_average": 59749, 
        "short_term_average": 76688
    }, 
    {
        "date": "2012-12-31", 
        "operating_revenue": 80696, 
        "accumulated_operating_revenue": 737945, 
        "long_term_average": 61495, 
        "short_term_average": 76149
    }, 
    {
        "accumulated_operating_revenue_yoy": 6.388888888888888, 
        "accumulated_operating_revenue": 50556, 
        "long_term_average": 61748, 
        "date": "2013-01-31", 
        "operating_revenue": 50556, 
        "short_term_average": 68032
    }, 
    {
        "accumulated_operating_revenue_yoy": 11.793926247288503, 
        "accumulated_operating_revenue": 103074, 
        "long_term_average": 62401, 
        "date": "2013-02-28", 
        "operating_revenue": 52518, 
        "short_term_average": 61256
    }, 
    {
        "accumulated_operating_revenue_yoy": 14.015304649148138, 
        "accumulated_operating_revenue": 157934, 
        "long_term_average": 63113, 
        "date": "2013-03-31", 
        "operating_revenue": 54860, 
        "short_term_average": 52644
    }, 
    {
        "accumulated_operating_revenue_yoy": 8.358986502486385, 
        "accumulated_operating_revenue": 210496, 
        "long_term_average": 62848, 
        "date": "2013-04-30", 
        "operating_revenue": 52562, 
        "short_term_average": 53313
    }, 
    {
        "accumulated_operating_revenue_yoy": 7.432094517550001, 
        "accumulated_operating_revenue": 268519, 
        "long_term_average": 63043, 
        "date": "2013-05-31", 
        "operating_revenue": 58023, 
        "short_term_average": 55148
    }, 
    {
        "accumulated_operating_revenue_yoy": 6.73015392665866, 
        "accumulated_operating_revenue": 338579, 
        "long_term_average": 63274, 
        "date": "2013-06-30", 
        "operating_revenue": 70060, 
        "short_term_average": 60215
    }, 
    {
        "accumulated_operating_revenue_yoy": 9.023723523827192, 
        "accumulated_operating_revenue": 399633, 
        "long_term_average": 64251, 
        "date": "2013-07-31", 
        "operating_revenue": 61054, 
        "short_term_average": 63045
    }, 
    {
        "accumulated_operating_revenue_yoy": 8.158760256095135, 
        "accumulated_operating_revenue": 462038, 
        "long_term_average": 64399, 
        "date": "2013-08-31", 
        "operating_revenue": 62405, 
        "short_term_average": 64506
    }, 
    {
        "accumulated_operating_revenue_yoy": 3.91111233235917, 
        "accumulated_operating_revenue": 529424, 
        "long_term_average": 63156, 
        "date": "2013-09-30", 
        "operating_revenue": 67386, 
        "short_term_average": 63615
    }, 
    {
        "accumulated_operating_revenue_yoy": 4.238498986148305, 
        "accumulated_operating_revenue": 609175, 
        "long_term_average": 63559, 
        "date": "2013-10-31", 
        "operating_revenue": 79751, 
        "short_term_average": 69847
    }, 
    {
        "accumulated_operating_revenue_yoy": 5.080874980410773, 
        "accumulated_operating_revenue": 690643, 
        "long_term_average": 64278, 
        "date": "2013-11-30", 
        "operating_revenue": 81468, 
        "short_term_average": 76201
    }, 
    {
        "accumulated_operating_revenue_yoy": 3.6783229102439883, 
        "accumulated_operating_revenue": 765089, 
        "long_term_average": 63757, 
        "date": "2013-12-31", 
        "operating_revenue": 74446, 
        "short_term_average": 78555
    }, 
    {
        "accumulated_operating_revenue_yoy": 22.379143919613895, 
        "accumulated_operating_revenue": 61870, 
        "long_term_average": 64700, 
        "date": "2014-01-31", 
        "operating_revenue": 61870, 
        "short_term_average": 72594
    }, 
    {
        "accumulated_operating_revenue_yoy": 23.230882666821895, 
        "accumulated_operating_revenue": 127019, 
        "long_term_average": 65752, 
        "date": "2014-02-28", 
        "operating_revenue": 65149, 
        "short_term_average": 67155
    }, 
    {
        "accumulated_operating_revenue_yoy": 39.3664442108729, 
        "accumulated_operating_revenue": 220107, 
        "long_term_average": 68938, 
        "date": "2014-03-31", 
        "operating_revenue": 93088, 
        "short_term_average": 73369
    }, 
    {
        "accumulated_operating_revenue_yoy": 30.72599954393433, 
        "accumulated_operating_revenue": 275173, 
        "long_term_average": 69147, 
        "date": "2014-04-30", 
        "operating_revenue": 55066, 
        "short_term_average": 71101
    }, 
    {
        "accumulated_operating_revenue_yoy": 24.205363493830976, 
        "accumulated_operating_revenue": 333515, 
        "long_term_average": 69173, 
        "date": "2014-05-31", 
        "operating_revenue": 58342, 
        "short_term_average": 68832
    }, 
    {
        "accumulated_operating_revenue_yoy": 18.793250615070633, 
        "accumulated_operating_revenue": 402209, 
        "long_term_average": 69059, 
        "date": "2014-06-30", 
        "operating_revenue": 68694, 
        "short_term_average": 60700
    }, 
    {
        "accumulated_operating_revenue_yoy": 16.68856175541059, 
        "accumulated_operating_revenue": 466326, 
        "long_term_average": 69315, 
        "date": "2014-07-31", 
        "operating_revenue": 64117, 
        "short_term_average": 63717
    }, 
    {
        "accumulated_operating_revenue_yoy": 16.85965223639614, 
        "accumulated_operating_revenue": 539936, 
        "long_term_average": 70248, 
        "date": "2014-08-31", 
        "operating_revenue": 73610, 
        "short_term_average": 68807
    }, 
    {
        "accumulated_operating_revenue_yoy": 15.98359726797425, 
        "accumulated_operating_revenue": 614045, 
        "long_term_average": 70809, 
        "date": "2014-09-30", 
        "operating_revenue": 74109, 
        "short_term_average": 70612
    }, 
    {
        "accumulated_operating_revenue_yoy": 14.2883407887717, 
        "accumulated_operating_revenue": 696216, 
        "long_term_average": 71010, 
        "date": "2014-10-31", 
        "operating_revenue": 82171, 
        "short_term_average": 76630
    }, 
    {
        "accumulated_operating_revenue_yoy": 12.405251338245664, 
        "accumulated_operating_revenue": 776319, 
        "long_term_average": 70897, 
        "date": "2014-11-30", 
        "operating_revenue": 80103, 
        "short_term_average": 78794
    }, 
    {
        "accumulated_operating_revenue_yoy": 10.572756894949476, 
        "accumulated_operating_revenue": 845980, 
        "long_term_average": 70498, 
        "date": "2014-12-31", 
        "operating_revenue": 69661, 
        "short_term_average": 77311
    }, 
    {
        "accumulated_operating_revenue_yoy": -12.233715855826734, 
        "accumulated_operating_revenue": 54301, 
        "long_term_average": 69867, 
        "date": "2015-01-31", 
        "operating_revenue": 54301, 
        "short_term_average": 68021
    }, 
    {
        "accumulated_operating_revenue_yoy": -13.174406978483532, 
        "accumulated_operating_revenue": 110285, 
        "long_term_average": 69103, 
        "date": "2015-02-28", 
        "operating_revenue": 55984, 
        "short_term_average": 59982
    }, 
    {
        "accumulated_operating_revenue_yoy": -17.310671627890073, 
        "accumulated_operating_revenue": 182005, 
        "long_term_average": 67323, 
        "date": "2015-03-31", 
        "operating_revenue": 71720, 
        "short_term_average": 60668
    }, 
    {
        "accumulated_operating_revenue_yoy": -9.74986644765293, 
        "accumulated_operating_revenue": 248344, 
        "long_term_average": 68262, 
        "date": "2015-04-30", 
        "operating_revenue": 66339, 
        "short_term_average": 64681
    }, 
    {
        "accumulated_operating_revenue_yoy": -3.2796126111269355, 
        "accumulated_operating_revenue": 322577, 
        "long_term_average": 69586, 
        "date": "2015-05-31", 
        "operating_revenue": 74233, 
        "short_term_average": 70764
    }, 
    {
        "accumulated_operating_revenue_yoy": -3.088195440678851, 
        "accumulated_operating_revenue": 389788, 
        "long_term_average": 69463, 
        "date": "2015-06-30", 
        "operating_revenue": 67211, 
        "short_term_average": 69261
    }, 
    {
        "accumulated_operating_revenue_yoy": -1.251485012630649, 
        "accumulated_operating_revenue": 460490, 
        "long_term_average": 70012, 
        "date": "2015-07-31", 
        "operating_revenue": 70702, 
        "short_term_average": 70715
    }, 
    {
        "accumulated_operating_revenue_yoy": -1.5703713032655724, 
        "accumulated_operating_revenue": 531457, 
        "long_term_average": 69791, 
        "date": "2015-08-31", 
        "operating_revenue": 70967, 
        "short_term_average": 69626
    }
]