[
    {
        "date": "2012-01-31", 
        "operating_revenue": 105732, 
        "accumulated_operating_revenue": 105732, 
        "long_term_average": 105732, 
        "short_term_average": 105732
    }, 
    {
        "date": "2012-02-29", 
        "operating_revenue": 125605, 
        "accumulated_operating_revenue": 231337, 
        "long_term_average": 115668, 
        "short_term_average": 115668
    }, 
    {
        "date": "2012-03-31", 
        "operating_revenue": 131065, 
        "accumulated_operating_revenue": 362402, 
        "long_term_average": 120800, 
        "short_term_average": 120800
    }, 
    {
        "date": "2012-04-30", 
        "operating_revenue": 147548, 
        "accumulated_operating_revenue": 509950, 
        "long_term_average": 127487, 
        "short_term_average": 134739
    }, 
    {
        "date": "2012-05-31", 
        "operating_revenue": 188786, 
        "accumulated_operating_revenue": 698736, 
        "long_term_average": 139747, 
        "short_term_average": 155799
    }, 
    {
        "date": "2012-06-30", 
        "operating_revenue": 126365, 
        "accumulated_operating_revenue": 825101, 
        "long_term_average": 137516, 
        "short_term_average": 154233
    }, 
    {
        "date": "2012-07-31", 
        "operating_revenue": 137933, 
        "accumulated_operating_revenue": 963034, 
        "long_term_average": 137576, 
        "short_term_average": 151028
    }, 
    {
        "date": "2012-08-31", 
        "operating_revenue": 188524, 
        "accumulated_operating_revenue": 1151558, 
        "long_term_average": 143944, 
        "short_term_average": 150940
    }, 
    {
        "date": "2012-09-30", 
        "operating_revenue": 180524, 
        "accumulated_operating_revenue": 1332082, 
        "long_term_average": 148009, 
        "short_term_average": 168993
    }, 
    {
        "date": "2012-10-31", 
        "operating_revenue": 207525, 
        "accumulated_operating_revenue": 1539607, 
        "long_term_average": 153960, 
        "short_term_average": 192191
    }, 
    {
        "date": "2012-11-30", 
        "operating_revenue": 161375, 
        "accumulated_operating_revenue": 1700982, 
        "long_term_average": 154634, 
        "short_term_average": 183141
    }, 
    {
        "date": "2012-12-31", 
        "operating_revenue": 173508, 
        "accumulated_operating_revenue": 1874490, 
        "long_term_average": 156207, 
        "short_term_average": 180802
    }, 
    {
        "accumulated_operating_revenue_yoy": 61.83369273256913, 
        "accumulated_operating_revenue": 171110, 
        "long_term_average": 161655, 
        "date": "2013-01-31", 
        "operating_revenue": 171110, 
        "short_term_average": 168664
    }, 
    {
        "accumulated_operating_revenue_yoy": 34.30752538504433, 
        "accumulated_operating_revenue": 310703, 
        "long_term_average": 162821, 
        "date": "2013-02-28", 
        "operating_revenue": 139593, 
        "short_term_average": 161403
    }, 
    {
        "accumulated_operating_revenue_yoy": 33.43607375235236, 
        "accumulated_operating_revenue": 483575, 
        "long_term_average": 166305, 
        "date": "2013-03-31", 
        "operating_revenue": 172872, 
        "short_term_average": 161191
    }, 
    {
        "accumulated_operating_revenue_yoy": 23.42915972154133, 
        "accumulated_operating_revenue": 629427, 
        "long_term_average": 166163, 
        "date": "2013-04-30", 
        "operating_revenue": 145852, 
        "short_term_average": 152772
    }, 
    {
        "accumulated_operating_revenue_yoy": 9.254138902246343, 
        "accumulated_operating_revenue": 763398, 
        "long_term_average": 161596, 
        "date": "2013-05-31", 
        "operating_revenue": 133971, 
        "short_term_average": 150898
    }, 
    {
        "accumulated_operating_revenue_yoy": 12.219473737154603, 
        "accumulated_operating_revenue": 925924, 
        "long_term_average": 164609, 
        "date": "2013-06-30", 
        "operating_revenue": 162526, 
        "short_term_average": 147449
    }, 
    {
        "accumulated_operating_revenue_yoy": 15.026987624528312, 
        "accumulated_operating_revenue": 1107749, 
        "long_term_average": 168267, 
        "date": "2013-07-31", 
        "operating_revenue": 181825, 
        "short_term_average": 159440
    }, 
    {
        "accumulated_operating_revenue_yoy": 12.707306101820318, 
        "accumulated_operating_revenue": 1297890, 
        "long_term_average": 168401, 
        "date": "2013-08-31", 
        "operating_revenue": 190141, 
        "short_term_average": 178164
    }, 
    {
        "accumulated_operating_revenue_yoy": 12.145948973111265, 
        "accumulated_operating_revenue": 1493876, 
        "long_term_average": 169690, 
        "date": "2013-09-30", 
        "operating_revenue": 195986, 
        "short_term_average": 189317
    }, 
    {
        "accumulated_operating_revenue_yoy": 8.92532964581221, 
        "accumulated_operating_revenue": 1677022, 
        "long_term_average": 167658, 
        "date": "2013-10-31", 
        "operating_revenue": 183146, 
        "short_term_average": 189757
    }, 
    {
        "accumulated_operating_revenue_yoy": 8.010137673414533, 
        "accumulated_operating_revenue": 1837233, 
        "long_term_average": 167561, 
        "date": "2013-11-30", 
        "operating_revenue": 160211, 
        "short_term_average": 179781
    }, 
    {
        "accumulated_operating_revenue_yoy": 7.460695975972131, 
        "accumulated_operating_revenue": 2014340, 
        "long_term_average": 167861, 
        "date": "2013-12-31", 
        "operating_revenue": 177107, 
        "short_term_average": 173488
    }, 
    {
        "accumulated_operating_revenue_yoy": -26.15744258079598, 
        "accumulated_operating_revenue": 126352, 
        "long_term_average": 164131, 
        "date": "2014-01-31", 
        "operating_revenue": 126352, 
        "short_term_average": 154556
    }, 
    {
        "accumulated_operating_revenue_yoy": -10.918143693495074, 
        "accumulated_operating_revenue": 276780, 
        "long_term_average": 165034, 
        "date": "2014-02-28", 
        "operating_revenue": 150428, 
        "short_term_average": 151295
    }, 
    {
        "accumulated_operating_revenue_yoy": -5.147288424753141, 
        "accumulated_operating_revenue": 458684, 
        "long_term_average": 165787, 
        "date": "2014-03-31", 
        "operating_revenue": 181904, 
        "short_term_average": 152894
    }, 
    {
        "accumulated_operating_revenue_yoy": 2.5575642608277054, 
        "accumulated_operating_revenue": 645525, 
        "long_term_average": 169203, 
        "date": "2014-04-30", 
        "operating_revenue": 186841, 
        "short_term_average": 173057
    }, 
    {
        "accumulated_operating_revenue_yoy": 6.647908430464843, 
        "accumulated_operating_revenue": 814148, 
        "long_term_average": 172090, 
        "date": "2014-05-31", 
        "operating_revenue": 168623, 
        "short_term_average": 179122
    }, 
    {
        "accumulated_operating_revenue_yoy": 7.0660226973272104, 
        "accumulated_operating_revenue": 991350, 
        "long_term_average": 173313, 
        "date": "2014-06-30", 
        "operating_revenue": 177202, 
        "short_term_average": 177555
    }, 
    {
        "accumulated_operating_revenue_yoy": 3.6189606129186305, 
        "accumulated_operating_revenue": 1147838, 
        "long_term_average": 171202, 
        "date": "2014-07-31", 
        "operating_revenue": 156488, 
        "short_term_average": 167437
    }, 
    {
        "accumulated_operating_revenue_yoy": 0.9288152308747275, 
        "accumulated_operating_revenue": 1309945, 
        "long_term_average": 168866, 
        "date": "2014-08-31", 
        "operating_revenue": 162107, 
        "short_term_average": 165265
    }, 
    {
        "accumulated_operating_revenue_yoy": -0.9589818699811764, 
        "accumulated_operating_revenue": 1479550, 
        "long_term_average": 166667, 
        "date": "2014-09-30", 
        "operating_revenue": 169605, 
        "short_term_average": 162733
    }, 
    {
        "accumulated_operating_revenue_yoy": -2.1377179309514127, 
        "accumulated_operating_revenue": 1641172, 
        "long_term_average": 164874, 
        "date": "2014-10-31", 
        "operating_revenue": 161622, 
        "short_term_average": 164444
    }, 
    {
        "accumulated_operating_revenue_yoy": -3.3553174801454144, 
        "accumulated_operating_revenue": 1775588, 
        "long_term_average": 162724, 
        "date": "2014-11-30", 
        "operating_revenue": 134416, 
        "short_term_average": 155214
    }, 
    {
        "accumulated_operating_revenue_yoy": -5.442527080830446, 
        "accumulated_operating_revenue": 1904709, 
        "long_term_average": 158725, 
        "date": "2014-12-31", 
        "operating_revenue": 129121, 
        "short_term_average": 141719
    }, 
    {
        "accumulated_operating_revenue_yoy": -10.931366341648728, 
        "accumulated_operating_revenue": 112540, 
        "long_term_average": 157574, 
        "date": "2015-01-31", 
        "operating_revenue": 112540, 
        "short_term_average": 125359
    }, 
    {
        "accumulated_operating_revenue_yoy": -32.64939663270467, 
        "accumulated_operating_revenue": 186413, 
        "long_term_average": 151195, 
        "date": "2015-02-28", 
        "operating_revenue": 73873, 
        "short_term_average": 105178
    }, 
    {
        "accumulated_operating_revenue_yoy": -33.901335123963335, 
        "accumulated_operating_revenue": 303184, 
        "long_term_average": 145767, 
        "date": "2015-03-31", 
        "operating_revenue": 116771, 
        "short_term_average": 101061
    }, 
    {
        "accumulated_operating_revenue_yoy": -35.287556639944235, 
        "accumulated_operating_revenue": 417735, 
        "long_term_average": 139743, 
        "date": "2015-04-30", 
        "operating_revenue": 114551, 
        "short_term_average": 101731
    }, 
    {
        "accumulated_operating_revenue_yoy": -35.608022128654746, 
        "accumulated_operating_revenue": 524246, 
        "long_term_average": 134567, 
        "date": "2015-05-31", 
        "operating_revenue": 106511, 
        "short_term_average": 112611
    }, 
    {
        "accumulated_operating_revenue_yoy": -36.64003631411711, 
        "accumulated_operating_revenue": 628119, 
        "long_term_average": 128456, 
        "date": "2015-06-30", 
        "operating_revenue": 103873, 
        "short_term_average": 108311
    }, 
    {
        "accumulated_operating_revenue_yoy": -36.33910011691545, 
        "accumulated_operating_revenue": 730724, 
        "long_term_average": 123966, 
        "date": "2015-07-31", 
        "operating_revenue": 102605, 
        "short_term_average": 104329
    }, 
    {
        "accumulated_operating_revenue_yoy": -36.10105767799411, 
        "accumulated_operating_revenue": 837041, 
        "long_term_average": 119317, 
        "date": "2015-08-31", 
        "operating_revenue": 106317, 
        "short_term_average": 104265
    }
]