[
    {
        "date": "2012-01-31", 
        "operating_revenue": 1461407, 
        "accumulated_operating_revenue": 1461407, 
        "long_term_average": 1461407, 
        "short_term_average": 1461407
    }, 
    {
        "date": "2012-02-29", 
        "operating_revenue": 1753228, 
        "accumulated_operating_revenue": 3214635, 
        "long_term_average": 1607317, 
        "short_term_average": 1607317
    }, 
    {
        "date": "2012-03-31", 
        "operating_revenue": 1905853, 
        "accumulated_operating_revenue": 5120488, 
        "long_term_average": 1706829, 
        "short_term_average": 1706829
    }, 
    {
        "date": "2012-04-30", 
        "operating_revenue": 1972151, 
        "accumulated_operating_revenue": 7092639, 
        "long_term_average": 1773159, 
        "short_term_average": 1877077
    }, 
    {
        "date": "2012-05-31", 
        "operating_revenue": 1952923, 
        "accumulated_operating_revenue": 9045562, 
        "long_term_average": 1809112, 
        "short_term_average": 1943642
    }, 
    {
        "date": "2012-06-30", 
        "operating_revenue": 1715663, 
        "accumulated_operating_revenue": 10761225, 
        "long_term_average": 1793537, 
        "short_term_average": 1880245
    }, 
    {
        "date": "2012-07-31", 
        "operating_revenue": 1974730, 
        "accumulated_operating_revenue": 12735955, 
        "long_term_average": 1819422, 
        "short_term_average": 1881105
    }, 
    {
        "date": "2012-08-31", 
        "operating_revenue": 2212758, 
        "accumulated_operating_revenue": 14948713, 
        "long_term_average": 1868589, 
        "short_term_average": 1967717
    }, 
    {
        "date": "2012-09-30", 
        "operating_revenue": 2326342, 
        "accumulated_operating_revenue": 17275055, 
        "long_term_average": 1919450, 
        "short_term_average": 2171276
    }, 
    {
        "date": "2012-10-31", 
        "operating_revenue": 1921494, 
        "accumulated_operating_revenue": 19196549, 
        "long_term_average": 1919654, 
        "short_term_average": 2153531
    }, 
    {
        "date": "2012-11-30", 
        "operating_revenue": 2061898, 
        "accumulated_operating_revenue": 21258447, 
        "long_term_average": 1932586, 
        "short_term_average": 2103244
    }, 
    {
        "date": "2012-12-31", 
        "operating_revenue": 2357843, 
        "accumulated_operating_revenue": 23616290, 
        "long_term_average": 1968024, 
        "short_term_average": 2113745
    }, 
    {
        "accumulated_operating_revenue_yoy": 19.72783762497374, 
        "accumulated_operating_revenue": 1749711, 
        "long_term_average": 1992049, 
        "date": "2013-01-31", 
        "operating_revenue": 1749711, 
        "short_term_average": 2056484
    }, 
    {
        "accumulated_operating_revenue_yoy": 1.8543007215438143, 
        "accumulated_operating_revenue": 3274244, 
        "long_term_average": 1972991, 
        "date": "2013-02-28", 
        "operating_revenue": 1524533, 
        "short_term_average": 1877362
    }, 
    {
        "accumulated_operating_revenue_yoy": 1.4640987343393834, 
        "accumulated_operating_revenue": 5195457, 
        "long_term_average": 1974271, 
        "date": "2013-03-31", 
        "operating_revenue": 1921213, 
        "short_term_average": 1731819
    }, 
    {
        "accumulated_operating_revenue_yoy": -3.766609297329245, 
        "accumulated_operating_revenue": 6825487, 
        "long_term_average": 1945761, 
        "date": "2013-04-30", 
        "operating_revenue": 1630030, 
        "short_term_average": 1691925
    }, 
    {
        "accumulated_operating_revenue_yoy": -3.9104701288875137, 
        "accumulated_operating_revenue": 8691838, 
        "long_term_average": 1938547, 
        "date": "2013-05-31", 
        "operating_revenue": 1866351, 
        "short_term_average": 1805864
    }, 
    {
        "accumulated_operating_revenue_yoy": 2.5443478786104743, 
        "accumulated_operating_revenue": 11035028, 
        "long_term_average": 1990841, 
        "date": "2013-06-30", 
        "operating_revenue": 2343190, 
        "short_term_average": 1946523
    }, 
    {
        "accumulated_operating_revenue_yoy": 2.364298554760911, 
        "accumulated_operating_revenue": 13037071, 
        "long_term_average": 1993117, 
        "date": "2013-07-31", 
        "operating_revenue": 2002043, 
        "short_term_average": 2070528
    }, 
    {
        "accumulated_operating_revenue_yoy": 1.7797117383951382, 
        "accumulated_operating_revenue": 15214757, 
        "long_term_average": 1990194, 
        "date": "2013-08-31", 
        "operating_revenue": 2177686, 
        "short_term_average": 2174306
    }, 
    {
        "accumulated_operating_revenue_yoy": 2.254105703281408, 
        "accumulated_operating_revenue": 17664453, 
        "long_term_average": 2000474, 
        "date": "2013-09-30", 
        "operating_revenue": 2449696, 
        "short_term_average": 2209808
    }, 
    {
        "accumulated_operating_revenue_yoy": 4.488608864020298, 
        "accumulated_operating_revenue": 20058207, 
        "long_term_average": 2039829, 
        "date": "2013-10-31", 
        "operating_revenue": 2393754, 
        "short_term_average": 2340378
    }, 
    {
        "accumulated_operating_revenue_yoy": 6.320767457754557, 
        "accumulated_operating_revenue": 22602144, 
        "long_term_average": 2079998, 
        "date": "2013-11-30", 
        "operating_revenue": 2543937, 
        "short_term_average": 2462462
    }, 
    {
        "accumulated_operating_revenue_yoy": 6.106251235905385, 
        "accumulated_operating_revenue": 25058360, 
        "long_term_average": 2088196, 
        "date": "2013-12-31", 
        "operating_revenue": 2456216, 
        "short_term_average": 2464635
    }, 
    {
        "accumulated_operating_revenue_yoy": -0.9311823495422958, 
        "accumulated_operating_revenue": 1733418, 
        "long_term_average": 2086838, 
        "date": "2014-01-31", 
        "operating_revenue": 1733418, 
        "short_term_average": 2244523
    }, 
    {
        "accumulated_operating_revenue_yoy": 5.116417713524099, 
        "accumulated_operating_revenue": 3441768, 
        "long_term_average": 2102157, 
        "date": "2014-02-28", 
        "operating_revenue": 1708350, 
        "short_term_average": 1965994
    }, 
    {
        "accumulated_operating_revenue_yoy": 4.778771145637429, 
        "accumulated_operating_revenue": 5443736, 
        "long_term_average": 2108886, 
        "date": "2014-03-31", 
        "operating_revenue": 2001968, 
        "short_term_average": 1814578
    }, 
    {
        "accumulated_operating_revenue_yoy": 10.611213529525438, 
        "accumulated_operating_revenue": 7549754, 
        "long_term_average": 2148552, 
        "date": "2014-04-30", 
        "operating_revenue": 2106018, 
        "short_term_average": 1938778
    }, 
    {
        "accumulated_operating_revenue_yoy": 12.95254237366136, 
        "accumulated_operating_revenue": 9817652, 
        "long_term_average": 2182014, 
        "date": "2014-05-31", 
        "operating_revenue": 2267898, 
        "short_term_average": 2125294
    }, 
    {
        "accumulated_operating_revenue_yoy": 10.770983091298001, 
        "accumulated_operating_revenue": 12223609, 
        "long_term_average": 2187245, 
        "date": "2014-06-30", 
        "operating_revenue": 2405957, 
        "short_term_average": 2259957
    }, 
    {
        "accumulated_operating_revenue_yoy": 12.366757840008695, 
        "accumulated_operating_revenue": 14649334, 
        "long_term_average": 2222551, 
        "date": "2014-07-31", 
        "operating_revenue": 2425725, 
        "short_term_average": 2366526
    }, 
    {
        "accumulated_operating_revenue_yoy": 12.426810365752145, 
        "accumulated_operating_revenue": 17105466, 
        "long_term_average": 2245755, 
        "date": "2014-08-31", 
        "operating_revenue": 2456132, 
        "short_term_average": 2429271
    }, 
    {
        "accumulated_operating_revenue_yoy": 12.173283825997895, 
        "accumulated_operating_revenue": 19814797, 
        "long_term_average": 2267392, 
        "date": "2014-09-30", 
        "operating_revenue": 2709331, 
        "short_term_average": 2530396
    }, 
    {
        "accumulated_operating_revenue_yoy": 10.032297502962253, 
        "accumulated_operating_revenue": 22070506, 
        "long_term_average": 2255888, 
        "date": "2014-10-31", 
        "operating_revenue": 2255709, 
        "short_term_average": 2473724
    }, 
    {
        "accumulated_operating_revenue_yoy": 8.358711456753836, 
        "accumulated_operating_revenue": 24491392, 
        "long_term_average": 2245634, 
        "date": "2014-11-30", 
        "operating_revenue": 2420886, 
        "short_term_average": 2461975
    }, 
    {
        "accumulated_operating_revenue_yoy": 7.808024946564738, 
        "accumulated_operating_revenue": 27014923, 
        "long_term_average": 2251243, 
        "date": "2014-12-31", 
        "operating_revenue": 2523531, 
        "short_term_average": 2400042
    }, 
    {
        "accumulated_operating_revenue_yoy": 16.98580492414409, 
        "accumulated_operating_revenue": 2027853, 
        "long_term_average": 2275779, 
        "date": "2015-01-31", 
        "operating_revenue": 2027853, 
        "short_term_average": 2324090
    }, 
    {
        "accumulated_operating_revenue_yoy": 11.288180958158714, 
        "accumulated_operating_revenue": 3830281, 
        "long_term_average": 2283619, 
        "date": "2015-02-28", 
        "operating_revenue": 1802428, 
        "short_term_average": 2117937
    }, 
    {
        "accumulated_operating_revenue_yoy": 11.278890085779326, 
        "accumulated_operating_revenue": 6057729, 
        "long_term_average": 2302409, 
        "date": "2015-03-31", 
        "operating_revenue": 2227448, 
        "short_term_average": 2019243
    }, 
    {
        "accumulated_operating_revenue_yoy": 7.272952204800315, 
        "accumulated_operating_revenue": 8098844, 
        "long_term_average": 2297001, 
        "date": "2015-04-30", 
        "operating_revenue": 2041115, 
        "short_term_average": 2023663
    }, 
    {
        "accumulated_operating_revenue_yoy": 3.1897647217481326, 
        "accumulated_operating_revenue": 10130812, 
        "long_term_average": 2277340, 
        "date": "2015-05-31", 
        "operating_revenue": 2031968, 
        "short_term_average": 2100177
    }, 
    {
        "accumulated_operating_revenue_yoy": 0.3126163475942334, 
        "accumulated_operating_revenue": 12261822, 
        "long_term_average": 2254428, 
        "date": "2015-06-30", 
        "operating_revenue": 2131010, 
        "short_term_average": 2068031
    }, 
    {
        "accumulated_operating_revenue_yoy": -1.6552288315632644, 
        "accumulated_operating_revenue": 14406854, 
        "long_term_average": 2231036, 
        "date": "2015-07-31", 
        "operating_revenue": 2145032, 
        "short_term_average": 2102670
    }, 
    {
        "accumulated_operating_revenue_yoy": -2.103970742451565, 
        "accumulated_operating_revenue": 16745572, 
        "long_term_average": 2221252, 
        "date": "2015-08-31", 
        "operating_revenue": 2338718, 
        "short_term_average": 2204920
    }
]