[
    {
        "date": "2012-01-31", 
        "operating_revenue": 127197, 
        "accumulated_operating_revenue": 127197, 
        "long_term_average": 127197, 
        "short_term_average": 127197
    }, 
    {
        "date": "2012-02-29", 
        "operating_revenue": 100572, 
        "accumulated_operating_revenue": 227769, 
        "long_term_average": 113884, 
        "short_term_average": 113884
    }, 
    {
        "date": "2012-03-31", 
        "operating_revenue": 130271, 
        "accumulated_operating_revenue": 358040, 
        "long_term_average": 119346, 
        "short_term_average": 119346
    }, 
    {
        "date": "2012-04-30", 
        "operating_revenue": 94325, 
        "accumulated_operating_revenue": 452365, 
        "long_term_average": 113091, 
        "short_term_average": 108389
    }, 
    {
        "date": "2012-05-31", 
        "operating_revenue": 123121, 
        "accumulated_operating_revenue": 575486, 
        "long_term_average": 115097, 
        "short_term_average": 115905
    }, 
    {
        "date": "2012-06-30", 
        "operating_revenue": 228548, 
        "accumulated_operating_revenue": 804034, 
        "long_term_average": 134005, 
        "short_term_average": 148664
    }, 
    {
        "date": "2012-07-31", 
        "operating_revenue": 226289, 
        "accumulated_operating_revenue": 1030323, 
        "long_term_average": 147189, 
        "short_term_average": 192652
    }, 
    {
        "date": "2012-08-31", 
        "operating_revenue": 232649, 
        "accumulated_operating_revenue": 1262972, 
        "long_term_average": 157871, 
        "short_term_average": 229162
    }, 
    {
        "date": "2012-09-30", 
        "operating_revenue": 232596, 
        "accumulated_operating_revenue": 1495568, 
        "long_term_average": 166174, 
        "short_term_average": 230511
    }, 
    {
        "date": "2012-10-31", 
        "operating_revenue": 235588, 
        "accumulated_operating_revenue": 1731156, 
        "long_term_average": 173115, 
        "short_term_average": 233611
    }, 
    {
        "date": "2012-11-30", 
        "operating_revenue": 265430, 
        "accumulated_operating_revenue": 1996586, 
        "long_term_average": 181507, 
        "short_term_average": 244538
    }, 
    {
        "date": "2012-12-31", 
        "operating_revenue": 272151, 
        "accumulated_operating_revenue": 2268737, 
        "long_term_average": 189061, 
        "short_term_average": 257723
    }, 
    {
        "accumulated_operating_revenue_yoy": 132.38126685377802, 
        "accumulated_operating_revenue": 295582, 
        "long_term_average": 203093, 
        "date": "2013-01-31", 
        "operating_revenue": 295582, 
        "short_term_average": 277721
    }, 
    {
        "accumulated_operating_revenue_yoy": 137.73472246003627, 
        "accumulated_operating_revenue": 541486, 
        "long_term_average": 215204, 
        "date": "2013-02-28", 
        "operating_revenue": 245904, 
        "short_term_average": 271212
    }, 
    {
        "accumulated_operating_revenue_yoy": 114.86035079879342, 
        "accumulated_operating_revenue": 769286, 
        "long_term_average": 223331, 
        "date": "2013-03-31", 
        "operating_revenue": 227800, 
        "short_term_average": 256428
    }, 
    {
        "accumulated_operating_revenue_yoy": 126.39505708885524, 
        "accumulated_operating_revenue": 1024132, 
        "long_term_average": 236708, 
        "date": "2013-04-30", 
        "operating_revenue": 254846, 
        "short_term_average": 242850
    }, 
    {
        "accumulated_operating_revenue_yoy": 120.7671429018256, 
        "accumulated_operating_revenue": 1270484, 
        "long_term_average": 246977, 
        "date": "2013-05-31", 
        "operating_revenue": 246352, 
        "short_term_average": 242999
    }, 
    {
        "accumulated_operating_revenue_yoy": 90.91593141583564, 
        "accumulated_operating_revenue": 1535029, 
        "long_term_average": 249977, 
        "date": "2013-06-30", 
        "operating_revenue": 264545, 
        "short_term_average": 255247
    }, 
    {
        "accumulated_operating_revenue_yoy": 76.13301848061239, 
        "accumulated_operating_revenue": 1814739, 
        "long_term_average": 254429, 
        "date": "2013-07-31", 
        "operating_revenue": 279710, 
        "short_term_average": 263535
    }, 
    {
        "accumulated_operating_revenue_yoy": 67.52572503586778, 
        "accumulated_operating_revenue": 2115803, 
        "long_term_average": 260130, 
        "date": "2013-08-31", 
        "operating_revenue": 301064, 
        "short_term_average": 281773
    }, 
    {
        "accumulated_operating_revenue_yoy": 60.166973350593224, 
        "accumulated_operating_revenue": 2395406, 
        "long_term_average": 264047, 
        "date": "2013-09-30", 
        "operating_revenue": 279603, 
        "short_term_average": 286792
    }, 
    {
        "accumulated_operating_revenue_yoy": 52.06064618093343, 
        "accumulated_operating_revenue": 2632407, 
        "long_term_average": 264165, 
        "date": "2013-10-31", 
        "operating_revenue": 237001, 
        "short_term_average": 272556
    }, 
    {
        "accumulated_operating_revenue_yoy": 43.199892216012735, 
        "accumulated_operating_revenue": 2859109, 
        "long_term_average": 260938, 
        "date": "2013-11-30", 
        "operating_revenue": 226702, 
        "short_term_average": 247768
    }, 
    {
        "accumulated_operating_revenue_yoy": 36.46226953586952, 
        "accumulated_operating_revenue": 3095970, 
        "long_term_average": 257997, 
        "date": "2013-12-31", 
        "operating_revenue": 236861, 
        "short_term_average": 233521
    }, 
    {
        "accumulated_operating_revenue_yoy": -29.50382634937175, 
        "accumulated_operating_revenue": 208374, 
        "long_term_average": 250730, 
        "date": "2014-01-31", 
        "operating_revenue": 208374, 
        "short_term_average": 223979
    }, 
    {
        "accumulated_operating_revenue_yoy": -29.651920825284495, 
        "accumulated_operating_revenue": 380925, 
        "long_term_average": 244617, 
        "date": "2014-02-28", 
        "operating_revenue": 172551, 
        "short_term_average": 205928
    }, 
    {
        "accumulated_operating_revenue_yoy": -9.997712164266606, 
        "accumulated_operating_revenue": 692375, 
        "long_term_average": 251588, 
        "date": "2014-03-31", 
        "operating_revenue": 311450, 
        "short_term_average": 230791
    }, 
    {
        "accumulated_operating_revenue_yoy": -4.434389317002106, 
        "accumulated_operating_revenue": 978718, 
        "long_term_average": 254213, 
        "date": "2014-04-30", 
        "operating_revenue": 286343, 
        "short_term_average": 256781
    }, 
    {
        "accumulated_operating_revenue_yoy": 0.052657097610044674, 
        "accumulated_operating_revenue": 1271153, 
        "long_term_average": 258053, 
        "date": "2014-05-31", 
        "operating_revenue": 292435, 
        "short_term_average": 296742
    }, 
    {
        "accumulated_operating_revenue_yoy": 7.367352668907233, 
        "accumulated_operating_revenue": 1648120, 
        "long_term_average": 267421, 
        "date": "2014-06-30", 
        "operating_revenue": 376967, 
        "short_term_average": 318581
    }, 
    {
        "accumulated_operating_revenue_yoy": 13.44832507594756, 
        "accumulated_operating_revenue": 2058791, 
        "long_term_average": 278335, 
        "date": "2014-07-31", 
        "operating_revenue": 410671, 
        "short_term_average": 360024
    }, 
    {
        "accumulated_operating_revenue_yoy": 15.297974338820769, 
        "accumulated_operating_revenue": 2439478, 
        "long_term_average": 284970, 
        "date": "2014-08-31", 
        "operating_revenue": 380687, 
        "short_term_average": 389441
    }, 
    {
        "accumulated_operating_revenue_yoy": 23.11182321493726, 
        "accumulated_operating_revenue": 2949028, 
        "long_term_average": 304132, 
        "date": "2014-09-30", 
        "operating_revenue": 509550, 
        "short_term_average": 433636
    }, 
    {
        "accumulated_operating_revenue_yoy": 32.52654319791735, 
        "accumulated_operating_revenue": 3488638, 
        "long_term_average": 329350, 
        "date": "2014-10-31", 
        "operating_revenue": 539610, 
        "short_term_average": 476615
    }, 
    {
        "accumulated_operating_revenue_yoy": 41.98388379036966, 
        "accumulated_operating_revenue": 4059474, 
        "long_term_average": 358027, 
        "date": "2014-11-30", 
        "operating_revenue": 570836, 
        "short_term_average": 539998
    }, 
    {
        "accumulated_operating_revenue_yoy": 63.18245977835703, 
        "accumulated_operating_revenue": 5052080, 
        "long_term_average": 421006, 
        "date": "2014-12-31", 
        "operating_revenue": 992606, 
        "short_term_average": 701017
    }, 
    {
        "accumulated_operating_revenue_yoy": 284.9870905199305, 
        "accumulated_operating_revenue": 802213, 
        "long_term_average": 470493, 
        "date": "2015-01-31", 
        "operating_revenue": 802213, 
        "short_term_average": 788551
    }, 
    {
        "accumulated_operating_revenue_yoy": 280.1800879438209, 
        "accumulated_operating_revenue": 1448201, 
        "long_term_average": 509946, 
        "date": "2015-02-28", 
        "operating_revenue": 645988, 
        "short_term_average": 813602
    }, 
    {
        "accumulated_operating_revenue_yoy": 244.64921465968587, 
        "accumulated_operating_revenue": 2386265, 
        "long_term_average": 562164, 
        "date": "2015-03-31", 
        "operating_revenue": 938064, 
        "short_term_average": 795421
    }, 
    {
        "accumulated_operating_revenue_yoy": 232.26118248565984, 
        "accumulated_operating_revenue": 3251900, 
        "long_term_average": 610438, 
        "date": "2015-04-30", 
        "operating_revenue": 865635, 
        "short_term_average": 816562
    }, 
    {
        "accumulated_operating_revenue_yoy": 219.47019752932965, 
        "accumulated_operating_revenue": 4060955, 
        "long_term_average": 653490, 
        "date": "2015-05-31", 
        "operating_revenue": 809055, 
        "short_term_average": 870918
    }, 
    {
        "accumulated_operating_revenue_yoy": 203.35297187098024, 
        "accumulated_operating_revenue": 4999621, 
        "long_term_average": 700298, 
        "date": "2015-06-30", 
        "operating_revenue": 938666, 
        "short_term_average": 871118
    }, 
    {
        "accumulated_operating_revenue_yoy": 185.48181918417168, 
        "accumulated_operating_revenue": 5877474, 
        "long_term_average": 739230, 
        "date": "2015-07-31", 
        "operating_revenue": 877853, 
        "short_term_average": 875191
    }, 
    {
        "accumulated_operating_revenue_yoy": 177.35224502946943, 
        "accumulated_operating_revenue": 6765947, 
        "long_term_average": 781545, 
        "date": "2015-08-31", 
        "operating_revenue": 888473, 
        "short_term_average": 901664
    }, 
    {
        "accumulated_operating_revenue_yoy": 164.41044303411158, 
        "accumulated_operating_revenue": 7797538, 
        "long_term_average": 825049, 
        "date": "2015-09-30", 
        "operating_revenue": 1031591, 
        "short_term_average": 932639
    }
]