[
    {
        "date": "2012-11-30", 
        "operating_revenue": 109509, 
        "accumulated_operating_revenue": 109509, 
        "long_term_average": 109509, 
        "short_term_average": 109509
    }, 
    {
        "date": "2012-12-31", 
        "operating_revenue": 162006, 
        "accumulated_operating_revenue": 271515, 
        "long_term_average": 135757, 
        "short_term_average": 135757
    }, 
    {
        "date": "2013-01-31", 
        "operating_revenue": 125221, 
        "accumulated_operating_revenue": 125221, 
        "long_term_average": 132245, 
        "short_term_average": 132245
    }, 
    {
        "date": "2013-02-28", 
        "operating_revenue": 75692, 
        "accumulated_operating_revenue": 200913, 
        "long_term_average": 118107, 
        "short_term_average": 120973
    }, 
    {
        "date": "2013-03-31", 
        "operating_revenue": 174009, 
        "accumulated_operating_revenue": 374922, 
        "long_term_average": 129287, 
        "short_term_average": 124974
    }, 
    {
        "date": "2013-04-30", 
        "operating_revenue": 173306, 
        "accumulated_operating_revenue": 548228, 
        "long_term_average": 136623, 
        "short_term_average": 141002
    }, 
    {
        "date": "2013-05-31", 
        "operating_revenue": 192063, 
        "accumulated_operating_revenue": 740291, 
        "long_term_average": 144543, 
        "short_term_average": 179792
    }, 
    {
        "date": "2013-06-30", 
        "operating_revenue": 137946, 
        "accumulated_operating_revenue": 878237, 
        "long_term_average": 143719, 
        "short_term_average": 167771
    }, 
    {
        "date": "2013-07-31", 
        "operating_revenue": 161366, 
        "accumulated_operating_revenue": 1039603, 
        "long_term_average": 145679, 
        "short_term_average": 163791
    }, 
    {
        "date": "2013-08-31", 
        "operating_revenue": 182080, 
        "accumulated_operating_revenue": 1221683, 
        "long_term_average": 149319, 
        "short_term_average": 160464
    }, 
    {
        "date": "2013-09-30", 
        "operating_revenue": 195325, 
        "accumulated_operating_revenue": 1417008, 
        "long_term_average": 153502, 
        "short_term_average": 179590
    }, 
    {
        "date": "2013-10-31", 
        "operating_revenue": 208648, 
        "accumulated_operating_revenue": 1625656, 
        "long_term_average": 158097, 
        "short_term_average": 195351
    }, 
    {
        "accumulated_operating_revenue_yoy": 1586.686025806098, 
        "accumulated_operating_revenue": 1847073, 
        "long_term_average": 167423, 
        "date": "2013-11-30", 
        "operating_revenue": 221417, 
        "short_term_average": 208463
    }, 
    {
        "accumulated_operating_revenue_yoy": 668.8304513562787, 
        "accumulated_operating_revenue": 2087490, 
        "long_term_average": 173957, 
        "date": "2013-12-31", 
        "operating_revenue": 240417, 
        "short_term_average": 223494
    }, 
    {
        "accumulated_operating_revenue_yoy": 46.30054064414116, 
        "accumulated_operating_revenue": 183199, 
        "long_term_average": 178789, 
        "date": "2014-01-31", 
        "operating_revenue": 183199, 
        "short_term_average": 215011
    }, 
    {
        "accumulated_operating_revenue_yoy": 74.99813352047902, 
        "accumulated_operating_revenue": 351594, 
        "long_term_average": 186514, 
        "date": "2014-02-28", 
        "operating_revenue": 168395, 
        "short_term_average": 197337
    }, 
    {
        "accumulated_operating_revenue_yoy": 50.48863496940697, 
        "accumulated_operating_revenue": 564215, 
        "long_term_average": 189731, 
        "date": "2014-03-31", 
        "operating_revenue": 212621, 
        "short_term_average": 188071
    }, 
    {
        "accumulated_operating_revenue_yoy": 49.279314445814514, 
        "accumulated_operating_revenue": 818391, 
        "long_term_average": 196471, 
        "date": "2014-04-30", 
        "operating_revenue": 254176, 
        "short_term_average": 211730
    }, 
    {
        "accumulated_operating_revenue_yoy": 51.53446414990862, 
        "accumulated_operating_revenue": 1121796, 
        "long_term_average": 205749, 
        "date": "2014-05-31", 
        "operating_revenue": 303405, 
        "short_term_average": 256734
    }, 
    {
        "accumulated_operating_revenue_yoy": 60.6745104111988, 
        "accumulated_operating_revenue": 1411103, 
        "long_term_average": 218363, 
        "date": "2014-06-30", 
        "operating_revenue": 289307, 
        "short_term_average": 282296
    }, 
    {
        "accumulated_operating_revenue_yoy": 62.2451070264322, 
        "accumulated_operating_revenue": 1686705, 
        "long_term_average": 227882, 
        "date": "2014-07-31", 
        "operating_revenue": 275602, 
        "short_term_average": 289438
    }, 
    {
        "accumulated_operating_revenue_yoy": 63.61298307335045, 
        "accumulated_operating_revenue": 1998832, 
        "long_term_average": 238719, 
        "date": "2014-08-31", 
        "operating_revenue": 312127, 
        "short_term_average": 292345
    }, 
    {
        "accumulated_operating_revenue_yoy": 64.08199530277882, 
        "accumulated_operating_revenue": 2325055, 
        "long_term_average": 249628, 
        "date": "2014-09-30", 
        "operating_revenue": 326223, 
        "short_term_average": 304650
    }, 
    {
        "accumulated_operating_revenue_yoy": 62.11455560093895, 
        "accumulated_operating_revenue": 2635425, 
        "long_term_average": 258104, 
        "date": "2014-10-31", 
        "operating_revenue": 310370, 
        "short_term_average": 316240
    }, 
    {
        "accumulated_operating_revenue_yoy": 59.84798651704616, 
        "accumulated_operating_revenue": 2952509, 
        "long_term_average": 266077, 
        "date": "2014-11-30", 
        "operating_revenue": 317084, 
        "short_term_average": 317892
    }, 
    {
        "accumulated_operating_revenue_yoy": 56.826475815453, 
        "accumulated_operating_revenue": 3273737, 
        "long_term_average": 272811, 
        "date": "2014-12-31", 
        "operating_revenue": 321228, 
        "short_term_average": 316227
    }, 
    {
        "accumulated_operating_revenue_yoy": 73.6783497726516, 
        "accumulated_operating_revenue": 318177, 
        "long_term_average": 284059, 
        "date": "2015-01-31", 
        "operating_revenue": 318177, 
        "short_term_average": 318829
    }, 
    {
        "accumulated_operating_revenue_yoy": 54.57089711428522, 
        "accumulated_operating_revenue": 543462, 
        "long_term_average": 288800, 
        "date": "2015-02-28", 
        "operating_revenue": 225285, 
        "short_term_average": 288230
    }, 
    {
        "accumulated_operating_revenue_yoy": 60.20896289535018, 
        "accumulated_operating_revenue": 903923, 
        "long_term_average": 301120, 
        "date": "2015-03-31", 
        "operating_revenue": 360461, 
        "short_term_average": 301307
    }, 
    {
        "accumulated_operating_revenue_yoy": 60.539399871210705, 
        "accumulated_operating_revenue": 1313840, 
        "long_term_average": 314098, 
        "date": "2015-04-30", 
        "operating_revenue": 409917, 
        "short_term_average": 331887
    }, 
    {
        "accumulated_operating_revenue_yoy": 55.56117154990747, 
        "accumulated_operating_revenue": 1745079, 
        "long_term_average": 324751, 
        "date": "2015-05-31", 
        "operating_revenue": 431239, 
        "short_term_average": 400539
    }, 
    {
        "accumulated_operating_revenue_yoy": 52.41254536344972, 
        "accumulated_operating_revenue": 2150698, 
        "long_term_average": 334444, 
        "date": "2015-06-30", 
        "operating_revenue": 405619, 
        "short_term_average": 415591
    }, 
    {
        "accumulated_operating_revenue_yoy": 50.04396145146899, 
        "accumulated_operating_revenue": 2530799, 
        "long_term_average": 343152, 
        "date": "2015-07-31", 
        "operating_revenue": 380101, 
        "short_term_average": 405653
    }, 
    {
        "accumulated_operating_revenue_yoy": 46.32735517542245, 
        "accumulated_operating_revenue": 2924838, 
        "long_term_average": 349978, 
        "date": "2015-08-31", 
        "operating_revenue": 394039, 
        "short_term_average": 393253
    }, 
    {
        "accumulated_operating_revenue_yoy": 43.82507080477666, 
        "accumulated_operating_revenue": 3344012, 
        "long_term_average": 357724, 
        "date": "2015-09-30", 
        "operating_revenue": 419174, 
        "short_term_average": 397771
    }
]