[
    {
        "date": "2012-04-30", 
        "operating_revenue": 32506, 
        "accumulated_operating_revenue": 32506, 
        "long_term_average": 32506, 
        "short_term_average": 32506
    }, 
    {
        "date": "2012-05-31", 
        "operating_revenue": 32909, 
        "accumulated_operating_revenue": 65415, 
        "long_term_average": 32707, 
        "short_term_average": 32707
    }, 
    {
        "date": "2012-06-30", 
        "operating_revenue": 37113, 
        "accumulated_operating_revenue": 102528, 
        "long_term_average": 34176, 
        "short_term_average": 34176
    }, 
    {
        "date": "2012-07-31", 
        "operating_revenue": 40581, 
        "accumulated_operating_revenue": 143109, 
        "long_term_average": 35777, 
        "short_term_average": 36867
    }, 
    {
        "date": "2012-08-31", 
        "operating_revenue": 39838, 
        "accumulated_operating_revenue": 182947, 
        "long_term_average": 36589, 
        "short_term_average": 39177
    }, 
    {
        "date": "2012-09-30", 
        "operating_revenue": 40675, 
        "accumulated_operating_revenue": 223622, 
        "long_term_average": 37270, 
        "short_term_average": 40364
    }, 
    {
        "date": "2012-10-31", 
        "operating_revenue": 41839, 
        "accumulated_operating_revenue": 265461, 
        "long_term_average": 37923, 
        "short_term_average": 40784
    }, 
    {
        "date": "2012-11-30", 
        "operating_revenue": 42454, 
        "accumulated_operating_revenue": 307915, 
        "long_term_average": 38489, 
        "short_term_average": 41656
    }, 
    {
        "date": "2012-12-31", 
        "operating_revenue": 40696, 
        "accumulated_operating_revenue": 348611, 
        "long_term_average": 38734, 
        "short_term_average": 41663
    }, 
    {
        "date": "2013-01-31", 
        "operating_revenue": 41046, 
        "accumulated_operating_revenue": 41046, 
        "long_term_average": 38965, 
        "short_term_average": 41398
    }, 
    {
        "date": "2013-02-28", 
        "operating_revenue": 35276, 
        "accumulated_operating_revenue": 76322, 
        "long_term_average": 38630, 
        "short_term_average": 39006
    }, 
    {
        "date": "2013-03-31", 
        "operating_revenue": 56179, 
        "accumulated_operating_revenue": 132501, 
        "long_term_average": 40092, 
        "short_term_average": 44167
    }, 
    {
        "accumulated_operating_revenue_yoy": 441.37082384790494, 
        "accumulated_operating_revenue": 175978, 
        "long_term_average": 41006, 
        "date": "2013-04-30", 
        "operating_revenue": 43477, 
        "short_term_average": 44977
    }, 
    {
        "accumulated_operating_revenue_yoy": 251.86425131850493, 
        "accumulated_operating_revenue": 230172, 
        "long_term_average": 42780, 
        "date": "2013-05-31", 
        "operating_revenue": 54194, 
        "short_term_average": 51283
    }, 
    {
        "accumulated_operating_revenue_yoy": 180.15078807740326, 
        "accumulated_operating_revenue": 287233, 
        "long_term_average": 44443, 
        "date": "2013-06-30", 
        "operating_revenue": 57061, 
        "short_term_average": 51577
    }, 
    {
        "accumulated_operating_revenue_yoy": 133.19497725509925, 
        "accumulated_operating_revenue": 333723, 
        "long_term_average": 44935, 
        "date": "2013-07-31", 
        "operating_revenue": 46490, 
        "short_term_average": 52581
    }, 
    {
        "accumulated_operating_revenue_yoy": 109.11630144249426, 
        "accumulated_operating_revenue": 382572, 
        "long_term_average": 45686, 
        "date": "2013-08-31", 
        "operating_revenue": 48849, 
        "short_term_average": 50800
    }, 
    {
        "accumulated_operating_revenue_yoy": 89.5292055343392, 
        "accumulated_operating_revenue": 423829, 
        "long_term_average": 45734, 
        "date": "2013-09-30", 
        "operating_revenue": 41257, 
        "short_term_average": 45532
    }, 
    {
        "accumulated_operating_revenue_yoy": 74.93115749582802, 
        "accumulated_operating_revenue": 464374, 
        "long_term_average": 45627, 
        "date": "2013-10-31", 
        "operating_revenue": 40545, 
        "short_term_average": 43550
    }, 
    {
        "accumulated_operating_revenue_yoy": 66.11337544452202, 
        "accumulated_operating_revenue": 511488, 
        "long_term_average": 46015, 
        "date": "2013-11-30", 
        "operating_revenue": 47114, 
        "short_term_average": 42972
    }, 
    {
        "accumulated_operating_revenue_yoy": 59.40805080734687, 
        "accumulated_operating_revenue": 555714, 
        "long_term_average": 46309, 
        "date": "2013-12-31", 
        "operating_revenue": 44226, 
        "short_term_average": 43961
    }, 
    {
        "accumulated_operating_revenue_yoy": -22.730594942259906, 
        "accumulated_operating_revenue": 31716, 
        "long_term_average": 45532, 
        "date": "2014-01-31", 
        "operating_revenue": 31716, 
        "short_term_average": 41018
    }, 
    {
        "accumulated_operating_revenue_yoy": -1.9692880165614108, 
        "accumulated_operating_revenue": 74819, 
        "long_term_average": 46184, 
        "date": "2014-02-28", 
        "operating_revenue": 43103, 
        "short_term_average": 39681
    }, 
    {
        "accumulated_operating_revenue_yoy": -5.805239205741843, 
        "accumulated_operating_revenue": 124809, 
        "long_term_average": 45668, 
        "date": "2014-03-31", 
        "operating_revenue": 49990, 
        "short_term_average": 41603
    }, 
    {
        "accumulated_operating_revenue_yoy": -4.7579811112752735, 
        "accumulated_operating_revenue": 167605, 
        "long_term_average": 45611, 
        "date": "2014-04-30", 
        "operating_revenue": 42796, 
        "short_term_average": 45296
    }, 
    {
        "accumulated_operating_revenue_yoy": -10.389187216516344, 
        "accumulated_operating_revenue": 206259, 
        "long_term_average": 44316, 
        "date": "2014-05-31", 
        "operating_revenue": 38654, 
        "short_term_average": 43813
    }, 
    {
        "accumulated_operating_revenue_yoy": -9.989799222234213, 
        "accumulated_operating_revenue": 258539, 
        "long_term_average": 43918, 
        "date": "2014-06-30", 
        "operating_revenue": 52280, 
        "short_term_average": 44576
    }, 
    {
        "accumulated_operating_revenue_yoy": -12.21971515298616, 
        "accumulated_operating_revenue": 292943, 
        "long_term_average": 42911, 
        "date": "2014-07-31", 
        "operating_revenue": 34404, 
        "short_term_average": 41779
    }, 
    {
        "accumulated_operating_revenue_yoy": -12.33048942421296, 
        "accumulated_operating_revenue": 335399, 
        "long_term_average": 42378, 
        "date": "2014-08-31", 
        "operating_revenue": 42456, 
        "short_term_average": 43046
    }, 
    {
        "accumulated_operating_revenue_yoy": -10.46530558314792, 
        "accumulated_operating_revenue": 379474, 
        "long_term_average": 42613, 
        "date": "2014-09-30", 
        "operating_revenue": 44075, 
        "short_term_average": 40311
    }, 
    {
        "accumulated_operating_revenue_yoy": -7.940367031745963, 
        "accumulated_operating_revenue": 427501, 
        "long_term_average": 43236, 
        "date": "2014-10-31", 
        "operating_revenue": 48027, 
        "short_term_average": 44852
    }, 
    {
        "accumulated_operating_revenue_yoy": -6.9135541791791795, 
        "accumulated_operating_revenue": 476126, 
        "long_term_average": 43362, 
        "date": "2014-11-30", 
        "operating_revenue": 48625, 
        "short_term_average": 46909
    }, 
    {
        "accumulated_operating_revenue_yoy": -7.6123689523747835, 
        "accumulated_operating_revenue": 513411, 
        "long_term_average": 42784, 
        "date": "2014-12-31", 
        "operating_revenue": 37285, 
        "short_term_average": 44645
    }, 
    {
        "accumulated_operating_revenue_yoy": 5.073149199142389, 
        "accumulated_operating_revenue": 33325, 
        "long_term_average": 42918, 
        "date": "2015-01-31", 
        "operating_revenue": 33325, 
        "short_term_average": 39745
    }, 
    {
        "accumulated_operating_revenue_yoy": -14.06460925700691, 
        "accumulated_operating_revenue": 64296, 
        "long_term_average": 41907, 
        "date": "2015-02-28", 
        "operating_revenue": 30971, 
        "short_term_average": 33860
    }, 
    {
        "accumulated_operating_revenue_yoy": -18.078023219479363, 
        "accumulated_operating_revenue": 102246, 
        "long_term_average": 40904, 
        "date": "2015-03-31", 
        "operating_revenue": 37950, 
        "short_term_average": 34082
    }, 
    {
        "accumulated_operating_revenue_yoy": -15.8455893320605, 
        "accumulated_operating_revenue": 141047, 
        "long_term_average": 40571, 
        "date": "2015-04-30", 
        "operating_revenue": 38801, 
        "short_term_average": 35907
    }, 
    {
        "accumulated_operating_revenue_yoy": -15.764160594204373, 
        "accumulated_operating_revenue": 173744, 
        "long_term_average": 40074, 
        "date": "2015-05-31", 
        "operating_revenue": 32697, 
        "short_term_average": 36482
    }, 
    {
        "accumulated_operating_revenue_yoy": -17.90793652021552, 
        "accumulated_operating_revenue": 212240, 
        "long_term_average": 38926, 
        "date": "2015-06-30", 
        "operating_revenue": 38496, 
        "short_term_average": 36664
    }, 
    {
        "accumulated_operating_revenue_yoy": -16.48853189869702, 
        "accumulated_operating_revenue": 244641, 
        "long_term_average": 38759, 
        "date": "2015-07-31", 
        "operating_revenue": 32401, 
        "short_term_average": 34531
    }, 
    {
        "accumulated_operating_revenue_yoy": -18.470538075545843, 
        "accumulated_operating_revenue": 273449, 
        "long_term_average": 37621, 
        "date": "2015-08-31", 
        "operating_revenue": 28808, 
        "short_term_average": 33235
    }, 
    {
        "accumulated_operating_revenue_yoy": -18.608653030247133, 
        "accumulated_operating_revenue": 308859, 
        "long_term_average": 36899, 
        "date": "2015-09-30", 
        "operating_revenue": 35410, 
        "short_term_average": 32206
    }
]