[
    {
        "date": "2013-06-30", 
        "operating_revenue": 119854, 
        "accumulated_operating_revenue": 119854, 
        "long_term_average": 119854, 
        "short_term_average": 119854
    }, 
    {
        "date": "2013-07-31", 
        "operating_revenue": 126047, 
        "accumulated_operating_revenue": 245901, 
        "long_term_average": 122950, 
        "short_term_average": 122950
    }, 
    {
        "date": "2013-08-31", 
        "operating_revenue": 136428, 
        "accumulated_operating_revenue": 382329, 
        "long_term_average": 127443, 
        "short_term_average": 127443
    }, 
    {
        "date": "2013-09-30", 
        "operating_revenue": 138732, 
        "accumulated_operating_revenue": 521061, 
        "long_term_average": 130265, 
        "short_term_average": 133735
    }, 
    {
        "date": "2013-10-31", 
        "operating_revenue": 130883, 
        "accumulated_operating_revenue": 651944, 
        "long_term_average": 130388, 
        "short_term_average": 135347
    }, 
    {
        "date": "2013-11-30", 
        "operating_revenue": 146387, 
        "accumulated_operating_revenue": 798331, 
        "long_term_average": 133055, 
        "short_term_average": 138667
    }, 
    {
        "date": "2013-12-31", 
        "operating_revenue": 146948, 
        "accumulated_operating_revenue": 945279, 
        "long_term_average": 135039, 
        "short_term_average": 141406
    }, 
    {
        "date": "2014-01-31", 
        "operating_revenue": 141674, 
        "accumulated_operating_revenue": 141674, 
        "long_term_average": 135869, 
        "short_term_average": 145003
    }, 
    {
        "date": "2014-02-28", 
        "operating_revenue": 118673, 
        "accumulated_operating_revenue": 260347, 
        "long_term_average": 133958, 
        "short_term_average": 135765
    }, 
    {
        "date": "2014-03-31", 
        "operating_revenue": 165261, 
        "accumulated_operating_revenue": 425608, 
        "long_term_average": 137088, 
        "short_term_average": 141869
    }, 
    {
        "date": "2014-04-30", 
        "operating_revenue": 171180, 
        "accumulated_operating_revenue": 596788, 
        "long_term_average": 140187, 
        "short_term_average": 151704
    }, 
    {
        "date": "2014-05-31", 
        "operating_revenue": 155077, 
        "accumulated_operating_revenue": 751865, 
        "long_term_average": 141428, 
        "short_term_average": 163839
    }, 
    {
        "accumulated_operating_revenue_yoy": 657.6684966709497, 
        "accumulated_operating_revenue": 908096, 
        "long_term_average": 144460, 
        "date": "2014-06-30", 
        "operating_revenue": 156231, 
        "short_term_average": 160829
    }, 
    {
        "accumulated_operating_revenue_yoy": 337.85222508245187, 
        "accumulated_operating_revenue": 1076683, 
        "long_term_average": 148005, 
        "date": "2014-07-31", 
        "operating_revenue": 168587, 
        "short_term_average": 159965
    }, 
    {
        "accumulated_operating_revenue_yoy": 225.1594830630164, 
        "accumulated_operating_revenue": 1243179, 
        "long_term_average": 150510, 
        "date": "2014-08-31", 
        "operating_revenue": 166496, 
        "short_term_average": 163771
    }, 
    {
        "accumulated_operating_revenue_yoy": 172.5755717660696, 
        "accumulated_operating_revenue": 1420285, 
        "long_term_average": 153708, 
        "date": "2014-09-30", 
        "operating_revenue": 177106, 
        "short_term_average": 170729
    }, 
    {
        "accumulated_operating_revenue_yoy": 144.6225442676058, 
        "accumulated_operating_revenue": 1594802, 
        "long_term_average": 157344, 
        "date": "2014-10-31", 
        "operating_revenue": 174517, 
        "short_term_average": 172706
    }, 
    {
        "accumulated_operating_revenue_yoy": 122.61693457976703, 
        "accumulated_operating_revenue": 1777220, 
        "long_term_average": 160347, 
        "date": "2014-11-30", 
        "operating_revenue": 182418, 
        "short_term_average": 178013
    }, 
    {
        "accumulated_operating_revenue_yoy": 107.2652624251676, 
        "accumulated_operating_revenue": 1959235, 
        "long_term_average": 163269, 
        "date": "2014-12-31", 
        "operating_revenue": 182015, 
        "short_term_average": 179650
    }, 
    {
        "accumulated_operating_revenue_yoy": 46.29430947103915, 
        "accumulated_operating_revenue": 207261, 
        "long_term_average": 168735, 
        "date": "2015-01-31", 
        "operating_revenue": 207261, 
        "short_term_average": 190564
    }, 
    {
        "accumulated_operating_revenue_yoy": 15.158231129991895, 
        "accumulated_operating_revenue": 299811, 
        "long_term_average": 166558, 
        "date": "2015-02-28", 
        "operating_revenue": 92550, 
        "short_term_average": 160608
    }, 
    {
        "accumulated_operating_revenue_yoy": 12.411185879964663, 
        "accumulated_operating_revenue": 478431, 
        "long_term_average": 167671, 
        "date": "2015-03-31", 
        "operating_revenue": 178620, 
        "short_term_average": 159477
    }, 
    {
        "accumulated_operating_revenue_yoy": 9.291239099981903, 
        "accumulated_operating_revenue": 652237, 
        "long_term_average": 167890, 
        "date": "2015-04-30", 
        "operating_revenue": 173806, 
        "short_term_average": 148325
    }, 
    {
        "accumulated_operating_revenue_yoy": 8.09241020661954, 
        "accumulated_operating_revenue": 812709, 
        "long_term_average": 168339, 
        "date": "2015-05-31", 
        "operating_revenue": 160472, 
        "short_term_average": 170966
    }, 
    {
        "accumulated_operating_revenue_yoy": 9.120731728804003, 
        "accumulated_operating_revenue": 990921, 
        "long_term_average": 170171, 
        "date": "2015-06-30", 
        "operating_revenue": 178212, 
        "short_term_average": 170830
    }, 
    {
        "accumulated_operating_revenue_yoy": 8.15486080861312, 
        "accumulated_operating_revenue": 1164485, 
        "long_term_average": 170586, 
        "date": "2015-07-31", 
        "operating_revenue": 173564, 
        "short_term_average": 170749
    }, 
    {
        "accumulated_operating_revenue_yoy": 7.579680802201453, 
        "accumulated_operating_revenue": 1337408, 
        "long_term_average": 171122, 
        "date": "2015-08-31", 
        "operating_revenue": 172923, 
        "short_term_average": 174899
    }, 
    {
        "accumulated_operating_revenue_yoy": 7.090619136300108, 
        "accumulated_operating_revenue": 1520992, 
        "long_term_average": 171661, 
        "date": "2015-09-30", 
        "operating_revenue": 183584, 
        "short_term_average": 176690
    }
]