[
    {
        "date": "2012-07-31", 
        "operating_revenue": 51074, 
        "accumulated_operating_revenue": 51074, 
        "long_term_average": 51074, 
        "short_term_average": 51074
    }, 
    {
        "date": "2012-08-31", 
        "operating_revenue": 45020, 
        "accumulated_operating_revenue": 96094, 
        "long_term_average": 48047, 
        "short_term_average": 48047
    }, 
    {
        "date": "2012-09-30", 
        "operating_revenue": 41683, 
        "accumulated_operating_revenue": 137777, 
        "long_term_average": 45925, 
        "short_term_average": 45925
    }, 
    {
        "date": "2012-10-31", 
        "operating_revenue": 39393, 
        "accumulated_operating_revenue": 177170, 
        "long_term_average": 44292, 
        "short_term_average": 42032
    }, 
    {
        "date": "2012-11-30", 
        "operating_revenue": 38691, 
        "accumulated_operating_revenue": 215861, 
        "long_term_average": 43172, 
        "short_term_average": 39922
    }, 
    {
        "date": "2012-12-31", 
        "operating_revenue": 24066, 
        "accumulated_operating_revenue": 239927, 
        "long_term_average": 39987, 
        "short_term_average": 34050
    }, 
    {
        "date": "2013-01-31", 
        "operating_revenue": 31684, 
        "accumulated_operating_revenue": 31684, 
        "long_term_average": 38801, 
        "short_term_average": 31480
    }, 
    {
        "date": "2013-02-28", 
        "operating_revenue": 20637, 
        "accumulated_operating_revenue": 52321, 
        "long_term_average": 36531, 
        "short_term_average": 25462
    }, 
    {
        "date": "2013-03-31", 
        "operating_revenue": 28827, 
        "accumulated_operating_revenue": 81148, 
        "long_term_average": 35675, 
        "short_term_average": 27049
    }, 
    {
        "date": "2013-04-30", 
        "operating_revenue": 33706, 
        "accumulated_operating_revenue": 114854, 
        "long_term_average": 35478, 
        "short_term_average": 27723
    }, 
    {
        "date": "2013-05-31", 
        "operating_revenue": 36573, 
        "accumulated_operating_revenue": 151427, 
        "long_term_average": 35577, 
        "short_term_average": 33035
    }, 
    {
        "date": "2013-06-30", 
        "operating_revenue": 36455, 
        "accumulated_operating_revenue": 187882, 
        "long_term_average": 35650, 
        "short_term_average": 35578
    }, 
    {
        "accumulated_operating_revenue_yoy": 341.89215647883464, 
        "accumulated_operating_revenue": 225692, 
        "long_term_average": 34545, 
        "date": "2013-07-31", 
        "operating_revenue": 37810, 
        "short_term_average": 36946
    }, 
    {
        "accumulated_operating_revenue_yoy": 172.35207192956895, 
        "accumulated_operating_revenue": 261714, 
        "long_term_average": 33795, 
        "date": "2013-08-31", 
        "operating_revenue": 36022, 
        "short_term_average": 36762
    }, 
    {
        "accumulated_operating_revenue_yoy": 116.49549634554388, 
        "accumulated_operating_revenue": 298281, 
        "long_term_average": 33369, 
        "date": "2013-09-30", 
        "operating_revenue": 36567, 
        "short_term_average": 36799
    }, 
    {
        "accumulated_operating_revenue_yoy": 93.52373426652368, 
        "accumulated_operating_revenue": 342866, 
        "long_term_average": 33801, 
        "date": "2013-10-31", 
        "operating_revenue": 44585, 
        "short_term_average": 39058
    }, 
    {
        "accumulated_operating_revenue_yoy": 78.03215958417685, 
        "accumulated_operating_revenue": 384302, 
        "long_term_average": 34030, 
        "date": "2013-11-30", 
        "operating_revenue": 41436, 
        "short_term_average": 40862
    }, 
    {
        "accumulated_operating_revenue_yoy": 82.12039495346501, 
        "accumulated_operating_revenue": 436956, 
        "long_term_average": 36413, 
        "date": "2013-12-31", 
        "operating_revenue": 52654, 
        "short_term_average": 46225
    }, 
    {
        "accumulated_operating_revenue_yoy": 49.82956697386693, 
        "accumulated_operating_revenue": 47472, 
        "long_term_average": 37728, 
        "date": "2014-01-31", 
        "operating_revenue": 47472, 
        "short_term_average": 47187
    }, 
    {
        "accumulated_operating_revenue_yoy": 80.04243038168231, 
        "accumulated_operating_revenue": 94200, 
        "long_term_average": 39902, 
        "date": "2014-02-28", 
        "operating_revenue": 46728, 
        "short_term_average": 48951
    }, 
    {
        "accumulated_operating_revenue_yoy": 69.04914477251441, 
        "accumulated_operating_revenue": 137180, 
        "long_term_average": 41082, 
        "date": "2014-03-31", 
        "operating_revenue": 42980, 
        "short_term_average": 45726
    }, 
    {
        "accumulated_operating_revenue_yoy": 53.63243770351925, 
        "accumulated_operating_revenue": 176453, 
        "long_term_average": 41546, 
        "date": "2014-04-30", 
        "operating_revenue": 39273, 
        "short_term_average": 42993
    }, 
    {
        "accumulated_operating_revenue_yoy": 45.656983232844865, 
        "accumulated_operating_revenue": 220564, 
        "long_term_average": 42174, 
        "date": "2014-05-31", 
        "operating_revenue": 44111, 
        "short_term_average": 42121
    }, 
    {
        "accumulated_operating_revenue_yoy": 39.96444576915298, 
        "accumulated_operating_revenue": 262968, 
        "long_term_average": 42670, 
        "date": "2014-06-30", 
        "operating_revenue": 42404, 
        "short_term_average": 41929
    }, 
    {
        "accumulated_operating_revenue_yoy": 35.408432731332965, 
        "accumulated_operating_revenue": 305606, 
        "long_term_average": 43072, 
        "date": "2014-07-31", 
        "operating_revenue": 42638, 
        "short_term_average": 43051
    }, 
    {
        "accumulated_operating_revenue_yoy": 32.41744805398259, 
        "accumulated_operating_revenue": 346555, 
        "long_term_average": 43483, 
        "date": "2014-08-31", 
        "operating_revenue": 40949, 
        "short_term_average": 41997
    }, 
    {
        "accumulated_operating_revenue_yoy": 28.649159684995023, 
        "accumulated_operating_revenue": 383736, 
        "long_term_average": 43534, 
        "date": "2014-09-30", 
        "operating_revenue": 37181, 
        "short_term_average": 40256
    }, 
    {
        "accumulated_operating_revenue_yoy": 22.438795331120613, 
        "accumulated_operating_revenue": 419801, 
        "long_term_average": 42824, 
        "date": "2014-10-31", 
        "operating_revenue": 36065, 
        "short_term_average": 38065
    }, 
    {
        "accumulated_operating_revenue_yoy": 19.29966536734131, 
        "accumulated_operating_revenue": 458471, 
        "long_term_average": 42593, 
        "date": "2014-11-30", 
        "operating_revenue": 38670, 
        "short_term_average": 37305
    }, 
    {
        "accumulated_operating_revenue_yoy": 13.230393906937998, 
        "accumulated_operating_revenue": 494767, 
        "long_term_average": 41230, 
        "date": "2014-12-31", 
        "operating_revenue": 36296, 
        "short_term_average": 37010
    }, 
    {
        "accumulated_operating_revenue_yoy": 3.2124199528142903, 
        "accumulated_operating_revenue": 48997, 
        "long_term_average": 41357, 
        "date": "2015-01-31", 
        "operating_revenue": 48997, 
        "short_term_average": 41321
    }, 
    {
        "accumulated_operating_revenue_yoy": -5.195329087048832, 
        "accumulated_operating_revenue": 89306, 
        "long_term_average": 40822, 
        "date": "2015-02-28", 
        "operating_revenue": 40309, 
        "short_term_average": 41867
    }, 
    {
        "accumulated_operating_revenue_yoy": 0.5525586820236186, 
        "accumulated_operating_revenue": 137938, 
        "long_term_average": 41293, 
        "date": "2015-03-31", 
        "operating_revenue": 48632, 
        "short_term_average": 45979
    }, 
    {
        "accumulated_operating_revenue_yoy": -0.71747150799363, 
        "accumulated_operating_revenue": 175187, 
        "long_term_average": 41125, 
        "date": "2015-04-30", 
        "operating_revenue": 37249, 
        "short_term_average": 42063
    }, 
    {
        "accumulated_operating_revenue_yoy": -0.27112312072686384, 
        "accumulated_operating_revenue": 219966, 
        "long_term_average": 41180, 
        "date": "2015-05-31", 
        "operating_revenue": 44779, 
        "short_term_average": 43553
    }, 
    {
        "accumulated_operating_revenue_yoy": 1.4153813391743482, 
        "accumulated_operating_revenue": 266690, 
        "long_term_average": 41540, 
        "date": "2015-06-30", 
        "operating_revenue": 46724, 
        "short_term_average": 42917
    }, 
    {
        "accumulated_operating_revenue_yoy": 2.052315726785469, 
        "accumulated_operating_revenue": 311878, 
        "long_term_average": 41753, 
        "date": "2015-07-31", 
        "operating_revenue": 45188, 
        "short_term_average": 45563
    }, 
    {
        "accumulated_operating_revenue_yoy": 2.3649925697219776, 
        "accumulated_operating_revenue": 354751, 
        "long_term_average": 41913, 
        "date": "2015-08-31", 
        "operating_revenue": 42873, 
        "short_term_average": 44928
    }
]