[
    {
        "date": "2013-10-31", 
        "operating_revenue": 89676, 
        "accumulated_operating_revenue": 89676, 
        "long_term_average": 89676, 
        "short_term_average": 89676
    }, 
    {
        "date": "2013-11-30", 
        "operating_revenue": 102894, 
        "accumulated_operating_revenue": 192570, 
        "long_term_average": 96285, 
        "short_term_average": 96285
    }, 
    {
        "date": "2013-12-31", 
        "operating_revenue": 82547, 
        "accumulated_operating_revenue": 275117, 
        "long_term_average": 91705, 
        "short_term_average": 91705
    }, 
    {
        "date": "2014-01-31", 
        "operating_revenue": 90054, 
        "accumulated_operating_revenue": 90054, 
        "long_term_average": 91292, 
        "short_term_average": 91831
    }, 
    {
        "date": "2014-02-28", 
        "operating_revenue": 52312, 
        "accumulated_operating_revenue": 142366, 
        "long_term_average": 83496, 
        "short_term_average": 74971
    }, 
    {
        "date": "2014-03-31", 
        "operating_revenue": 114619, 
        "accumulated_operating_revenue": 256985, 
        "long_term_average": 88683, 
        "short_term_average": 85661
    }, 
    {
        "date": "2014-04-30", 
        "operating_revenue": 123411, 
        "accumulated_operating_revenue": 380396, 
        "long_term_average": 93644, 
        "short_term_average": 96780
    }, 
    {
        "date": "2014-05-31", 
        "operating_revenue": 145418, 
        "accumulated_operating_revenue": 525814, 
        "long_term_average": 100116, 
        "short_term_average": 127816
    }, 
    {
        "date": "2014-06-30", 
        "operating_revenue": 121210, 
        "accumulated_operating_revenue": 647024, 
        "long_term_average": 102460, 
        "short_term_average": 130013
    }, 
    {
        "date": "2014-07-31", 
        "operating_revenue": 90824, 
        "accumulated_operating_revenue": 737848, 
        "long_term_average": 101296, 
        "short_term_average": 119150
    }, 
    {
        "date": "2014-08-31", 
        "operating_revenue": 91400, 
        "accumulated_operating_revenue": 829248, 
        "long_term_average": 100396, 
        "short_term_average": 101144
    }, 
    {
        "date": "2014-09-30", 
        "operating_revenue": 63772, 
        "accumulated_operating_revenue": 893020, 
        "long_term_average": 97344, 
        "short_term_average": 81998
    }, 
    {
        "accumulated_operating_revenue_yoy": 958.2831526829921, 
        "accumulated_operating_revenue": 949026, 
        "long_term_average": 94538, 
        "date": "2014-10-31", 
        "operating_revenue": 56006, 
        "short_term_average": 70392
    }, 
    {
        "accumulated_operating_revenue_yoy": 411.33302175832165, 
        "accumulated_operating_revenue": 984674, 
        "long_term_average": 88935, 
        "date": "2014-11-30", 
        "operating_revenue": 35648, 
        "short_term_average": 51808
    }, 
    {
        "accumulated_operating_revenue_yoy": 263.57149867147433, 
        "accumulated_operating_revenue": 1000247, 
        "long_term_average": 83353, 
        "date": "2014-12-31", 
        "operating_revenue": 15573, 
        "short_term_average": 35742
    }, 
    {
        "accumulated_operating_revenue_yoy": -49.327070424412014, 
        "accumulated_operating_revenue": 45633, 
        "long_term_average": 79652, 
        "date": "2015-01-31", 
        "operating_revenue": 45633, 
        "short_term_average": 32284
    }, 
    {
        "accumulated_operating_revenue_yoy": -63.31638172035458, 
        "accumulated_operating_revenue": 52225, 
        "long_term_average": 75842, 
        "date": "2015-02-28", 
        "operating_revenue": 6592, 
        "short_term_average": 22599
    }, 
    {
        "accumulated_operating_revenue_yoy": -60.401190730976516, 
        "accumulated_operating_revenue": 101763, 
        "long_term_average": 70418, 
        "date": "2015-03-31", 
        "operating_revenue": 49538, 
        "short_term_average": 33921
    }, 
    {
        "accumulated_operating_revenue_yoy": -59.897317532255855, 
        "accumulated_operating_revenue": 152549, 
        "long_term_average": 64366, 
        "date": "2015-04-30", 
        "operating_revenue": 50786, 
        "short_term_average": 35638
    }, 
    {
        "accumulated_operating_revenue_yoy": -64.7867877234155, 
        "accumulated_operating_revenue": 185156, 
        "long_term_average": 54965, 
        "date": "2015-05-31", 
        "operating_revenue": 32607, 
        "short_term_average": 44310
    }, 
    {
        "accumulated_operating_revenue_yoy": -65.60807636192784, 
        "accumulated_operating_revenue": 222524, 
        "long_term_average": 47978, 
        "date": "2015-06-30", 
        "operating_revenue": 37368, 
        "short_term_average": 40253
    }, 
    {
        "accumulated_operating_revenue_yoy": -66.04788520128807, 
        "accumulated_operating_revenue": 250515, 
        "long_term_average": 42742, 
        "date": "2015-07-31", 
        "operating_revenue": 27991, 
        "short_term_average": 32655
    }, 
    {
        "accumulated_operating_revenue_yoy": -65.26153816469862, 
        "accumulated_operating_revenue": 288068, 
        "long_term_average": 38255, 
        "date": "2015-08-31", 
        "operating_revenue": 37553, 
        "short_term_average": 34304
    }, 
    {
        "accumulated_operating_revenue_yoy": -63.78815704015588, 
        "accumulated_operating_revenue": 323379, 
        "long_term_average": 35883, 
        "date": "2015-09-30", 
        "operating_revenue": 35311, 
        "short_term_average": 33618
    }
]