[
    {
        "date": "2013-06-30", 
        "operating_revenue": 57533, 
        "accumulated_operating_revenue": 57533, 
        "long_term_average": 57533, 
        "short_term_average": 57533
    }, 
    {
        "date": "2013-07-31", 
        "operating_revenue": 62215, 
        "accumulated_operating_revenue": 119748, 
        "long_term_average": 59874, 
        "short_term_average": 59874
    }, 
    {
        "date": "2013-08-31", 
        "operating_revenue": 69434, 
        "accumulated_operating_revenue": 189182, 
        "long_term_average": 63060, 
        "short_term_average": 63060
    }, 
    {
        "date": "2013-09-30", 
        "operating_revenue": 70894, 
        "accumulated_operating_revenue": 260076, 
        "long_term_average": 65019, 
        "short_term_average": 67514
    }, 
    {
        "date": "2013-10-31", 
        "operating_revenue": 58620, 
        "accumulated_operating_revenue": 318696, 
        "long_term_average": 63739, 
        "short_term_average": 66316
    }, 
    {
        "date": "2013-11-30", 
        "operating_revenue": 71152, 
        "accumulated_operating_revenue": 389848, 
        "long_term_average": 64974, 
        "short_term_average": 66888
    }, 
    {
        "date": "2013-12-31", 
        "operating_revenue": 67706, 
        "accumulated_operating_revenue": 457554, 
        "long_term_average": 65364, 
        "short_term_average": 65826
    }, 
    {
        "date": "2014-01-31", 
        "operating_revenue": 69912, 
        "accumulated_operating_revenue": 69912, 
        "long_term_average": 65933, 
        "short_term_average": 69590
    }, 
    {
        "date": "2014-02-28", 
        "operating_revenue": 50589, 
        "accumulated_operating_revenue": 120501, 
        "long_term_average": 64228, 
        "short_term_average": 62735
    }, 
    {
        "date": "2014-03-31", 
        "operating_revenue": 63890, 
        "accumulated_operating_revenue": 184391, 
        "long_term_average": 64194, 
        "short_term_average": 61463
    }, 
    {
        "date": "2014-04-30", 
        "operating_revenue": 81004, 
        "accumulated_operating_revenue": 265395, 
        "long_term_average": 65722, 
        "short_term_average": 65161
    }, 
    {
        "date": "2014-05-31", 
        "operating_revenue": 70868, 
        "accumulated_operating_revenue": 336263, 
        "long_term_average": 66151, 
        "short_term_average": 71920
    }, 
    {
        "accumulated_operating_revenue_yoy": 615.2451636452123, 
        "accumulated_operating_revenue": 411502, 
        "long_term_average": 67626, 
        "date": "2014-06-30", 
        "operating_revenue": 75239, 
        "short_term_average": 75703
    }, 
    {
        "accumulated_operating_revenue_yoy": 307.44981127033435, 
        "accumulated_operating_revenue": 487913, 
        "long_term_average": 68809, 
        "date": "2014-07-31", 
        "operating_revenue": 76411, 
        "short_term_average": 74172
    }, 
    {
        "accumulated_operating_revenue_yoy": 201.4552124409299, 
        "accumulated_operating_revenue": 570299, 
        "long_term_average": 69889, 
        "date": "2014-08-31", 
        "operating_revenue": 82386, 
        "short_term_average": 78012
    }, 
    {
        "accumulated_operating_revenue_yoy": 151.58376782171365, 
        "accumulated_operating_revenue": 654309, 
        "long_term_average": 70982, 
        "date": "2014-09-30", 
        "operating_revenue": 84010, 
        "short_term_average": 80935
    }, 
    {
        "accumulated_operating_revenue_yoy": 130.2661470492256, 
        "accumulated_operating_revenue": 733849, 
        "long_term_average": 72725, 
        "date": "2014-10-31", 
        "operating_revenue": 79540, 
        "short_term_average": 81978
    }, 
    {
        "accumulated_operating_revenue_yoy": 106.55332334653507, 
        "accumulated_operating_revenue": 805244, 
        "long_term_average": 72745, 
        "date": "2014-11-30", 
        "operating_revenue": 71395, 
        "short_term_average": 78315
    }, 
    {
        "accumulated_operating_revenue_yoy": 93.02464845679417, 
        "accumulated_operating_revenue": 883192, 
        "long_term_average": 73599, 
        "date": "2014-12-31", 
        "operating_revenue": 77948, 
        "short_term_average": 76294
    }, 
    {
        "accumulated_operating_revenue_yoy": 35.238585650532094, 
        "accumulated_operating_revenue": 94548, 
        "long_term_average": 75652, 
        "date": "2015-01-31", 
        "operating_revenue": 94548, 
        "short_term_average": 81297
    }, 
    {
        "accumulated_operating_revenue_yoy": 23.003958473373665, 
        "accumulated_operating_revenue": 148221, 
        "long_term_average": 75909, 
        "date": "2015-02-28", 
        "operating_revenue": 53673, 
        "short_term_average": 75389
    }, 
    {
        "accumulated_operating_revenue_yoy": 22.990818423892705, 
        "accumulated_operating_revenue": 226784, 
        "long_term_average": 77132, 
        "date": "2015-03-31", 
        "operating_revenue": 78563, 
        "short_term_average": 75594
    }, 
    {
        "accumulated_operating_revenue_yoy": 20.54560183876863, 
        "accumulated_operating_revenue": 319922, 
        "long_term_average": 78143, 
        "date": "2015-04-30", 
        "operating_revenue": 93138, 
        "short_term_average": 75124
    }, 
    {
        "accumulated_operating_revenue_yoy": 16.49096094426089, 
        "accumulated_operating_revenue": 391716, 
        "long_term_average": 78220, 
        "date": "2015-05-31", 
        "operating_revenue": 71794, 
        "short_term_average": 81165
    }, 
    {
        "accumulated_operating_revenue_yoy": 13.49106444197112, 
        "accumulated_operating_revenue": 467018, 
        "long_term_average": 78225, 
        "date": "2015-06-30", 
        "operating_revenue": 75302, 
        "short_term_average": 80078
    }, 
    {
        "accumulated_operating_revenue_yoy": 12.244600984191853, 
        "accumulated_operating_revenue": 547656, 
        "long_term_average": 78577, 
        "date": "2015-07-31", 
        "operating_revenue": 80638, 
        "short_term_average": 75911
    }, 
    {
        "accumulated_operating_revenue_yoy": 11.726129626739658, 
        "accumulated_operating_revenue": 637173, 
        "long_term_average": 79172, 
        "date": "2015-08-31", 
        "operating_revenue": 89517, 
        "short_term_average": 81819
    }, 
    {
        "accumulated_operating_revenue_yoy": 11.667576022949401, 
        "accumulated_operating_revenue": 730651, 
        "long_term_average": 79961, 
        "date": "2015-09-30", 
        "operating_revenue": 93478, 
        "short_term_average": 87877
    }, 
    {
        "accumulated_operating_revenue_yoy": 10.1349187639419, 
        "accumulated_operating_revenue": 808224, 
        "long_term_average": 79797, 
        "date": "2015-10-31", 
        "operating_revenue": 77573, 
        "short_term_average": 86856
    }
]