[
    {
        "date": "2013-01-31", 
        "operating_revenue": 277626, 
        "accumulated_operating_revenue": 277626, 
        "long_term_average": 277626, 
        "short_term_average": 277626
    }, 
    {
        "date": "2013-02-28", 
        "operating_revenue": 195124, 
        "accumulated_operating_revenue": 472750, 
        "long_term_average": 236375, 
        "short_term_average": 236375
    }, 
    {
        "date": "2013-03-31", 
        "operating_revenue": 301383, 
        "accumulated_operating_revenue": 774133, 
        "long_term_average": 258044, 
        "short_term_average": 258044
    }, 
    {
        "date": "2013-04-30", 
        "operating_revenue": 278495, 
        "accumulated_operating_revenue": 1052628, 
        "long_term_average": 263157, 
        "short_term_average": 258334
    }, 
    {
        "date": "2013-05-31", 
        "operating_revenue": 324565, 
        "accumulated_operating_revenue": 1377193, 
        "long_term_average": 275438, 
        "short_term_average": 301481
    }, 
    {
        "date": "2013-06-30", 
        "operating_revenue": 211242, 
        "accumulated_operating_revenue": 1588435, 
        "long_term_average": 264739, 
        "short_term_average": 271434
    }, 
    {
        "date": "2013-07-31", 
        "operating_revenue": 362222, 
        "accumulated_operating_revenue": 1950657, 
        "long_term_average": 278665, 
        "short_term_average": 299343
    }, 
    {
        "date": "2013-08-31", 
        "operating_revenue": 318494, 
        "accumulated_operating_revenue": 2269151, 
        "long_term_average": 283643, 
        "short_term_average": 297319
    }, 
    {
        "date": "2013-09-30", 
        "operating_revenue": 227996, 
        "accumulated_operating_revenue": 2497147, 
        "long_term_average": 277460, 
        "short_term_average": 302904
    }, 
    {
        "date": "2013-10-31", 
        "operating_revenue": 282798, 
        "accumulated_operating_revenue": 2779945, 
        "long_term_average": 277994, 
        "short_term_average": 276429
    }, 
    {
        "date": "2013-11-30", 
        "operating_revenue": 258096, 
        "accumulated_operating_revenue": 3038041, 
        "long_term_average": 276185, 
        "short_term_average": 256296
    }, 
    {
        "date": "2013-12-31", 
        "operating_revenue": 238111, 
        "accumulated_operating_revenue": 3276152, 
        "long_term_average": 273012, 
        "short_term_average": 259668
    }, 
    {
        "accumulated_operating_revenue_yoy": 42.689085316216776, 
        "accumulated_operating_revenue": 396142, 
        "long_term_average": 282889, 
        "date": "2014-01-31", 
        "operating_revenue": 396142, 
        "short_term_average": 297449
    }, 
    {
        "accumulated_operating_revenue_yoy": 24.92564780539397, 
        "accumulated_operating_revenue": 590586, 
        "long_term_average": 282832, 
        "date": "2014-02-28", 
        "operating_revenue": 194444, 
        "short_term_average": 276232
    }, 
    {
        "accumulated_operating_revenue_yoy": 8.259691810063645, 
        "accumulated_operating_revenue": 838074, 
        "long_term_average": 278341, 
        "date": "2014-03-31", 
        "operating_revenue": 247488, 
        "short_term_average": 279358
    }, 
    {
        "accumulated_operating_revenue_yoy": 10.344680171912584, 
        "accumulated_operating_revenue": 1161519, 
        "long_term_average": 282086, 
        "date": "2014-04-30", 
        "operating_revenue": 323445, 
        "short_term_average": 255125
    }, 
    {
        "accumulated_operating_revenue_yoy": 9.650934908905288, 
        "accumulated_operating_revenue": 1510105, 
        "long_term_average": 284088, 
        "date": "2014-05-31", 
        "operating_revenue": 348586, 
        "short_term_average": 306506
    }, 
    {
        "accumulated_operating_revenue_yoy": 15.08018899105094, 
        "accumulated_operating_revenue": 1827974, 
        "long_term_average": 292974, 
        "date": "2014-06-30", 
        "operating_revenue": 317869, 
        "short_term_average": 329966
    }, 
    {
        "accumulated_operating_revenue_yoy": 11.858517412338509, 
        "accumulated_operating_revenue": 2181976, 
        "long_term_average": 292289, 
        "date": "2014-07-31", 
        "operating_revenue": 354002, 
        "short_term_average": 340152
    }, 
    {
        "accumulated_operating_revenue_yoy": 9.682299679483648, 
        "accumulated_operating_revenue": 2488857, 
        "long_term_average": 291321, 
        "date": "2014-08-31", 
        "operating_revenue": 306881, 
        "short_term_average": 326250
    }, 
    {
        "accumulated_operating_revenue_yoy": 14.07978785389887, 
        "accumulated_operating_revenue": 2848740, 
        "long_term_average": 302312, 
        "date": "2014-09-30", 
        "operating_revenue": 359883, 
        "short_term_average": 340255
    }, 
    {
        "accumulated_operating_revenue_yoy": 15.133428898773177, 
        "accumulated_operating_revenue": 3200646, 
        "long_term_average": 308071, 
        "date": "2014-10-31", 
        "operating_revenue": 351906, 
        "short_term_average": 339556
    }, 
    {
        "accumulated_operating_revenue_yoy": 15.566972269301171, 
        "accumulated_operating_revenue": 3510972, 
        "long_term_average": 312423, 
        "date": "2014-11-30", 
        "operating_revenue": 310326, 
        "short_term_average": 340705
    }, 
    {
        "accumulated_operating_revenue_yoy": 19.674422920548253, 
        "accumulated_operating_revenue": 3920716, 
        "long_term_average": 326726, 
        "date": "2014-12-31", 
        "operating_revenue": 409744, 
        "short_term_average": 357325
    }, 
    {
        "accumulated_operating_revenue_yoy": 8.888479383655355, 
        "accumulated_operating_revenue": 431353, 
        "long_term_average": 329660, 
        "date": "2015-01-31", 
        "operating_revenue": 431353, 
        "short_term_average": 383807
    }, 
    {
        "accumulated_operating_revenue_yoy": 15.468195995164125, 
        "accumulated_operating_revenue": 681939, 
        "long_term_average": 334339, 
        "date": "2015-02-28", 
        "operating_revenue": 250586, 
        "short_term_average": 363894
    }, 
    {
        "accumulated_operating_revenue_yoy": 25.47221367086916, 
        "accumulated_operating_revenue": 1051550, 
        "long_term_average": 344516, 
        "date": "2015-03-31", 
        "operating_revenue": 369611, 
        "short_term_average": 350516
    }, 
    {
        "accumulated_operating_revenue_yoy": 19.52977092927451, 
        "accumulated_operating_revenue": 1388361, 
        "long_term_average": 345629, 
        "date": "2015-04-30", 
        "operating_revenue": 336811, 
        "short_term_average": 319002
    }, 
    {
        "accumulated_operating_revenue_yoy": 15.029484704705965, 
        "accumulated_operating_revenue": 1737066, 
        "long_term_average": 345639, 
        "date": "2015-05-31", 
        "operating_revenue": 348705, 
        "short_term_average": 351709
    }, 
    {
        "accumulated_operating_revenue_yoy": 16.117132957033306, 
        "accumulated_operating_revenue": 2122591, 
        "long_term_average": 351277, 
        "date": "2015-06-30", 
        "operating_revenue": 385525, 
        "short_term_average": 357013
    }, 
    {
        "accumulated_operating_revenue_yoy": 13.797906118124123, 
        "accumulated_operating_revenue": 2483043, 
        "long_term_average": 351815, 
        "date": "2015-07-31", 
        "operating_revenue": 360452, 
        "short_term_average": 364894
    }, 
    {
        "accumulated_operating_revenue_yoy": 12.541982122717377, 
        "accumulated_operating_revenue": 2801009, 
        "long_term_average": 352739, 
        "date": "2015-08-31", 
        "operating_revenue": 317966, 
        "short_term_average": 354647
    }, 
    {
        "accumulated_operating_revenue_yoy": 10.520405512612593, 
        "accumulated_operating_revenue": 3148439, 
        "long_term_average": 351701, 
        "date": "2015-09-30", 
        "operating_revenue": 347430, 
        "short_term_average": 341949
    }
]