[
    {
        "date": "2013-01-31", 
        "operating_revenue": 105976, 
        "accumulated_operating_revenue": 105976, 
        "long_term_average": 105976, 
        "short_term_average": 105976
    }, 
    {
        "date": "2013-02-28", 
        "operating_revenue": 85297, 
        "accumulated_operating_revenue": 191273, 
        "long_term_average": 95636, 
        "short_term_average": 95636
    }, 
    {
        "date": "2013-03-31", 
        "operating_revenue": 90380, 
        "accumulated_operating_revenue": 281653, 
        "long_term_average": 93884, 
        "short_term_average": 93884
    }, 
    {
        "date": "2013-04-30", 
        "operating_revenue": 97539, 
        "accumulated_operating_revenue": 379192, 
        "long_term_average": 94798, 
        "short_term_average": 91072
    }, 
    {
        "date": "2013-05-31", 
        "operating_revenue": 89791, 
        "accumulated_operating_revenue": 468983, 
        "long_term_average": 93796, 
        "short_term_average": 92570
    }, 
    {
        "date": "2013-06-30", 
        "operating_revenue": 101666, 
        "accumulated_operating_revenue": 570649, 
        "long_term_average": 95108, 
        "short_term_average": 96332
    }, 
    {
        "date": "2013-07-31", 
        "operating_revenue": 100821, 
        "accumulated_operating_revenue": 671470, 
        "long_term_average": 95924, 
        "short_term_average": 97426
    }, 
    {
        "date": "2013-08-31", 
        "operating_revenue": 132124, 
        "accumulated_operating_revenue": 803594, 
        "long_term_average": 100449, 
        "short_term_average": 111537
    }, 
    {
        "date": "2013-09-30", 
        "operating_revenue": 122281, 
        "accumulated_operating_revenue": 925875, 
        "long_term_average": 102875, 
        "short_term_average": 118408
    }, 
    {
        "date": "2013-10-31", 
        "operating_revenue": 112833, 
        "accumulated_operating_revenue": 1038708, 
        "long_term_average": 103870, 
        "short_term_average": 122412
    }, 
    {
        "date": "2013-11-30", 
        "operating_revenue": 142727, 
        "accumulated_operating_revenue": 1181435, 
        "long_term_average": 107403, 
        "short_term_average": 125947
    }, 
    {
        "date": "2013-12-31", 
        "operating_revenue": 142505, 
        "accumulated_operating_revenue": 1323940, 
        "long_term_average": 110328, 
        "short_term_average": 132688
    }, 
    {
        "accumulated_operating_revenue_yoy": 20.02434513474749, 
        "accumulated_operating_revenue": 127197, 
        "long_term_average": 112096, 
        "date": "2014-01-31", 
        "operating_revenue": 127197, 
        "short_term_average": 137476
    }, 
    {
        "accumulated_operating_revenue_yoy": 22.6968782839188, 
        "accumulated_operating_revenue": 234686, 
        "long_term_average": 113946, 
        "date": "2014-02-28", 
        "operating_revenue": 107489, 
        "short_term_average": 125730
    }, 
    {
        "accumulated_operating_revenue_yoy": 25.053523307048035, 
        "accumulated_operating_revenue": 352217, 
        "long_term_average": 116208, 
        "date": "2014-03-31", 
        "operating_revenue": 117531, 
        "short_term_average": 117405
    }, 
    {
        "accumulated_operating_revenue_yoy": 27.22525791683369, 
        "accumulated_operating_revenue": 482428, 
        "long_term_average": 118931, 
        "date": "2014-04-30", 
        "operating_revenue": 130211, 
        "short_term_average": 118410
    }, 
    {
        "accumulated_operating_revenue_yoy": 30.486606124315806, 
        "accumulated_operating_revenue": 611960, 
        "long_term_average": 122243, 
        "date": "2014-05-31", 
        "operating_revenue": 129532, 
        "short_term_average": 125758
    }, 
    {
        "accumulated_operating_revenue_yoy": 26.227681113959722, 
        "accumulated_operating_revenue": 720317, 
        "long_term_average": 122800, 
        "date": "2014-06-30", 
        "operating_revenue": 108357, 
        "short_term_average": 122700
    }, 
    {
        "accumulated_operating_revenue_yoy": 25.42913309604301, 
        "accumulated_operating_revenue": 842219, 
        "long_term_average": 124557, 
        "date": "2014-07-31", 
        "operating_revenue": 121902, 
        "short_term_average": 119930
    }, 
    {
        "accumulated_operating_revenue_yoy": 21.82034709069505, 
        "accumulated_operating_revenue": 978941, 
        "long_term_average": 124940, 
        "date": "2014-08-31", 
        "operating_revenue": 136722, 
        "short_term_average": 122327
    }, 
    {
        "accumulated_operating_revenue_yoy": 20.063615498852435, 
        "accumulated_operating_revenue": 1111639, 
        "long_term_average": 125808, 
        "date": "2014-09-30", 
        "operating_revenue": 132698, 
        "short_term_average": 130440
    }, 
    {
        "accumulated_operating_revenue_yoy": 18.856213680841968, 
        "accumulated_operating_revenue": 1234569, 
        "long_term_average": 126650, 
        "date": "2014-10-31", 
        "operating_revenue": 122930, 
        "short_term_average": 130783
    }, 
    {
        "accumulated_operating_revenue_yoy": 16.905373549962547, 
        "accumulated_operating_revenue": 1381161, 
        "long_term_average": 126972, 
        "date": "2014-11-30", 
        "operating_revenue": 146592, 
        "short_term_average": 134073
    }, 
    {
        "accumulated_operating_revenue_yoy": 13.109959665845885, 
        "accumulated_operating_revenue": 1497508, 
        "long_term_average": 124792, 
        "date": "2014-12-31", 
        "operating_revenue": 116347, 
        "short_term_average": 128623
    }, 
    {
        "accumulated_operating_revenue_yoy": 7.805215531812857, 
        "accumulated_operating_revenue": 137125, 
        "long_term_average": 125619, 
        "date": "2015-01-31", 
        "operating_revenue": 137125, 
        "short_term_average": 133354
    }, 
    {
        "accumulated_operating_revenue_yoy": 7.099273071252653, 
        "accumulated_operating_revenue": 251347, 
        "long_term_average": 126180, 
        "date": "2015-02-28", 
        "operating_revenue": 114222, 
        "short_term_average": 122564
    }, 
    {
        "accumulated_operating_revenue_yoy": -5.803524531751733, 
        "accumulated_operating_revenue": 331776, 
        "long_term_average": 123088, 
        "date": "2015-03-31", 
        "operating_revenue": 80429, 
        "short_term_average": 110592
    }, 
    {
        "accumulated_operating_revenue_yoy": -10.273864701053837, 
        "accumulated_operating_revenue": 432864, 
        "long_term_average": 120662, 
        "date": "2015-04-30", 
        "operating_revenue": 101088, 
        "short_term_average": 98579
    }, 
    {
        "accumulated_operating_revenue_yoy": -12.671253023073403, 
        "accumulated_operating_revenue": 534417, 
        "long_term_average": 118330, 
        "date": "2015-05-31", 
        "operating_revenue": 101553, 
        "short_term_average": 94356
    }, 
    {
        "accumulated_operating_revenue_yoy": -10.372933028097352, 
        "accumulated_operating_revenue": 645599, 
        "long_term_average": 118565, 
        "date": "2015-06-30", 
        "operating_revenue": 111182, 
        "short_term_average": 104607
    }, 
    {
        "accumulated_operating_revenue_yoy": -8.76957180970745, 
        "accumulated_operating_revenue": 768360, 
        "long_term_average": 118637, 
        "date": "2015-07-31", 
        "operating_revenue": 122761, 
        "short_term_average": 111832
    }, 
    {
        "accumulated_operating_revenue_yoy": -7.412193380397797, 
        "accumulated_operating_revenue": 906380, 
        "long_term_average": 118745, 
        "date": "2015-08-31", 
        "operating_revenue": 138020, 
        "short_term_average": 123987
    }, 
    {
        "accumulated_operating_revenue_yoy": -6.3893044414598625, 
        "accumulated_operating_revenue": 1040613, 
        "long_term_average": 118873, 
        "date": "2015-09-30", 
        "operating_revenue": 134233, 
        "short_term_average": 131671
    }
]