[
    {
        "date": "2013-12-31", 
        "operating_revenue": 340077, 
        "accumulated_operating_revenue": 340077, 
        "long_term_average": 340077, 
        "short_term_average": 340077
    }, 
    {
        "date": "2014-01-31", 
        "operating_revenue": 300520, 
        "accumulated_operating_revenue": 300520, 
        "long_term_average": 320298, 
        "short_term_average": 320298
    }, 
    {
        "date": "2014-02-28", 
        "operating_revenue": 241338, 
        "accumulated_operating_revenue": 541858, 
        "long_term_average": 293978, 
        "short_term_average": 293978
    }, 
    {
        "date": "2014-03-31", 
        "operating_revenue": 216954, 
        "accumulated_operating_revenue": 758812, 
        "long_term_average": 274722, 
        "short_term_average": 252937
    }, 
    {
        "date": "2014-04-30", 
        "operating_revenue": 290254, 
        "accumulated_operating_revenue": 1049066, 
        "long_term_average": 277828, 
        "short_term_average": 249515
    }, 
    {
        "date": "2014-05-31", 
        "operating_revenue": 341678, 
        "accumulated_operating_revenue": 1390744, 
        "long_term_average": 288470, 
        "short_term_average": 282962
    }, 
    {
        "date": "2014-06-30", 
        "operating_revenue": 377320, 
        "accumulated_operating_revenue": 1768064, 
        "long_term_average": 301163, 
        "short_term_average": 336417
    }, 
    {
        "date": "2014-07-31", 
        "operating_revenue": 452062, 
        "accumulated_operating_revenue": 2220126, 
        "long_term_average": 320025, 
        "short_term_average": 390353
    }, 
    {
        "date": "2014-08-31", 
        "operating_revenue": 563962, 
        "accumulated_operating_revenue": 2784088, 
        "long_term_average": 347129, 
        "short_term_average": 464448
    }, 
    {
        "accumulated_operating_revenue_yoy": 907.7497155056061, 
        "accumulated_operating_revenue": 3427125, 
        "long_term_average": 376720, 
        "date": "2014-12-31", 
        "operating_revenue": 643037, 
        "short_term_average": 553020
    }, 
    {
        "accumulated_operating_revenue_yoy": 108.22807134300545, 
        "accumulated_operating_revenue": 625767, 
        "long_term_average": 399360, 
        "date": "2015-01-31", 
        "operating_revenue": 625767, 
        "short_term_average": 610922
    }, 
    {
        "accumulated_operating_revenue_yoy": 108.18793853740279, 
        "accumulated_operating_revenue": 1128083, 
        "long_term_average": 407940, 
        "date": "2015-02-28", 
        "operating_revenue": 502316, 
        "short_term_average": 590373
    }, 
    {
        "accumulated_operating_revenue_yoy": 123.3421453535263, 
        "accumulated_operating_revenue": 1694747, 
        "long_term_average": 426822, 
        "date": "2015-03-31", 
        "operating_revenue": 566664, 
        "short_term_average": 564915
    }, 
    {
        "accumulated_operating_revenue_yoy": 110.89330890525477, 
        "accumulated_operating_revenue": 2212410, 
        "long_term_average": 444917, 
        "date": "2015-04-30", 
        "operating_revenue": 517663, 
        "short_term_average": 528881
    }, 
    {
        "accumulated_operating_revenue_yoy": 88.72783200934177, 
        "accumulated_operating_revenue": 2624721, 
        "long_term_average": 459165, 
        "date": "2015-05-31", 
        "operating_revenue": 412311, 
        "short_term_average": 498879
    }, 
    {
        "accumulated_operating_revenue_yoy": 71.07966679939187, 
        "accumulated_operating_revenue": 3024798, 
        "long_term_average": 474425, 
        "date": "2015-06-30", 
        "operating_revenue": 400077, 
        "short_term_average": 443350
    }, 
    {
        "accumulated_operating_revenue_yoy": 53.97558516949038, 
        "accumulated_operating_revenue": 3418452, 
        "long_term_average": 483042, 
        "date": "2015-07-31", 
        "operating_revenue": 393654, 
        "short_term_average": 402014
    }, 
    {
        "accumulated_operating_revenue_yoy": 37.732535753180215, 
        "accumulated_operating_revenue": 3834595, 
        "long_term_average": 489248, 
        "date": "2015-08-31", 
        "operating_revenue": 416143, 
        "short_term_average": 403291
    }
]