[
    {
        "date": "2014-04-30", 
        "operating_revenue": 5087237, 
        "accumulated_operating_revenue": 5087237, 
        "long_term_average": 5087237, 
        "short_term_average": 5087237
    }, 
    {
        "date": "2014-05-31", 
        "operating_revenue": 4671980, 
        "accumulated_operating_revenue": 9759217, 
        "long_term_average": 4879608, 
        "short_term_average": 4879608
    }, 
    {
        "date": "2014-06-30", 
        "operating_revenue": 4804508, 
        "accumulated_operating_revenue": 14563725, 
        "long_term_average": 4854575, 
        "short_term_average": 4854575
    }, 
    {
        "date": "2014-07-31", 
        "operating_revenue": 5453030, 
        "accumulated_operating_revenue": 20016755, 
        "long_term_average": 5004188, 
        "short_term_average": 4976506
    }, 
    {
        "date": "2014-08-31", 
        "operating_revenue": 6280492, 
        "accumulated_operating_revenue": 26297247, 
        "long_term_average": 5259449, 
        "short_term_average": 5512676
    }, 
    {
        "date": "2014-09-30", 
        "operating_revenue": 8684298, 
        "accumulated_operating_revenue": 34981545, 
        "long_term_average": 5830257, 
        "short_term_average": 6805940
    }, 
    {
        "date": "2014-10-31", 
        "operating_revenue": 8789246, 
        "accumulated_operating_revenue": 43770791, 
        "long_term_average": 6252970, 
        "short_term_average": 7918012
    }, 
    {
        "accumulated_operating_revenue_yoy": -17.283841896888234, 
        "accumulated_operating_revenue": 4207967, 
        "long_term_average": 5997344, 
        "date": "2015-04-30", 
        "operating_revenue": 4207967, 
        "short_term_average": 7227170
    }, 
    {
        "accumulated_operating_revenue_yoy": -12.927061668984305, 
        "accumulated_operating_revenue": 8497637, 
        "long_term_average": 5807603, 
        "date": "2015-05-31", 
        "operating_revenue": 4289670, 
        "short_term_average": 5762294
    }, 
    {
        "accumulated_operating_revenue_yoy": -4.516880125105356, 
        "accumulated_operating_revenue": 13905899, 
        "long_term_average": 5767669, 
        "date": "2015-06-30", 
        "operating_revenue": 5408262, 
        "short_term_average": 4635299
    }, 
    {
        "accumulated_operating_revenue_yoy": 1.5828589599063387, 
        "accumulated_operating_revenue": 20333592, 
        "long_term_average": 5827671, 
        "date": "2015-07-31", 
        "operating_revenue": 6427693, 
        "short_term_average": 5375208
    }, 
    {
        "accumulated_operating_revenue_yoy": 10.462068519948115, 
        "accumulated_operating_revenue": 29048483, 
        "long_term_average": 6068272, 
        "date": "2015-08-31", 
        "operating_revenue": 8714891, 
        "short_term_average": 6850282
    }, 
    {
        "accumulated_operating_revenue_yoy": 17.02993678523919, 
        "accumulated_operating_revenue": 40938880, 
        "long_term_average": 6635202, 
        "date": "2015-09-30", 
        "operating_revenue": 11890397, 
        "short_term_average": 9010993
    }, 
    {
        "accumulated_operating_revenue_yoy": 25.198505094413303, 
        "accumulated_operating_revenue": 54800376, 
        "long_term_average": 7400995, 
        "date": "2015-10-31", 
        "operating_revenue": 13861496, 
        "short_term_average": 11488928
    }
]