[
    {
        "date": "2013-03-31", 
        "operating_revenue": 32381, 
        "accumulated_operating_revenue": 32381, 
        "long_term_average": 32381, 
        "short_term_average": 32381
    }, 
    {
        "date": "2013-04-30", 
        "operating_revenue": 42719, 
        "accumulated_operating_revenue": 75100, 
        "long_term_average": 37550, 
        "short_term_average": 37550
    }, 
    {
        "date": "2013-05-31", 
        "operating_revenue": 31763, 
        "accumulated_operating_revenue": 106863, 
        "long_term_average": 35621, 
        "short_term_average": 35621
    }, 
    {
        "date": "2013-06-30", 
        "operating_revenue": 30379, 
        "accumulated_operating_revenue": 137242, 
        "long_term_average": 34310, 
        "short_term_average": 34953
    }, 
    {
        "date": "2013-07-31", 
        "operating_revenue": 35981, 
        "accumulated_operating_revenue": 173223, 
        "long_term_average": 34644, 
        "short_term_average": 32707
    }, 
    {
        "date": "2013-08-31", 
        "operating_revenue": 37380, 
        "accumulated_operating_revenue": 210603, 
        "long_term_average": 35100, 
        "short_term_average": 34580
    }, 
    {
        "date": "2013-09-30", 
        "operating_revenue": 42419, 
        "accumulated_operating_revenue": 253022, 
        "long_term_average": 36146, 
        "short_term_average": 38593
    }, 
    {
        "date": "2013-10-31", 
        "operating_revenue": 38558, 
        "accumulated_operating_revenue": 291580, 
        "long_term_average": 36447, 
        "short_term_average": 39452
    }, 
    {
        "date": "2013-11-30", 
        "operating_revenue": 39979, 
        "accumulated_operating_revenue": 331559, 
        "long_term_average": 36839, 
        "short_term_average": 40318
    }, 
    {
        "date": "2013-12-31", 
        "operating_revenue": 35041, 
        "accumulated_operating_revenue": 366600, 
        "long_term_average": 36660, 
        "short_term_average": 37859
    }, 
    {
        "date": "2014-01-31", 
        "operating_revenue": 30007, 
        "accumulated_operating_revenue": 30007, 
        "long_term_average": 36055, 
        "short_term_average": 35009
    }, 
    {
        "date": "2014-02-28", 
        "operating_revenue": 23672, 
        "accumulated_operating_revenue": 53679, 
        "long_term_average": 35023, 
        "short_term_average": 29573
    }, 
    {
        "accumulated_operating_revenue_yoy": 180.55958741237146, 
        "accumulated_operating_revenue": 90848, 
        "long_term_average": 35422, 
        "date": "2014-03-31", 
        "operating_revenue": 37169, 
        "short_term_average": 30282
    }, 
    {
        "accumulated_operating_revenue_yoy": 73.40878828229029, 
        "accumulated_operating_revenue": 130230, 
        "long_term_average": 35144, 
        "date": "2014-04-30", 
        "operating_revenue": 39382, 
        "short_term_average": 33407
    }, 
    {
        "accumulated_operating_revenue_yoy": 63.178087832084074, 
        "accumulated_operating_revenue": 174377, 
        "long_term_average": 36176, 
        "date": "2014-05-31", 
        "operating_revenue": 44147, 
        "short_term_average": 40232
    }, 
    {
        "accumulated_operating_revenue_yoy": 55.30814182247417, 
        "accumulated_operating_revenue": 213148, 
        "long_term_average": 36875, 
        "date": "2014-06-30", 
        "operating_revenue": 38771, 
        "short_term_average": 40766
    }, 
    {
        "accumulated_operating_revenue_yoy": 48.096384429319436, 
        "accumulated_operating_revenue": 256537, 
        "long_term_average": 37492, 
        "date": "2014-07-31", 
        "operating_revenue": 43389, 
        "short_term_average": 42102
    }, 
    {
        "accumulated_operating_revenue_yoy": 39.61956857214759, 
        "accumulated_operating_revenue": 294043, 
        "long_term_average": 37503, 
        "date": "2014-08-31", 
        "operating_revenue": 37506, 
        "short_term_average": 39888
    }, 
    {
        "accumulated_operating_revenue_yoy": 35.502841650133185, 
        "accumulated_operating_revenue": 342852, 
        "long_term_average": 38035, 
        "date": "2014-09-30", 
        "operating_revenue": 48809, 
        "short_term_average": 43234
    }, 
    {
        "accumulated_operating_revenue_yoy": 31.648261197613003, 
        "accumulated_operating_revenue": 383860, 
        "long_term_average": 38240, 
        "date": "2014-10-31", 
        "operating_revenue": 41008, 
        "short_term_average": 42441
    }, 
    {
        "accumulated_operating_revenue_yoy": 29.96902512071758, 
        "accumulated_operating_revenue": 430924, 
        "long_term_average": 38830, 
        "date": "2014-11-30", 
        "operating_revenue": 47064, 
        "short_term_average": 45627
    }, 
    {
        "accumulated_operating_revenue_yoy": 29.45253682487725, 
        "accumulated_operating_revenue": 474573, 
        "long_term_average": 39547, 
        "date": "2014-12-31", 
        "operating_revenue": 43649, 
        "short_term_average": 43907
    }, 
    {
        "accumulated_operating_revenue_yoy": 52.78768287399607, 
        "accumulated_operating_revenue": 45847, 
        "long_term_average": 40867, 
        "date": "2015-01-31", 
        "operating_revenue": 45847, 
        "short_term_average": 45520
    }, 
    {
        "accumulated_operating_revenue_yoy": 28.107826151753944, 
        "accumulated_operating_revenue": 68767, 
        "long_term_average": 40805, 
        "date": "2015-02-28", 
        "operating_revenue": 22920, 
        "short_term_average": 37472
    }, 
    {
        "accumulated_operating_revenue_yoy": 27.221292708700247, 
        "accumulated_operating_revenue": 115578, 
        "long_term_average": 41608, 
        "date": "2015-03-31", 
        "operating_revenue": 46811, 
        "short_term_average": 38526
    }, 
    {
        "accumulated_operating_revenue_yoy": 26.45319818782155, 
        "accumulated_operating_revenue": 164680, 
        "long_term_average": 42418, 
        "date": "2015-04-30", 
        "operating_revenue": 49102, 
        "short_term_average": 39611
    }, 
    {
        "accumulated_operating_revenue_yoy": 20.319193471616096, 
        "accumulated_operating_revenue": 209809, 
        "long_term_average": 42500, 
        "date": "2015-05-31", 
        "operating_revenue": 45129, 
        "short_term_average": 47014
    }, 
    {
        "accumulated_operating_revenue_yoy": 21.62534952239758, 
        "accumulated_operating_revenue": 259242, 
        "long_term_average": 43388, 
        "date": "2015-06-30", 
        "operating_revenue": 49433, 
        "short_term_average": 47888
    }, 
    {
        "accumulated_operating_revenue_yoy": 18.338095479404533, 
        "accumulated_operating_revenue": 303581, 
        "long_term_average": 43468, 
        "date": "2015-07-31", 
        "operating_revenue": 44339, 
        "short_term_average": 46300
    }, 
    {
        "accumulated_operating_revenue_yoy": 20.9955686753298, 
        "accumulated_operating_revenue": 355779, 
        "long_term_average": 44692, 
        "date": "2015-08-31", 
        "operating_revenue": 52198, 
        "short_term_average": 48656
    }, 
    {
        "accumulated_operating_revenue_yoy": 17.28530094618086, 
        "accumulated_operating_revenue": 402115, 
        "long_term_average": 44486, 
        "date": "2015-09-30", 
        "operating_revenue": 46336, 
        "short_term_average": 47624
    }
]