[
    {
        "date": "2013-09-30", 
        "operating_revenue": 1285973, 
        "accumulated_operating_revenue": 1285973, 
        "long_term_average": 1285973, 
        "short_term_average": 1285973
    }, 
    {
        "date": "2013-10-31", 
        "operating_revenue": 1203095, 
        "accumulated_operating_revenue": 2489068, 
        "long_term_average": 1244534, 
        "short_term_average": 1244534
    }, 
    {
        "date": "2013-11-30", 
        "operating_revenue": 1188615, 
        "accumulated_operating_revenue": 3677683, 
        "long_term_average": 1225894, 
        "short_term_average": 1225894
    }, 
    {
        "date": "2013-12-31", 
        "operating_revenue": 1169271, 
        "accumulated_operating_revenue": 4846954, 
        "long_term_average": 1211738, 
        "short_term_average": 1186993
    }, 
    {
        "date": "2014-01-31", 
        "operating_revenue": 1122209, 
        "accumulated_operating_revenue": 1122209, 
        "long_term_average": 1193832, 
        "short_term_average": 1160031
    }, 
    {
        "date": "2014-02-28", 
        "operating_revenue": 1243785, 
        "accumulated_operating_revenue": 2365994, 
        "long_term_average": 1202158, 
        "short_term_average": 1178421
    }, 
    {
        "date": "2014-03-31", 
        "operating_revenue": 1332791, 
        "accumulated_operating_revenue": 3698785, 
        "long_term_average": 1220819, 
        "short_term_average": 1232928
    }, 
    {
        "date": "2014-04-30", 
        "operating_revenue": 1290348, 
        "accumulated_operating_revenue": 4989133, 
        "long_term_average": 1229510, 
        "short_term_average": 1288974
    }, 
    {
        "date": "2014-05-31", 
        "operating_revenue": 1324743, 
        "accumulated_operating_revenue": 6313876, 
        "long_term_average": 1240092, 
        "short_term_average": 1315960
    }, 
    {
        "date": "2014-06-30", 
        "operating_revenue": 1446852, 
        "accumulated_operating_revenue": 7760728, 
        "long_term_average": 1260768, 
        "short_term_average": 1353981
    }, 
    {
        "date": "2014-07-31", 
        "operating_revenue": 1274375, 
        "accumulated_operating_revenue": 9035103, 
        "long_term_average": 1262005, 
        "short_term_average": 1348656
    }, 
    {
        "date": "2014-08-31", 
        "operating_revenue": 1400773, 
        "accumulated_operating_revenue": 10435876, 
        "long_term_average": 1273569, 
        "short_term_average": 1374000
    }, 
    {
        "accumulated_operating_revenue_yoy": 831.1367345970716, 
        "accumulated_operating_revenue": 11974167, 
        "long_term_average": 1294595, 
        "date": "2014-09-30", 
        "operating_revenue": 1538291, 
        "short_term_average": 1404479
    }, 
    {
        "accumulated_operating_revenue_yoy": 433.41961730254053, 
        "accumulated_operating_revenue": 13277177, 
        "long_term_average": 1302921, 
        "date": "2014-10-31", 
        "operating_revenue": 1303010, 
        "short_term_average": 1414024
    }, 
    {
        "accumulated_operating_revenue_yoy": 296.4713652590503, 
        "accumulated_operating_revenue": 14580960, 
        "long_term_average": 1312519, 
        "date": "2014-11-30", 
        "operating_revenue": 1303783, 
        "short_term_average": 1381694
    }, 
    {
        "accumulated_operating_revenue_yoy": 229.76267156651375, 
        "accumulated_operating_revenue": 15983445, 
        "long_term_average": 1331953, 
        "date": "2014-12-31", 
        "operating_revenue": 1402485, 
        "short_term_average": 1336426
    }, 
    {
        "accumulated_operating_revenue_yoy": 20.985663098406803, 
        "accumulated_operating_revenue": 1357712, 
        "long_term_average": 1351579, 
        "date": "2015-01-31", 
        "operating_revenue": 1357712, 
        "short_term_average": 1354660
    }, 
    {
        "accumulated_operating_revenue_yoy": 12.621756437252166, 
        "accumulated_operating_revenue": 2664624, 
        "long_term_average": 1356839, 
        "date": "2015-02-28", 
        "operating_revenue": 1306912, 
        "short_term_average": 1355703
    }, 
    {
        "accumulated_operating_revenue_yoy": 9.341581086762275, 
        "accumulated_operating_revenue": 4044310, 
        "long_term_average": 1360747, 
        "date": "2015-03-31", 
        "operating_revenue": 1379686, 
        "short_term_average": 1348103
    }, 
    {
        "accumulated_operating_revenue_yoy": 8.128787105895954, 
        "accumulated_operating_revenue": 5394689, 
        "long_term_average": 1365750, 
        "date": "2015-04-30", 
        "operating_revenue": 1350379, 
        "short_term_average": 1345659
    }, 
    {
        "accumulated_operating_revenue_yoy": 6.281054616847085, 
        "accumulated_operating_revenue": 6710454, 
        "long_term_average": 1365001, 
        "date": "2015-05-31", 
        "operating_revenue": 1315765, 
        "short_term_average": 1348610
    }, 
    {
        "accumulated_operating_revenue_yoy": 3.4339819666402427, 
        "accumulated_operating_revenue": 8027230, 
        "long_term_average": 1354162, 
        "date": "2015-06-30", 
        "operating_revenue": 1316776, 
        "short_term_average": 1327640
    }, 
    {
        "accumulated_operating_revenue_yoy": 2.793117023679752, 
        "accumulated_operating_revenue": 9287464, 
        "long_term_average": 1352983, 
        "date": "2015-07-31", 
        "operating_revenue": 1260234, 
        "short_term_average": 1297591
    }, 
    {
        "accumulated_operating_revenue_yoy": 0.7496160360663542, 
        "accumulated_operating_revenue": 10514105, 
        "long_term_average": 1338472, 
        "date": "2015-08-31", 
        "operating_revenue": 1226641, 
        "short_term_average": 1267883
    }, 
    {
        "accumulated_operating_revenue_yoy": -1.5237719667681269, 
        "accumulated_operating_revenue": 11791708, 
        "long_term_average": 1316748, 
        "date": "2015-09-30", 
        "operating_revenue": 1277603, 
        "short_term_average": 1254826
    }, 
    {
        "accumulated_operating_revenue_yoy": -2.345626634336501, 
        "accumulated_operating_revenue": 12965744, 
        "long_term_average": 1306001, 
        "date": "2015-10-31", 
        "operating_revenue": 1174036, 
        "short_term_average": 1226093
    }
]