[
    {
        "date": "2011-09-30", 
        "operating_revenue": 286916, 
        "accumulated_operating_revenue": 286916, 
        "long_term_average": 286916, 
        "short_term_average": 286916
    }, 
    {
        "date": "2011-10-31", 
        "operating_revenue": 275400, 
        "accumulated_operating_revenue": 562316, 
        "long_term_average": 281158, 
        "short_term_average": 281158
    }, 
    {
        "date": "2011-11-30", 
        "operating_revenue": 355019, 
        "accumulated_operating_revenue": 917335, 
        "long_term_average": 305778, 
        "short_term_average": 305778
    }, 
    {
        "date": "2011-12-31", 
        "operating_revenue": 294692, 
        "accumulated_operating_revenue": 1212027, 
        "long_term_average": 303006, 
        "short_term_average": 308370
    }, 
    {
        "date": "2012-01-31", 
        "operating_revenue": 216705, 
        "accumulated_operating_revenue": 216705, 
        "long_term_average": 285746, 
        "short_term_average": 288805
    }, 
    {
        "date": "2012-02-29", 
        "operating_revenue": 315719, 
        "accumulated_operating_revenue": 532424, 
        "long_term_average": 290741, 
        "short_term_average": 275705
    }, 
    {
        "date": "2012-03-31", 
        "operating_revenue": 301195, 
        "accumulated_operating_revenue": 833619, 
        "long_term_average": 292235, 
        "short_term_average": 277873
    }, 
    {
        "date": "2012-04-30", 
        "operating_revenue": 316775, 
        "accumulated_operating_revenue": 1150394, 
        "long_term_average": 295302, 
        "short_term_average": 311229
    }, 
    {
        "date": "2012-05-31", 
        "operating_revenue": 306117, 
        "accumulated_operating_revenue": 1456511, 
        "long_term_average": 296504, 
        "short_term_average": 308029
    }, 
    {
        "date": "2012-06-30", 
        "operating_revenue": 342361, 
        "accumulated_operating_revenue": 1798872, 
        "long_term_average": 301089, 
        "short_term_average": 321751
    }, 
    {
        "date": "2012-07-31", 
        "operating_revenue": 278399, 
        "accumulated_operating_revenue": 2077271, 
        "long_term_average": 299027, 
        "short_term_average": 308959
    }, 
    {
        "date": "2012-08-31", 
        "operating_revenue": 300105, 
        "accumulated_operating_revenue": 2377376, 
        "long_term_average": 299116, 
        "short_term_average": 306955
    }, 
    {
        "accumulated_operating_revenue_yoy": 834.1873579723682, 
        "accumulated_operating_revenue": 2680333, 
        "long_term_average": 300453, 
        "date": "2012-09-30", 
        "operating_revenue": 302957, 
        "short_term_average": 293820
    }, 
    {
        "accumulated_operating_revenue_yoy": 432.7630727206766, 
        "accumulated_operating_revenue": 2995812, 
        "long_term_average": 303793, 
        "date": "2012-10-31", 
        "operating_revenue": 315479, 
        "short_term_average": 306180
    }, 
    {
        "accumulated_operating_revenue_yoy": 261.1912769053836, 
        "accumulated_operating_revenue": 3313334, 
        "long_term_average": 300668, 
        "date": "2012-11-30", 
        "operating_revenue": 317522, 
        "short_term_average": 311986
    }, 
    {
        "accumulated_operating_revenue_yoy": 205.324881376405, 
        "accumulated_operating_revenue": 3700620, 
        "long_term_average": 308385, 
        "date": "2012-12-31", 
        "operating_revenue": 387286, 
        "short_term_average": 340095
    }, 
    {
        "accumulated_operating_revenue_yoy": 63.597517362312814, 
        "accumulated_operating_revenue": 354524, 
        "long_term_average": 319869, 
        "date": "2013-01-31", 
        "operating_revenue": 354524, 
        "short_term_average": 353110
    }, 
    {
        "accumulated_operating_revenue_yoy": 15.915135305696213, 
        "accumulated_operating_revenue": 617160, 
        "long_term_average": 315446, 
        "date": "2013-02-28", 
        "operating_revenue": 262636, 
        "short_term_average": 334815
    }, 
    {
        "accumulated_operating_revenue_yoy": 16.58683403329339, 
        "accumulated_operating_revenue": 971890, 
        "long_term_average": 319907, 
        "date": "2013-03-31", 
        "operating_revenue": 354730, 
        "short_term_average": 323963
    }, 
    {
        "accumulated_operating_revenue_yoy": 17.563982426890266, 
        "accumulated_operating_revenue": 1352449, 
        "long_term_average": 325222, 
        "date": "2013-04-30", 
        "operating_revenue": 380559, 
        "short_term_average": 332641
    }, 
    {
        "accumulated_operating_revenue_yoy": 20.287797345849086, 
        "accumulated_operating_revenue": 1752005, 
        "long_term_average": 333009, 
        "date": "2013-05-31", 
        "operating_revenue": 399556, 
        "short_term_average": 378281
    }, 
    {
        "accumulated_operating_revenue_yoy": 20.095593238429416, 
        "accumulated_operating_revenue": 2160366, 
        "long_term_average": 338509, 
        "date": "2013-06-30", 
        "operating_revenue": 408361, 
        "short_term_average": 396158
    }, 
    {
        "accumulated_operating_revenue_yoy": 21.186017616382262, 
        "accumulated_operating_revenue": 2517362, 
        "long_term_average": 345059, 
        "date": "2013-07-31", 
        "operating_revenue": 356996, 
        "short_term_average": 388304
    }, 
    {
        "accumulated_operating_revenue_yoy": 21.886777691034148, 
        "accumulated_operating_revenue": 2897707, 
        "long_term_average": 351745, 
        "date": "2013-08-31", 
        "operating_revenue": 380345, 
        "short_term_average": 381900
    }, 
    {
        "accumulated_operating_revenue_yoy": 21.85370250636768, 
        "accumulated_operating_revenue": 3266085, 
        "long_term_average": 357197, 
        "date": "2013-09-30", 
        "operating_revenue": 368378, 
        "short_term_average": 368573
    }, 
    {
        "accumulated_operating_revenue_yoy": 22.385750507708764, 
        "accumulated_operating_revenue": 3666447, 
        "long_term_average": 364271, 
        "date": "2013-10-31", 
        "operating_revenue": 400362, 
        "short_term_average": 383028
    }, 
    {
        "accumulated_operating_revenue_yoy": 23.65750027012067, 
        "accumulated_operating_revenue": 4097186, 
        "long_term_average": 373706, 
        "date": "2013-11-30", 
        "operating_revenue": 430739, 
        "short_term_average": 399826
    }, 
    {
        "accumulated_operating_revenue_yoy": 23.444557938939962, 
        "accumulated_operating_revenue": 4568214, 
        "long_term_average": 380684, 
        "date": "2013-12-31", 
        "operating_revenue": 471028, 
        "short_term_average": 434043
    }, 
    {
        "accumulated_operating_revenue_yoy": 11.759429544967336, 
        "accumulated_operating_revenue": 396214, 
        "long_term_average": 384158, 
        "date": "2014-01-31", 
        "operating_revenue": 396214, 
        "short_term_average": 432660
    }, 
    {
        "accumulated_operating_revenue_yoy": 25.82280121848467, 
        "accumulated_operating_revenue": 776528, 
        "long_term_average": 393965, 
        "date": "2014-02-28", 
        "operating_revenue": 380314, 
        "short_term_average": 415852
    }, 
    {
        "accumulated_operating_revenue_yoy": 29.647799648108325, 
        "accumulated_operating_revenue": 1260034, 
        "long_term_average": 404696, 
        "date": "2014-03-31", 
        "operating_revenue": 483506, 
        "short_term_average": 420011
    }, 
    {
        "accumulated_operating_revenue_yoy": 23.298031940575946, 
        "accumulated_operating_revenue": 1667543, 
        "long_term_average": 406942, 
        "date": "2014-04-30", 
        "operating_revenue": 407509, 
        "short_term_average": 423776
    }, 
    {
        "accumulated_operating_revenue_yoy": 20.88915271360527, 
        "accumulated_operating_revenue": 2117984, 
        "long_term_average": 411182, 
        "date": "2014-05-31", 
        "operating_revenue": 450441, 
        "short_term_average": 447152
    }, 
    {
        "accumulated_operating_revenue_yoy": 20.021514872942824, 
        "accumulated_operating_revenue": 2592904, 
        "long_term_average": 416729, 
        "date": "2014-06-30", 
        "operating_revenue": 474920, 
        "short_term_average": 444290
    }, 
    {
        "accumulated_operating_revenue_yoy": 18.446333900328995, 
        "accumulated_operating_revenue": 2981723, 
        "long_term_average": 419381, 
        "date": "2014-07-31", 
        "operating_revenue": 388819, 
        "short_term_average": 438060
    }, 
    {
        "accumulated_operating_revenue_yoy": 16.45556296754641, 
        "accumulated_operating_revenue": 3374541, 
        "long_term_average": 420420, 
        "date": "2014-08-31", 
        "operating_revenue": 392818, 
        "short_term_average": 418852
    }, 
    {
        "accumulated_operating_revenue_yoy": 18.13568844656523, 
        "accumulated_operating_revenue": 3858412, 
        "long_term_average": 430045, 
        "date": "2014-09-30", 
        "operating_revenue": 483871, 
        "short_term_average": 421836
    }, 
    {
        "accumulated_operating_revenue_yoy": 17.55787005785165, 
        "accumulated_operating_revenue": 4310197, 
        "long_term_average": 434330, 
        "date": "2014-10-31", 
        "operating_revenue": 451785, 
        "short_term_average": 442824
    }, 
    {
        "accumulated_operating_revenue_yoy": 17.424520146266243, 
        "accumulated_operating_revenue": 4811101, 
        "long_term_average": 440177, 
        "date": "2014-11-30", 
        "operating_revenue": 500904, 
        "short_term_average": 478853
    }, 
    {
        "accumulated_operating_revenue_yoy": 16.982063449742064, 
        "accumulated_operating_revenue": 5343991, 
        "long_term_average": 445332, 
        "date": "2014-12-31", 
        "operating_revenue": 532890, 
        "short_term_average": 495193
    }, 
    {
        "accumulated_operating_revenue_yoy": 33.376407698869805, 
        "accumulated_operating_revenue": 528456, 
        "long_term_average": 456352, 
        "date": "2015-01-31", 
        "operating_revenue": 528456, 
        "short_term_average": 520750
    }, 
    {
        "accumulated_operating_revenue_yoy": 19.194285331630027, 
        "accumulated_operating_revenue": 925577, 
        "long_term_average": 457753, 
        "date": "2015-02-28", 
        "operating_revenue": 397121, 
        "short_term_average": 486155
    }, 
    {
        "accumulated_operating_revenue_yoy": 18.2460949466443, 
        "accumulated_operating_revenue": 1489941, 
        "long_term_average": 464491, 
        "date": "2015-03-31", 
        "operating_revenue": 564364, 
        "short_term_average": 496647
    }, 
    {
        "accumulated_operating_revenue_yoy": 19.0572596928535, 
        "accumulated_operating_revenue": 1985331, 
        "long_term_average": 471814, 
        "date": "2015-04-30", 
        "operating_revenue": 495390, 
        "short_term_average": 485625
    }, 
    {
        "accumulated_operating_revenue_yoy": 17.348667412029553, 
        "accumulated_operating_revenue": 2485426, 
        "long_term_average": 475952, 
        "date": "2015-05-31", 
        "operating_revenue": 500095, 
        "short_term_average": 519949
    }, 
    {
        "accumulated_operating_revenue_yoy": 15.817708638653802, 
        "accumulated_operating_revenue": 3003042, 
        "long_term_average": 479510, 
        "date": "2015-06-30", 
        "operating_revenue": 517616, 
        "short_term_average": 504367
    }, 
    {
        "accumulated_operating_revenue_yoy": 15.598598528434735, 
        "accumulated_operating_revenue": 3446830, 
        "long_term_average": 484091, 
        "date": "2015-07-31", 
        "operating_revenue": 443788, 
        "short_term_average": 487166
    }, 
    {
        "accumulated_operating_revenue_yoy": 15.422512276484419, 
        "accumulated_operating_revenue": 3894980, 
        "long_term_average": 488702, 
        "date": "2015-08-31", 
        "operating_revenue": 448150, 
        "short_term_average": 469851
    }
]