[
    {
        "date": "2012-01-31", 
        "operating_revenue": 70766264, 
        "accumulated_operating_revenue": 70766264, 
        "long_term_average": 70766264, 
        "short_term_average": 70766264
    }, 
    {
        "date": "2012-02-29", 
        "operating_revenue": 72087366, 
        "accumulated_operating_revenue": 142853630, 
        "long_term_average": 71426815, 
        "short_term_average": 71426815
    }, 
    {
        "date": "2012-03-31", 
        "operating_revenue": 87399088, 
        "accumulated_operating_revenue": 230252718, 
        "long_term_average": 76750906, 
        "short_term_average": 76750906
    }, 
    {
        "date": "2012-04-30", 
        "operating_revenue": 86429480, 
        "accumulated_operating_revenue": 316682198, 
        "long_term_average": 79170549, 
        "short_term_average": 81971978
    }, 
    {
        "date": "2012-05-31", 
        "operating_revenue": 66665676, 
        "accumulated_operating_revenue": 383347874, 
        "long_term_average": 76669574, 
        "short_term_average": 80164748
    }, 
    {
        "date": "2012-06-30", 
        "operating_revenue": 53364898, 
        "accumulated_operating_revenue": 436712772, 
        "long_term_average": 72785462, 
        "short_term_average": 68820018
    }, 
    {
        "date": "2012-07-31", 
        "operating_revenue": 63033437, 
        "accumulated_operating_revenue": 499746209, 
        "long_term_average": 71392315, 
        "short_term_average": 61021337
    }, 
    {
        "date": "2012-08-31", 
        "operating_revenue": 70948471, 
        "accumulated_operating_revenue": 570694680, 
        "long_term_average": 71336835, 
        "short_term_average": 62448935
    }, 
    {
        "date": "2012-09-30", 
        "operating_revenue": 79147383, 
        "accumulated_operating_revenue": 649842063, 
        "long_term_average": 72204673, 
        "short_term_average": 71043097
    }, 
    {
        "date": "2012-10-31", 
        "operating_revenue": 82871613, 
        "accumulated_operating_revenue": 732713676, 
        "long_term_average": 73271367, 
        "short_term_average": 77655822
    }, 
    {
        "date": "2012-11-30", 
        "operating_revenue": 83121538, 
        "accumulated_operating_revenue": 815835214, 
        "long_term_average": 74166837, 
        "short_term_average": 81713511
    }, 
    {
        "date": "2012-12-31", 
        "operating_revenue": 78542506, 
        "accumulated_operating_revenue": 894377720, 
        "long_term_average": 74531476, 
        "short_term_average": 81511885
    }, 
    {
        "accumulated_operating_revenue_yoy": 24.874263533256467, 
        "accumulated_operating_revenue": 88368851, 
        "long_term_average": 75998358, 
        "date": "2013-01-31", 
        "operating_revenue": 88368851, 
        "short_term_average": 83344298
    }, 
    {
        "accumulated_operating_revenue_yoy": 19.38261141841478, 
        "accumulated_operating_revenue": 170542394, 
        "long_term_average": 76838873, 
        "date": "2013-02-28", 
        "operating_revenue": 82173543, 
        "short_term_average": 83028300
    }, 
    {
        "accumulated_operating_revenue_yoy": 7.628439374166258, 
        "accumulated_operating_revenue": 247817407, 
        "long_term_average": 75995200, 
        "date": "2013-03-31", 
        "operating_revenue": 77275013, 
        "short_term_average": 82605802
    }, 
    {
        "accumulated_operating_revenue_yoy": -0.10573786657878381, 
        "accumulated_operating_revenue": 316347345, 
        "long_term_average": 74503572, 
        "date": "2013-04-30", 
        "operating_revenue": 68529938, 
        "short_term_average": 75992831
    }, 
    {
        "accumulated_operating_revenue_yoy": -0.33795857180102684, 
        "accumulated_operating_revenue": 382052317, 
        "long_term_average": 74423513, 
        "date": "2013-05-31", 
        "operating_revenue": 65704972, 
        "short_term_average": 70503307
    }, 
    {
        "accumulated_operating_revenue_yoy": 2.653068044458292, 
        "accumulated_operating_revenue": 448299059, 
        "long_term_average": 75497000, 
        "date": "2013-06-30", 
        "operating_revenue": 66246742, 
        "short_term_average": 66827217
    }, 
    {
        "accumulated_operating_revenue_yoy": 5.064182687977129, 
        "accumulated_operating_revenue": 525054270, 
        "long_term_average": 76640481, 
        "date": "2013-07-31", 
        "operating_revenue": 76755211, 
        "short_term_average": 69568975
    }, 
    {
        "accumulated_operating_revenue_yoy": 7.111870396268631, 
        "accumulated_operating_revenue": 611281746, 
        "long_term_average": 77913732, 
        "date": "2013-08-31", 
        "operating_revenue": 86227476, 
        "short_term_average": 76409809
    }, 
    {
        "accumulated_operating_revenue_yoy": 5.269711357542579, 
        "accumulated_operating_revenue": 684086864, 
        "long_term_average": 77385210, 
        "date": "2013-09-30", 
        "operating_revenue": 72805118, 
        "short_term_average": 78595935
    }, 
    {
        "accumulated_operating_revenue_yoy": 3.853343389758157, 
        "accumulated_operating_revenue": 760947650, 
        "long_term_average": 76884307, 
        "date": "2013-10-31", 
        "operating_revenue": 76860786, 
        "short_term_average": 78631126
    }, 
    {
        "accumulated_operating_revenue_yoy": 3.174764040033212, 
        "accumulated_operating_revenue": 841736057, 
        "long_term_average": 76689880, 
        "date": "2013-11-30", 
        "operating_revenue": 80788407, 
        "short_term_average": 76818103
    }, 
    {
        "accumulated_operating_revenue_yoy": 4.1320539603781725, 
        "accumulated_operating_revenue": 931333890, 
        "long_term_average": 77611157, 
        "date": "2013-12-31", 
        "operating_revenue": 89597833, 
        "short_term_average": 82415675
    }, 
    {
        "accumulated_operating_revenue_yoy": 2.494471722847228, 
        "accumulated_operating_revenue": 90573187, 
        "long_term_average": 77794852, 
        "date": "2014-01-31", 
        "operating_revenue": 90573187, 
        "short_term_average": 86986475
    }, 
    {
        "accumulated_operating_revenue_yoy": 3.2121192106638308, 
        "accumulated_operating_revenue": 176020419, 
        "long_term_average": 78067659, 
        "date": "2014-02-28", 
        "operating_revenue": 85447232, 
        "short_term_average": 88539417
    }, 
    {
        "accumulated_operating_revenue_yoy": 6.273050060603692, 
        "accumulated_operating_revenue": 263363117, 
        "long_term_average": 78906633, 
        "date": "2014-03-31", 
        "operating_revenue": 87342698, 
        "short_term_average": 87787705
    }, 
    {
        "accumulated_operating_revenue_yoy": 6.463659431059869, 
        "accumulated_operating_revenue": 336794960, 
        "long_term_average": 79315125, 
        "date": "2014-04-30", 
        "operating_revenue": 73431843, 
        "short_term_average": 82073924
    }, 
    {
        "accumulated_operating_revenue_yoy": 6.767594083194632, 
        "accumulated_operating_revenue": 407908067, 
        "long_term_average": 79765803, 
        "date": "2014-05-31", 
        "operating_revenue": 71113107, 
        "short_term_average": 77295882
    }, 
    {
        "accumulated_operating_revenue_yoy": 7.724258908158895, 
        "accumulated_operating_revenue": 482926839, 
        "long_term_average": 80496805, 
        "date": "2014-06-30", 
        "operating_revenue": 75018772, 
        "short_term_average": 73187907
    }, 
    {
        "accumulated_operating_revenue_yoy": 8.956747842465884, 
        "accumulated_operating_revenue": 572082057, 
        "long_term_average": 81530139, 
        "date": "2014-07-31", 
        "operating_revenue": 89155218, 
        "short_term_average": 78429032
    }, 
    {
        "accumulated_operating_revenue_yoy": 6.3160979781653745, 
        "accumulated_operating_revenue": 649890900, 
        "long_term_average": 80828587, 
        "date": "2014-08-31", 
        "operating_revenue": 77808843, 
        "short_term_average": 80660944
    }, 
    {
        "accumulated_operating_revenue_yoy": 5.111918506302439, 
        "accumulated_operating_revenue": 719056827, 
        "long_term_average": 80525321, 
        "date": "2014-09-30", 
        "operating_revenue": 69165927, 
        "short_term_average": 78709996
    }, 
    {
        "accumulated_operating_revenue_yoy": 4.609474515099691, 
        "accumulated_operating_revenue": 796023338, 
        "long_term_average": 80534131, 
        "date": "2014-10-31", 
        "operating_revenue": 76966511, 
        "short_term_average": 74647093
    }, 
    {
        "accumulated_operating_revenue_yoy": 2.0118501351071383, 
        "accumulated_operating_revenue": 858670525, 
        "long_term_average": 79022363, 
        "date": "2014-11-30", 
        "operating_revenue": 62647187, 
        "short_term_average": 69593208
    }, 
    {
        "accumulated_operating_revenue_yoy": -1.95940609441368, 
        "accumulated_operating_revenue": 913085277, 
        "long_term_average": 76090439, 
        "date": "2014-12-31", 
        "operating_revenue": 54414752, 
        "short_term_average": 64676150
    }, 
    {
        "accumulated_operating_revenue_yoy": -45.282204765522934, 
        "accumulated_operating_revenue": 49559651, 
        "long_term_average": 72672645, 
        "date": "2015-01-31", 
        "operating_revenue": 49559651, 
        "short_term_average": 55540530
    }, 
    {
        "accumulated_operating_revenue_yoy": -42.86693011451131, 
        "accumulated_operating_revenue": 100565869, 
        "long_term_average": 69802560, 
        "date": "2015-02-28", 
        "operating_revenue": 51006218, 
        "short_term_average": 51660207
    }, 
    {
        "accumulated_operating_revenue_yoy": -41.13277600674813, 
        "accumulated_operating_revenue": 155034556, 
        "long_term_average": 67063059, 
        "date": "2015-03-31", 
        "operating_revenue": 54468687, 
        "short_term_average": 51678185
    }, 
    {
        "accumulated_operating_revenue_yoy": -37.65094287634233, 
        "accumulated_operating_revenue": 209988482, 
        "long_term_average": 65523233, 
        "date": "2015-04-30", 
        "operating_revenue": 54953926, 
        "short_term_average": 53476277
    }, 
    {
        "accumulated_operating_revenue_yoy": -32.33612906213988, 
        "accumulated_operating_revenue": 276006388, 
        "long_term_average": 65098633, 
        "date": "2015-05-31", 
        "operating_revenue": 66017906, 
        "short_term_average": 58480173
    }, 
    {
        "accumulated_operating_revenue_yoy": -29.800920217648123, 
        "accumulated_operating_revenue": 339010197, 
        "long_term_average": 64097386, 
        "date": "2015-06-30", 
        "operating_revenue": 63003809, 
        "short_term_average": 61325213
    }, 
    {
        "accumulated_operating_revenue_yoy": -32.388804146675064, 
        "accumulated_operating_revenue": 386791520, 
        "long_term_average": 60649561, 
        "date": "2015-07-31", 
        "operating_revenue": 47781323, 
        "short_term_average": 58934346
    }, 
    {
        "accumulated_operating_revenue_yoy": -33.357043159090246, 
        "accumulated_operating_revenue": 433106512, 
        "long_term_average": 58025074, 
        "date": "2015-08-31", 
        "operating_revenue": 46314992, 
        "short_term_average": 52366708
    }
]