[
    {
        "date": "2012-01-31", 
        "operating_revenue": 94492, 
        "accumulated_operating_revenue": 94492, 
        "long_term_average": 94492, 
        "short_term_average": 94492
    }, 
    {
        "date": "2012-02-29", 
        "operating_revenue": 155968, 
        "accumulated_operating_revenue": 250460, 
        "long_term_average": 125230, 
        "short_term_average": 125230
    }, 
    {
        "date": "2012-03-31", 
        "operating_revenue": 205355, 
        "accumulated_operating_revenue": 455815, 
        "long_term_average": 151938, 
        "short_term_average": 151938
    }, 
    {
        "date": "2012-04-30", 
        "operating_revenue": 166513, 
        "accumulated_operating_revenue": 622328, 
        "long_term_average": 155582, 
        "short_term_average": 175945
    }, 
    {
        "date": "2012-05-31", 
        "operating_revenue": 166513, 
        "accumulated_operating_revenue": 788841, 
        "long_term_average": 157768, 
        "short_term_average": 179460
    }, 
    {
        "date": "2012-06-30", 
        "operating_revenue": 96705, 
        "accumulated_operating_revenue": 885546, 
        "long_term_average": 147591, 
        "short_term_average": 143243
    }, 
    {
        "date": "2012-07-31", 
        "operating_revenue": 101579, 
        "accumulated_operating_revenue": 987125, 
        "long_term_average": 141017, 
        "short_term_average": 121599
    }, 
    {
        "date": "2012-08-31", 
        "operating_revenue": 126570, 
        "accumulated_operating_revenue": 1113695, 
        "long_term_average": 139211, 
        "short_term_average": 108284
    }, 
    {
        "date": "2012-09-30", 
        "operating_revenue": 106648, 
        "accumulated_operating_revenue": 1220343, 
        "long_term_average": 135593, 
        "short_term_average": 111599
    }, 
    {
        "date": "2012-10-31", 
        "operating_revenue": 98584, 
        "accumulated_operating_revenue": 1318927, 
        "long_term_average": 131892, 
        "short_term_average": 110600
    }, 
    {
        "date": "2012-11-30", 
        "operating_revenue": 99525, 
        "accumulated_operating_revenue": 1418452, 
        "long_term_average": 128950, 
        "short_term_average": 101585
    }, 
    {
        "date": "2012-12-31", 
        "operating_revenue": 101130, 
        "accumulated_operating_revenue": 1519582, 
        "long_term_average": 126631, 
        "short_term_average": 99746
    }, 
    {
        "accumulated_operating_revenue_yoy": 22.77335647462219, 
        "accumulated_operating_revenue": 116011, 
        "long_term_average": 128425, 
        "date": "2013-01-31", 
        "operating_revenue": 116011, 
        "short_term_average": 105555
    }, 
    {
        "accumulated_operating_revenue_yoy": -9.38553062365248, 
        "accumulated_operating_revenue": 226953, 
        "long_term_average": 124672, 
        "date": "2013-02-28", 
        "operating_revenue": 110942, 
        "short_term_average": 109361
    }, 
    {
        "accumulated_operating_revenue_yoy": -4.586071103408181, 
        "accumulated_operating_revenue": 434911, 
        "long_term_average": 124889, 
        "date": "2013-03-31", 
        "operating_revenue": 207958, 
        "short_term_average": 144970
    }, 
    {
        "accumulated_operating_revenue_yoy": 0.5932562892879639, 
        "accumulated_operating_revenue": 626020, 
        "long_term_average": 126939, 
        "date": "2013-04-30", 
        "operating_revenue": 191109, 
        "short_term_average": 170003
    }, 
    {
        "accumulated_operating_revenue_yoy": 4.541219333173605, 
        "accumulated_operating_revenue": 824664, 
        "long_term_average": 129617, 
        "date": "2013-05-31", 
        "operating_revenue": 198644, 
        "short_term_average": 199237
    }, 
    {
        "accumulated_operating_revenue_yoy": 7.984452529851639, 
        "accumulated_operating_revenue": 956252, 
        "long_term_average": 132524, 
        "date": "2013-06-30", 
        "operating_revenue": 131588, 
        "short_term_average": 173780
    }, 
    {
        "accumulated_operating_revenue_yoy": 13.016183360769912, 
        "accumulated_operating_revenue": 1115611, 
        "long_term_average": 137339, 
        "date": "2013-07-31", 
        "operating_revenue": 159359, 
        "short_term_average": 163197
    }, 
    {
        "accumulated_operating_revenue_yoy": 11.874705372655889, 
        "accumulated_operating_revenue": 1245943, 
        "long_term_average": 137652, 
        "date": "2013-08-31", 
        "operating_revenue": 130332, 
        "short_term_average": 140426
    }, 
    {
        "accumulated_operating_revenue_yoy": 12.74805525987366, 
        "accumulated_operating_revenue": 1375913, 
        "long_term_average": 139596, 
        "date": "2013-09-30", 
        "operating_revenue": 129970, 
        "short_term_average": 139887
    }, 
    {
        "accumulated_operating_revenue_yoy": 13.582101208027433, 
        "accumulated_operating_revenue": 1498065, 
        "long_term_average": 141560, 
        "date": "2013-10-31", 
        "operating_revenue": 122152, 
        "short_term_average": 127484
    }, 
    {
        "accumulated_operating_revenue_yoy": 13.850451055093863, 
        "accumulated_operating_revenue": 1614914, 
        "long_term_average": 143003, 
        "date": "2013-11-30", 
        "operating_revenue": 116849, 
        "short_term_average": 122990
    }, 
    {
        "accumulated_operating_revenue_yoy": 15.923918551285816, 
        "accumulated_operating_revenue": 1761559, 
        "long_term_average": 146796, 
        "date": "2013-12-31", 
        "operating_revenue": 146645, 
        "short_term_average": 128548
    }, 
    {
        "accumulated_operating_revenue_yoy": 33.10117144063925, 
        "accumulated_operating_revenue": 154412, 
        "long_term_average": 149996, 
        "date": "2014-01-31", 
        "operating_revenue": 154412, 
        "short_term_average": 139302
    }, 
    {
        "accumulated_operating_revenue_yoy": 34.435323613259136, 
        "accumulated_operating_revenue": 305105, 
        "long_term_average": 153309, 
        "date": "2014-02-28", 
        "operating_revenue": 150693, 
        "short_term_average": 150583
    }, 
    {
        "accumulated_operating_revenue_yoy": 19.74151033199896, 
        "accumulated_operating_revenue": 520769, 
        "long_term_average": 153951, 
        "date": "2014-03-31", 
        "operating_revenue": 215664, 
        "short_term_average": 173589
    }, 
    {
        "accumulated_operating_revenue_yoy": 19.207373566339733, 
        "accumulated_operating_revenue": 746262, 
        "long_term_average": 156816, 
        "date": "2014-04-30", 
        "operating_revenue": 225493, 
        "short_term_average": 197283
    }, 
    {
        "accumulated_operating_revenue_yoy": 15.895686000601458, 
        "accumulated_operating_revenue": 955750, 
        "long_term_average": 157720, 
        "date": "2014-05-31", 
        "operating_revenue": 209488, 
        "short_term_average": 216881
    }, 
    {
        "accumulated_operating_revenue_yoy": 15.737483424871268, 
        "accumulated_operating_revenue": 1106742, 
        "long_term_average": 159337, 
        "date": "2014-06-30", 
        "operating_revenue": 150992, 
        "short_term_average": 195324
    }, 
    {
        "accumulated_operating_revenue_yoy": 14.110205080444707, 
        "accumulated_operating_revenue": 1273026, 
        "long_term_average": 159914, 
        "date": "2014-07-31", 
        "operating_revenue": 166284, 
        "short_term_average": 175588
    }, 
    {
        "accumulated_operating_revenue_yoy": 13.504389847689662, 
        "accumulated_operating_revenue": 1414200, 
        "long_term_average": 160818, 
        "date": "2014-08-31", 
        "operating_revenue": 141174, 
        "short_term_average": 152816
    }, 
    {
        "accumulated_operating_revenue_yoy": 12.727984981608575, 
        "accumulated_operating_revenue": 1551039, 
        "long_term_average": 161390, 
        "date": "2014-09-30", 
        "operating_revenue": 136839, 
        "short_term_average": 148099
    }, 
    {
        "accumulated_operating_revenue_yoy": 12.498322836459032, 
        "accumulated_operating_revenue": 1685298, 
        "long_term_average": 162399, 
        "date": "2014-10-31", 
        "operating_revenue": 134259, 
        "short_term_average": 137424
    }, 
    {
        "accumulated_operating_revenue_yoy": 11.471632545138627, 
        "accumulated_operating_revenue": 1800171, 
        "long_term_average": 162234, 
        "date": "2014-11-30", 
        "operating_revenue": 114873, 
        "short_term_average": 128657
    }, 
    {
        "accumulated_operating_revenue_yoy": 10.238714683981632, 
        "accumulated_operating_revenue": 1941920, 
        "long_term_average": 161826, 
        "date": "2014-12-31", 
        "operating_revenue": 141749, 
        "short_term_average": 130293
    }, 
    {
        "accumulated_operating_revenue_yoy": 21.711395487397354, 
        "accumulated_operating_revenue": 187937, 
        "long_term_average": 164620, 
        "date": "2015-01-31", 
        "operating_revenue": 187937, 
        "short_term_average": 148186
    }, 
    {
        "accumulated_operating_revenue_yoy": 5.991380016715557, 
        "accumulated_operating_revenue": 323385, 
        "long_term_average": 163350, 
        "date": "2015-02-28", 
        "operating_revenue": 135448, 
        "short_term_average": 155044
    }, 
    {
        "accumulated_operating_revenue_yoy": 4.161538033177859, 
        "accumulated_operating_revenue": 542441, 
        "long_term_average": 163632, 
        "date": "2015-03-31", 
        "operating_revenue": 219056, 
        "short_term_average": 180813
    }, 
    {
        "accumulated_operating_revenue_yoy": 2.000503844494293, 
        "accumulated_operating_revenue": 761191, 
        "long_term_average": 163070, 
        "date": "2015-04-30", 
        "operating_revenue": 218750, 
        "short_term_average": 191084
    }, 
    {
        "accumulated_operating_revenue_yoy": 2.1553753596651846, 
        "accumulated_operating_revenue": 976350, 
        "long_term_average": 163543, 
        "date": "2015-05-31", 
        "operating_revenue": 215159, 
        "short_term_average": 217655
    }, 
    {
        "accumulated_operating_revenue_yoy": 0.6426972139848312, 
        "accumulated_operating_revenue": 1113855, 
        "long_term_average": 162419, 
        "date": "2015-06-30", 
        "operating_revenue": 137505, 
        "short_term_average": 190471
    }, 
    {
        "accumulated_operating_revenue_yoy": -1.004535649703934, 
        "accumulated_operating_revenue": 1260238, 
        "long_term_average": 160761, 
        "date": "2015-07-31", 
        "operating_revenue": 146383, 
        "short_term_average": 166349
    }, 
    {
        "accumulated_operating_revenue_yoy": -1.4174798472634704, 
        "accumulated_operating_revenue": 1394154, 
        "long_term_average": 160156, 
        "date": "2015-08-31", 
        "operating_revenue": 133916, 
        "short_term_average": 139268
    }
]