[
    {
        "date": "2012-01-31", 
        "operating_revenue": 121361, 
        "accumulated_operating_revenue": 121361, 
        "long_term_average": 121361, 
        "short_term_average": 121361
    }, 
    {
        "date": "2012-02-29", 
        "operating_revenue": 220466, 
        "accumulated_operating_revenue": 341827, 
        "long_term_average": 170913, 
        "short_term_average": 170913
    }, 
    {
        "date": "2012-03-31", 
        "operating_revenue": 298004, 
        "accumulated_operating_revenue": 639831, 
        "long_term_average": 213277, 
        "short_term_average": 213277
    }, 
    {
        "date": "2012-04-30", 
        "operating_revenue": 227132, 
        "accumulated_operating_revenue": 866963, 
        "long_term_average": 216740, 
        "short_term_average": 248534
    }, 
    {
        "date": "2012-05-31", 
        "operating_revenue": 309420, 
        "accumulated_operating_revenue": 1176383, 
        "long_term_average": 235276, 
        "short_term_average": 278185
    }, 
    {
        "date": "2012-06-30", 
        "operating_revenue": 170982, 
        "accumulated_operating_revenue": 1347365, 
        "long_term_average": 224560, 
        "short_term_average": 235844
    }, 
    {
        "date": "2012-07-31", 
        "operating_revenue": 154102, 
        "accumulated_operating_revenue": 1501467, 
        "long_term_average": 214495, 
        "short_term_average": 211501
    }, 
    {
        "date": "2012-08-31", 
        "operating_revenue": 184896, 
        "accumulated_operating_revenue": 1686363, 
        "long_term_average": 210795, 
        "short_term_average": 169993
    }, 
    {
        "date": "2012-09-30", 
        "operating_revenue": 148220, 
        "accumulated_operating_revenue": 1834583, 
        "long_term_average": 203842, 
        "short_term_average": 162406
    }, 
    {
        "date": "2012-10-31", 
        "operating_revenue": 160669, 
        "accumulated_operating_revenue": 1995252, 
        "long_term_average": 199525, 
        "short_term_average": 164595
    }, 
    {
        "date": "2012-11-30", 
        "operating_revenue": 138415, 
        "accumulated_operating_revenue": 2133667, 
        "long_term_average": 193969, 
        "short_term_average": 149101
    }, 
    {
        "date": "2012-12-31", 
        "operating_revenue": 93253, 
        "accumulated_operating_revenue": 2226920, 
        "long_term_average": 185576, 
        "short_term_average": 130779
    }, 
    {
        "accumulated_operating_revenue_yoy": 40.955496411532536, 
        "accumulated_operating_revenue": 171065, 
        "long_term_average": 189718, 
        "date": "2013-01-31", 
        "operating_revenue": 171065, 
        "short_term_average": 134244
    }, 
    {
        "accumulated_operating_revenue_yoy": -4.50578801557513, 
        "accumulated_operating_revenue": 326425, 
        "long_term_average": 184293, 
        "date": "2013-02-28", 
        "operating_revenue": 155360, 
        "short_term_average": 139892
    }, 
    {
        "accumulated_operating_revenue_yoy": -3.233978972572445, 
        "accumulated_operating_revenue": 619139, 
        "long_term_average": 183852, 
        "date": "2013-03-31", 
        "operating_revenue": 292714, 
        "short_term_average": 206379
    }, 
    {
        "accumulated_operating_revenue_yoy": 2.5157936382521515, 
        "accumulated_operating_revenue": 888774, 
        "long_term_average": 187394, 
        "date": "2013-04-30", 
        "operating_revenue": 269635, 
        "short_term_average": 239236
    }, 
    {
        "accumulated_operating_revenue_yoy": -4.3462885811848695, 
        "accumulated_operating_revenue": 1125254, 
        "long_term_average": 181315, 
        "date": "2013-05-31", 
        "operating_revenue": 236480, 
        "short_term_average": 266276
    }, 
    {
        "accumulated_operating_revenue_yoy": -2.8047336838941193, 
        "accumulated_operating_revenue": 1309575, 
        "long_term_average": 182427, 
        "date": "2013-06-30", 
        "operating_revenue": 184321, 
        "short_term_average": 230145
    }, 
    {
        "accumulated_operating_revenue_yoy": -1.0584315206394812, 
        "accumulated_operating_revenue": 1485575, 
        "long_term_average": 184252, 
        "date": "2013-07-31", 
        "operating_revenue": 176000, 
        "short_term_average": 198933
    }, 
    {
        "accumulated_operating_revenue_yoy": -1.833057295493319, 
        "accumulated_operating_revenue": 1655451, 
        "long_term_average": 183000, 
        "date": "2013-08-31", 
        "operating_revenue": 169876, 
        "short_term_average": 176732
    }, 
    {
        "accumulated_operating_revenue_yoy": 0.7589735651098914, 
        "accumulated_operating_revenue": 1848507, 
        "long_term_average": 186737, 
        "date": "2013-09-30", 
        "operating_revenue": 193056, 
        "short_term_average": 179644
    }, 
    {
        "accumulated_operating_revenue_yoy": 3.3368216145128535, 
        "accumulated_operating_revenue": 2061830, 
        "long_term_average": 191124, 
        "date": "2013-10-31", 
        "operating_revenue": 213323, 
        "short_term_average": 192085
    }, 
    {
        "accumulated_operating_revenue_yoy": 5.106888750681339, 
        "accumulated_operating_revenue": 2242631, 
        "long_term_average": 194657, 
        "date": "2013-11-30", 
        "operating_revenue": 180801, 
        "short_term_average": 195726
    }, 
    {
        "accumulated_operating_revenue_yoy": 6.726734682880391, 
        "accumulated_operating_revenue": 2376719, 
        "long_term_average": 198059, 
        "date": "2013-12-31", 
        "operating_revenue": 134088, 
        "short_term_average": 176070
    }, 
    {
        "accumulated_operating_revenue_yoy": -2.2108555227545086, 
        "accumulated_operating_revenue": 167283, 
        "long_term_average": 197744, 
        "date": "2014-01-31", 
        "operating_revenue": 167283, 
        "short_term_average": 160724
    }, 
    {
        "accumulated_operating_revenue_yoy": 15.286512981542469, 
        "accumulated_operating_revenue": 376324, 
        "long_term_average": 202218, 
        "date": "2014-02-28", 
        "operating_revenue": 209041, 
        "short_term_average": 170137
    }, 
    {
        "accumulated_operating_revenue_yoy": 10.148125057539584, 
        "accumulated_operating_revenue": 681970, 
        "long_term_average": 203295, 
        "date": "2014-03-31", 
        "operating_revenue": 305646, 
        "short_term_average": 227323
    }, 
    {
        "accumulated_operating_revenue_yoy": 13.342199479282698, 
        "accumulated_operating_revenue": 1007356, 
        "long_term_average": 207941, 
        "date": "2014-04-30", 
        "operating_revenue": 325386, 
        "short_term_average": 280024
    }, 
    {
        "accumulated_operating_revenue_yoy": 20.39921653244512, 
        "accumulated_operating_revenue": 1354797, 
        "long_term_average": 217188, 
        "date": "2014-05-31", 
        "operating_revenue": 347441, 
        "short_term_average": 326157
    }, 
    {
        "accumulated_operating_revenue_yoy": 19.021514613519653, 
        "accumulated_operating_revenue": 1558676, 
        "long_term_average": 218818, 
        "date": "2014-06-30", 
        "operating_revenue": 203879, 
        "short_term_average": 292235
    }, 
    {
        "accumulated_operating_revenue_yoy": 21.295188731635896, 
        "accumulated_operating_revenue": 1801931, 
        "long_term_average": 224422, 
        "date": "2014-07-31", 
        "operating_revenue": 243255, 
        "short_term_average": 264858
    }, 
    {
        "accumulated_operating_revenue_yoy": 16.593605005524175, 
        "accumulated_operating_revenue": 1930150, 
        "long_term_average": 220951, 
        "date": "2014-08-31", 
        "operating_revenue": 128219, 
        "short_term_average": 191784
    }, 
    {
        "accumulated_operating_revenue_yoy": 14.784472009032154, 
        "accumulated_operating_revenue": 2121799, 
        "long_term_average": 220834, 
        "date": "2014-09-30", 
        "operating_revenue": 191649, 
        "short_term_average": 187707
    }, 
    {
        "accumulated_operating_revenue_yoy": 13.26287812283263, 
        "accumulated_operating_revenue": 2335288, 
        "long_term_average": 220848, 
        "date": "2014-10-31", 
        "operating_revenue": 213489, 
        "short_term_average": 177785
    }, 
    {
        "accumulated_operating_revenue_yoy": 11.142805035692453, 
        "accumulated_operating_revenue": 2492523, 
        "long_term_average": 218884, 
        "date": "2014-11-30", 
        "operating_revenue": 157235, 
        "short_term_average": 187457
    }, 
    {
        "accumulated_operating_revenue_yoy": 13.77592386815606, 
        "accumulated_operating_revenue": 2704134, 
        "long_term_average": 225344, 
        "date": "2014-12-31", 
        "operating_revenue": 211611, 
        "short_term_average": 194111
    }, 
    {
        "accumulated_operating_revenue_yoy": 29.466233867159247, 
        "accumulated_operating_revenue": 216575, 
        "long_term_average": 229452, 
        "date": "2015-01-31", 
        "operating_revenue": 216575, 
        "short_term_average": 195140
    }, 
    {
        "accumulated_operating_revenue_yoy": 9.033970727351964, 
        "accumulated_operating_revenue": 410321, 
        "long_term_average": 228177, 
        "date": "2015-02-28", 
        "operating_revenue": 193746, 
        "short_term_average": 207310
    }, 
    {
        "accumulated_operating_revenue_yoy": -0.3608663137674678, 
        "accumulated_operating_revenue": 679509, 
        "long_term_average": 225139, 
        "date": "2015-03-31", 
        "operating_revenue": 269188, 
        "short_term_average": 226503
    }, 
    {
        "accumulated_operating_revenue_yoy": -7.207978113000767, 
        "accumulated_operating_revenue": 934746, 
        "long_term_average": 219293, 
        "date": "2015-04-30", 
        "operating_revenue": 255237, 
        "short_term_average": 239390
    }, 
    {
        "accumulated_operating_revenue_yoy": -11.363695077565126, 
        "accumulated_operating_revenue": 1200842, 
        "long_term_average": 212514, 
        "date": "2015-05-31", 
        "operating_revenue": 266096, 
        "short_term_average": 263507
    }, 
    {
        "accumulated_operating_revenue_yoy": -10.518029404443258, 
        "accumulated_operating_revenue": 1394734, 
        "long_term_average": 211682, 
        "date": "2015-06-30", 
        "operating_revenue": 193892, 
        "short_term_average": 238408
    }, 
    {
        "accumulated_operating_revenue_yoy": -13.965018638338538, 
        "accumulated_operating_revenue": 1550291, 
        "long_term_average": 204374, 
        "date": "2015-07-31", 
        "operating_revenue": 155557, 
        "short_term_average": 205181
    }, 
    {
        "accumulated_operating_revenue_yoy": -9.78597518327591, 
        "accumulated_operating_revenue": 1741266, 
        "long_term_average": 209604, 
        "date": "2015-08-31", 
        "operating_revenue": 190975, 
        "short_term_average": 180141
    }
]