[
    {
        "date": "2011-09-30", 
        "operating_revenue": 316354, 
        "accumulated_operating_revenue": 316354, 
        "long_term_average": 316354, 
        "short_term_average": 316354
    }, 
    {
        "date": "2011-10-31", 
        "operating_revenue": 279694, 
        "accumulated_operating_revenue": 596048, 
        "long_term_average": 298024, 
        "short_term_average": 298024
    }, 
    {
        "date": "2011-11-30", 
        "operating_revenue": 269042, 
        "accumulated_operating_revenue": 865090, 
        "long_term_average": 288363, 
        "short_term_average": 288363
    }, 
    {
        "date": "2011-12-31", 
        "operating_revenue": 277805, 
        "accumulated_operating_revenue": 1142895, 
        "long_term_average": 285723, 
        "short_term_average": 275513
    }, 
    {
        "date": "2012-01-31", 
        "operating_revenue": 259730, 
        "accumulated_operating_revenue": 259730, 
        "long_term_average": 280525, 
        "short_term_average": 268859
    }, 
    {
        "date": "2012-02-29", 
        "operating_revenue": 253010, 
        "accumulated_operating_revenue": 512740, 
        "long_term_average": 275939, 
        "short_term_average": 263515
    }, 
    {
        "date": "2012-03-31", 
        "operating_revenue": 274310, 
        "accumulated_operating_revenue": 787050, 
        "long_term_average": 275706, 
        "short_term_average": 262350
    }, 
    {
        "date": "2012-04-30", 
        "operating_revenue": 336820, 
        "accumulated_operating_revenue": 1123870, 
        "long_term_average": 283345, 
        "short_term_average": 288046
    }, 
    {
        "date": "2012-05-31", 
        "operating_revenue": 301104, 
        "accumulated_operating_revenue": 1424974, 
        "long_term_average": 285318, 
        "short_term_average": 304078
    }, 
    {
        "date": "2012-06-30", 
        "operating_revenue": 286049, 
        "accumulated_operating_revenue": 1711023, 
        "long_term_average": 285391, 
        "short_term_average": 307991
    }, 
    {
        "date": "2012-07-31", 
        "operating_revenue": 268542, 
        "accumulated_operating_revenue": 1979565, 
        "long_term_average": 283860, 
        "short_term_average": 285231
    }, 
    {
        "date": "2012-08-31", 
        "operating_revenue": 276031, 
        "accumulated_operating_revenue": 2255596, 
        "long_term_average": 283207, 
        "short_term_average": 276874
    }, 
    {
        "accumulated_operating_revenue_yoy": 697.2910094387933, 
        "accumulated_operating_revenue": 2522262, 
        "long_term_average": 279066, 
        "date": "2012-09-30", 
        "operating_revenue": 266666, 
        "short_term_average": 270413
    }, 
    {
        "accumulated_operating_revenue_yoy": 368.94948057874535, 
        "accumulated_operating_revenue": 2795164, 
        "long_term_average": 278500, 
        "date": "2012-10-31", 
        "operating_revenue": 272902, 
        "short_term_average": 271866
    }, 
    {
        "accumulated_operating_revenue_yoy": 252.2279762799246, 
        "accumulated_operating_revenue": 3047089, 
        "long_term_average": 277074, 
        "date": "2012-11-30", 
        "operating_revenue": 251925, 
        "short_term_average": 263831
    }, 
    {
        "accumulated_operating_revenue_yoy": 190.37558130886913, 
        "accumulated_operating_revenue": 3318688, 
        "long_term_average": 276557, 
        "date": "2012-12-31", 
        "operating_revenue": 271599, 
        "short_term_average": 265475
    }, 
    {
        "accumulated_operating_revenue_yoy": 21.310591768374852, 
        "accumulated_operating_revenue": 315080, 
        "long_term_average": 281169, 
        "date": "2013-01-31", 
        "operating_revenue": 315080, 
        "short_term_average": 279534
    }, 
    {
        "accumulated_operating_revenue_yoy": 8.093575691383547, 
        "accumulated_operating_revenue": 554239, 
        "long_term_average": 280015, 
        "date": "2013-02-28", 
        "operating_revenue": 239159, 
        "short_term_average": 275279
    }, 
    {
        "accumulated_operating_revenue_yoy": 7.4342163776126045, 
        "accumulated_operating_revenue": 845561, 
        "long_term_average": 281433, 
        "date": "2013-03-31", 
        "operating_revenue": 291322, 
        "short_term_average": 281853
    }, 
    {
        "accumulated_operating_revenue_yoy": 4.338491106622652, 
        "accumulated_operating_revenue": 1172629, 
        "long_term_average": 280620, 
        "date": "2013-04-30", 
        "operating_revenue": 327068, 
        "short_term_average": 285849
    }, 
    {
        "accumulated_operating_revenue_yoy": 4.625066843324861, 
        "accumulated_operating_revenue": 1490880, 
        "long_term_average": 282049, 
        "date": "2013-05-31", 
        "operating_revenue": 318251, 
        "short_term_average": 312213
    }, 
    {
        "accumulated_operating_revenue_yoy": 5.377718476022824, 
        "accumulated_operating_revenue": 1803037, 
        "long_term_average": 284225, 
        "date": "2013-06-30", 
        "operating_revenue": 312157, 
        "short_term_average": 319158
    }, 
    {
        "accumulated_operating_revenue_yoy": 5.599462508177302, 
        "accumulated_operating_revenue": 2090410, 
        "long_term_average": 285794, 
        "date": "2013-07-31", 
        "operating_revenue": 287373, 
        "short_term_average": 305927
    }, 
    {
        "accumulated_operating_revenue_yoy": 4.50523941344106, 
        "accumulated_operating_revenue": 2357216, 
        "long_term_average": 285025, 
        "date": "2013-08-31", 
        "operating_revenue": 266806, 
        "short_term_average": 288778
    }, 
    {
        "accumulated_operating_revenue_yoy": 5.1340820263715665, 
        "accumulated_operating_revenue": 2651757, 
        "long_term_average": 287348, 
        "date": "2013-09-30", 
        "operating_revenue": 294541, 
        "short_term_average": 282906
    }, 
    {
        "accumulated_operating_revenue_yoy": 4.937170055138088, 
        "accumulated_operating_revenue": 2933166, 
        "long_term_average": 288057, 
        "date": "2013-10-31", 
        "operating_revenue": 281409, 
        "short_term_average": 280918
    }, 
    {
        "accumulated_operating_revenue_yoy": 4.842293743307137, 
        "accumulated_operating_revenue": 3194638, 
        "long_term_average": 288853, 
        "date": "2013-11-30", 
        "operating_revenue": 261472, 
        "short_term_average": 279140
    }, 
    {
        "accumulated_operating_revenue_yoy": 4.411653038791233, 
        "accumulated_operating_revenue": 3465097, 
        "long_term_average": 288758, 
        "date": "2013-12-31", 
        "operating_revenue": 270459, 
        "short_term_average": 271113
    }, 
    {
        "accumulated_operating_revenue_yoy": 0.6858575599847658, 
        "accumulated_operating_revenue": 317241, 
        "long_term_average": 288938, 
        "date": "2014-01-31", 
        "operating_revenue": 317241, 
        "short_term_average": 283057
    }, 
    {
        "accumulated_operating_revenue_yoy": 2.5297750609394143, 
        "accumulated_operating_revenue": 568260, 
        "long_term_average": 289926, 
        "date": "2014-02-28", 
        "operating_revenue": 251019, 
        "short_term_average": 279573
    }, 
    {
        "accumulated_operating_revenue_yoy": -1.1068391281054826, 
        "accumulated_operating_revenue": 836202, 
        "long_term_average": 287978, 
        "date": "2014-03-31", 
        "operating_revenue": 267942, 
        "short_term_average": 278734
    }, 
    {
        "accumulated_operating_revenue_yoy": -2.303541870446663, 
        "accumulated_operating_revenue": 1145617, 
        "long_term_average": 286507, 
        "date": "2014-04-30", 
        "operating_revenue": 309415, 
        "short_term_average": 276125
    }, 
    {
        "accumulated_operating_revenue_yoy": -4.186789010517279, 
        "accumulated_operating_revenue": 1428460, 
        "long_term_average": 283556, 
        "date": "2014-05-31", 
        "operating_revenue": 282843, 
        "short_term_average": 286733
    }, 
    {
        "accumulated_operating_revenue_yoy": -6.37685194480202, 
        "accumulated_operating_revenue": 1688060, 
        "long_term_average": 279176, 
        "date": "2014-06-30", 
        "operating_revenue": 259600, 
        "short_term_average": 283952
    }, 
    {
        "accumulated_operating_revenue_yoy": -5.586511736931989, 
        "accumulated_operating_revenue": 1973629, 
        "long_term_average": 279026, 
        "date": "2014-07-31", 
        "operating_revenue": 285569, 
        "short_term_average": 276004
    }, 
    {
        "accumulated_operating_revenue_yoy": -5.239782862495419, 
        "accumulated_operating_revenue": 2233703, 
        "long_term_average": 278465, 
        "date": "2014-08-31", 
        "operating_revenue": 260074, 
        "short_term_average": 268414
    }, 
    {
        "accumulated_operating_revenue_yoy": -5.392123033897903, 
        "accumulated_operating_revenue": 2508771, 
        "long_term_average": 276842, 
        "date": "2014-09-30", 
        "operating_revenue": 275068, 
        "short_term_average": 273570
    }, 
    {
        "accumulated_operating_revenue_yoy": -4.538474808449299, 
        "accumulated_operating_revenue": 2800045, 
        "long_term_average": 277664, 
        "date": "2014-10-31", 
        "operating_revenue": 291274, 
        "short_term_average": 275472
    }, 
    {
        "accumulated_operating_revenue_yoy": -3.750377977097875, 
        "accumulated_operating_revenue": 3074827, 
        "long_term_average": 278773, 
        "date": "2014-11-30", 
        "operating_revenue": 274782, 
        "short_term_average": 280374
    }, 
    {
        "accumulated_operating_revenue_yoy": -3.887077331457099, 
        "accumulated_operating_revenue": 3330406, 
        "long_term_average": 277533, 
        "date": "2014-12-31", 
        "operating_revenue": 255579, 
        "short_term_average": 273878
    }, 
    {
        "accumulated_operating_revenue_yoy": -5.143093105872191, 
        "accumulated_operating_revenue": 300925, 
        "long_term_average": 276174, 
        "date": "2015-01-31", 
        "operating_revenue": 300925, 
        "short_term_average": 277095
    }, 
    {
        "accumulated_operating_revenue_yoy": -8.534297680639144, 
        "accumulated_operating_revenue": 519763, 
        "long_term_average": 273492, 
        "date": "2015-02-28", 
        "operating_revenue": 218838, 
        "short_term_average": 258447
    }, 
    {
        "accumulated_operating_revenue_yoy": -9.033941559575318, 
        "accumulated_operating_revenue": 760660, 
        "long_term_average": 271238, 
        "date": "2015-03-31", 
        "operating_revenue": 240897, 
        "short_term_average": 253553
    }, 
    {
        "accumulated_operating_revenue_yoy": -9.481266426737731, 
        "accumulated_operating_revenue": 1036998, 
        "long_term_average": 268482, 
        "date": "2015-04-30", 
        "operating_revenue": 276338, 
        "short_term_average": 245357
    }, 
    {
        "accumulated_operating_revenue_yoy": -10.17816389678395, 
        "accumulated_operating_revenue": 1283069, 
        "long_term_average": 265417, 
        "date": "2015-05-31", 
        "operating_revenue": 246071, 
        "short_term_average": 254435
    }, 
    {
        "accumulated_operating_revenue_yoy": -6.7271897918320445, 
        "accumulated_operating_revenue": 1574501, 
        "long_term_average": 268070, 
        "date": "2015-06-30", 
        "operating_revenue": 291432, 
        "short_term_average": 271280
    }, 
    {
        "accumulated_operating_revenue_yoy": -7.3714968720058325, 
        "accumulated_operating_revenue": 1828143, 
        "long_term_average": 265410, 
        "date": "2015-07-31", 
        "operating_revenue": 253642, 
        "short_term_average": 263715
    }, 
    {
        "accumulated_operating_revenue_yoy": -6.904812322855813, 
        "accumulated_operating_revenue": 2079470, 
        "long_term_average": 264681, 
        "date": "2015-08-31", 
        "operating_revenue": 251327, 
        "short_term_average": 265467
    }, 
    {
        "accumulated_operating_revenue_yoy": -7.576817493505785, 
        "accumulated_operating_revenue": 2318686, 
        "long_term_average": 261693, 
        "date": "2015-09-30", 
        "operating_revenue": 239216, 
        "short_term_average": 248061
    }
]