[
    {
        "date": "2011-09-30", 
        "operating_revenue": 241114, 
        "accumulated_operating_revenue": 241114, 
        "long_term_average": 241114, 
        "short_term_average": 241114
    }, 
    {
        "date": "2011-10-31", 
        "operating_revenue": 236120, 
        "accumulated_operating_revenue": 477234, 
        "long_term_average": 238617, 
        "short_term_average": 238617
    }, 
    {
        "date": "2011-11-30", 
        "operating_revenue": 320626, 
        "accumulated_operating_revenue": 797860, 
        "long_term_average": 265953, 
        "short_term_average": 265953
    }, 
    {
        "date": "2011-12-31", 
        "operating_revenue": 314479, 
        "accumulated_operating_revenue": 1112339, 
        "long_term_average": 278084, 
        "short_term_average": 290408
    }, 
    {
        "date": "2012-01-31", 
        "operating_revenue": 179175, 
        "accumulated_operating_revenue": 179175, 
        "long_term_average": 258302, 
        "short_term_average": 271426
    }, 
    {
        "date": "2012-02-29", 
        "operating_revenue": 207086, 
        "accumulated_operating_revenue": 386261, 
        "long_term_average": 249766, 
        "short_term_average": 233580
    }, 
    {
        "date": "2012-03-31", 
        "operating_revenue": 235983, 
        "accumulated_operating_revenue": 622244, 
        "long_term_average": 247797, 
        "short_term_average": 207414
    }, 
    {
        "date": "2012-04-30", 
        "operating_revenue": 180358, 
        "accumulated_operating_revenue": 802602, 
        "long_term_average": 239367, 
        "short_term_average": 207809
    }, 
    {
        "date": "2012-05-31", 
        "operating_revenue": 305082, 
        "accumulated_operating_revenue": 1107684, 
        "long_term_average": 246669, 
        "short_term_average": 240474
    }, 
    {
        "date": "2012-06-30", 
        "operating_revenue": 260581, 
        "accumulated_operating_revenue": 1368265, 
        "long_term_average": 248060, 
        "short_term_average": 248673
    }, 
    {
        "date": "2012-07-31", 
        "operating_revenue": 243921, 
        "accumulated_operating_revenue": 1612186, 
        "long_term_average": 247684, 
        "short_term_average": 269861
    }, 
    {
        "date": "2012-08-31", 
        "operating_revenue": 205913, 
        "accumulated_operating_revenue": 1818099, 
        "long_term_average": 244203, 
        "short_term_average": 236805
    }, 
    {
        "accumulated_operating_revenue_yoy": 743.6594308086632, 
        "accumulated_operating_revenue": 2034181, 
        "long_term_average": 242117, 
        "date": "2012-09-30", 
        "operating_revenue": 216082, 
        "short_term_average": 221972
    }, 
    {
        "accumulated_operating_revenue_yoy": 367.0813479341371, 
        "accumulated_operating_revenue": 2229071, 
        "long_term_average": 238681, 
        "date": "2012-10-31", 
        "operating_revenue": 194890, 
        "short_term_average": 205628
    }, 
    {
        "accumulated_operating_revenue_yoy": 208.74113252951645, 
        "accumulated_operating_revenue": 2463322, 
        "long_term_average": 231483, 
        "date": "2012-11-30", 
        "operating_revenue": 234251, 
        "short_term_average": 215074
    }, 
    {
        "accumulated_operating_revenue_yoy": 145.041664456609, 
        "accumulated_operating_revenue": 2725694, 
        "long_term_average": 227141, 
        "date": "2012-12-31", 
        "operating_revenue": 262372, 
        "short_term_average": 230504
    }, 
    {
        "accumulated_operating_revenue_yoy": 17.00293009627459, 
        "accumulated_operating_revenue": 209640, 
        "long_term_average": 229679, 
        "date": "2013-01-31", 
        "operating_revenue": 209640, 
        "short_term_average": 235421
    }, 
    {
        "accumulated_operating_revenue_yoy": -1.8021493239027495, 
        "accumulated_operating_revenue": 379300, 
        "long_term_average": 226561, 
        "date": "2013-02-28", 
        "operating_revenue": 169660, 
        "short_term_average": 213890
    }, 
    {
        "accumulated_operating_revenue_yoy": -4.712942189880497, 
        "accumulated_operating_revenue": 592918, 
        "long_term_average": 224697, 
        "date": "2013-03-31", 
        "operating_revenue": 213618, 
        "short_term_average": 197639
    }, 
    {
        "accumulated_operating_revenue_yoy": 4.8879768552782075, 
        "accumulated_operating_revenue": 841833, 
        "long_term_average": 230410, 
        "date": "2013-04-30", 
        "operating_revenue": 248915, 
        "short_term_average": 210731
    }, 
    {
        "accumulated_operating_revenue_yoy": -4.57206206824329, 
        "accumulated_operating_revenue": 1057040, 
        "long_term_average": 222920, 
        "date": "2013-05-31", 
        "operating_revenue": 215207, 
        "short_term_average": 225913
    }, 
    {
        "accumulated_operating_revenue_yoy": -4.712610495773846, 
        "accumulated_operating_revenue": 1303784, 
        "long_term_average": 221767, 
        "date": "2013-06-30", 
        "operating_revenue": 246744, 
        "short_term_average": 236955
    }, 
    {
        "accumulated_operating_revenue_yoy": -2.252779766106392, 
        "accumulated_operating_revenue": 1575867, 
        "long_term_average": 224114, 
        "date": "2013-07-31", 
        "operating_revenue": 272083, 
        "short_term_average": 244678
    }, 
    {
        "accumulated_operating_revenue_yoy": -1.7522148133847497, 
        "accumulated_operating_revenue": 1786242, 
        "long_term_average": 224486, 
        "date": "2013-08-31", 
        "operating_revenue": 210375, 
        "short_term_average": 243067
    }, 
    {
        "accumulated_operating_revenue_yoy": -1.462111778647033, 
        "accumulated_operating_revenue": 2004439, 
        "long_term_average": 224662, 
        "date": "2013-09-30", 
        "operating_revenue": 218197, 
        "short_term_average": 233551
    }, 
    {
        "accumulated_operating_revenue_yoy": 0.636991823050948, 
        "accumulated_operating_revenue": 2243270, 
        "long_term_average": 228324, 
        "date": "2013-10-31", 
        "operating_revenue": 238831, 
        "short_term_average": 222467
    }, 
    {
        "accumulated_operating_revenue_yoy": -0.44500881330171205, 
        "accumulated_operating_revenue": 2452360, 
        "long_term_average": 226227, 
        "date": "2013-11-30", 
        "operating_revenue": 209090, 
        "short_term_average": 222039
    }, 
    {
        "accumulated_operating_revenue_yoy": -1.7257256317106764, 
        "accumulated_operating_revenue": 2678656, 
        "long_term_average": 223221, 
        "date": "2013-12-31", 
        "operating_revenue": 226296, 
        "short_term_average": 224739
    }, 
    {
        "accumulated_operating_revenue_yoy": -16.930929211982445, 
        "accumulated_operating_revenue": 174146, 
        "long_term_average": 220263, 
        "date": "2014-01-31", 
        "operating_revenue": 174146, 
        "short_term_average": 203177
    }, 
    {
        "accumulated_operating_revenue_yoy": -8.677036646453994, 
        "accumulated_operating_revenue": 346388, 
        "long_term_average": 220478, 
        "date": "2014-02-28", 
        "operating_revenue": 172242, 
        "short_term_average": 190894
    }, 
    {
        "accumulated_operating_revenue_yoy": -2.1444786631540955, 
        "accumulated_operating_revenue": 580203, 
        "long_term_average": 222161, 
        "date": "2014-03-31", 
        "operating_revenue": 233815, 
        "short_term_average": 193401
    }, 
    {
        "accumulated_operating_revenue_yoy": -6.413623604681688, 
        "accumulated_operating_revenue": 787841, 
        "long_term_average": 218722, 
        "date": "2014-04-30", 
        "operating_revenue": 207638, 
        "short_term_average": 204565
    }, 
    {
        "accumulated_operating_revenue_yoy": 1.3609702565655035, 
        "accumulated_operating_revenue": 1071426, 
        "long_term_average": 224420, 
        "date": "2014-05-31", 
        "operating_revenue": 283585, 
        "short_term_average": 241679
    }, 
    {
        "accumulated_operating_revenue_yoy": 1.377298693648641, 
        "accumulated_operating_revenue": 1321741, 
        "long_term_average": 224717, 
        "date": "2014-06-30", 
        "operating_revenue": 250315, 
        "short_term_average": 247179
    }, 
    {
        "accumulated_operating_revenue_yoy": -0.233204959555597, 
        "accumulated_operating_revenue": 1572192, 
        "long_term_average": 222915, 
        "date": "2014-07-31", 
        "operating_revenue": 250451, 
        "short_term_average": 261450
    }, 
    {
        "accumulated_operating_revenue_yoy": -1.174141017846406, 
        "accumulated_operating_revenue": 1765269, 
        "long_term_average": 221473, 
        "date": "2014-08-31", 
        "operating_revenue": 193077, 
        "short_term_average": 231281
    }, 
    {
        "accumulated_operating_revenue_yoy": 3.4321323821777563, 
        "accumulated_operating_revenue": 2073234, 
        "long_term_average": 228954, 
        "date": "2014-09-30", 
        "operating_revenue": 307965, 
        "short_term_average": 250497
    }, 
    {
        "accumulated_operating_revenue_yoy": 9.538040449878972, 
        "accumulated_operating_revenue": 2457234, 
        "long_term_average": 241051, 
        "date": "2014-10-31", 
        "operating_revenue": 384000, 
        "short_term_average": 295014
    }, 
    {
        "accumulated_operating_revenue_yoy": 8.761234076562985, 
        "accumulated_operating_revenue": 2667217, 
        "long_term_average": 241126, 
        "date": "2014-11-30", 
        "operating_revenue": 209983, 
        "short_term_average": 300649
    }, 
    {
        "accumulated_operating_revenue_yoy": 9.681459657380417, 
        "accumulated_operating_revenue": 2937989, 
        "long_term_average": 244832, 
        "date": "2014-12-31", 
        "operating_revenue": 270772, 
        "short_term_average": 288251
    }, 
    {
        "accumulated_operating_revenue_yoy": 76.71092072169328, 
        "accumulated_operating_revenue": 307735, 
        "long_term_average": 255964, 
        "date": "2015-01-31", 
        "operating_revenue": 307735, 
        "short_term_average": 262830
    }, 
    {
        "accumulated_operating_revenue_yoy": 37.30441008349019, 
        "accumulated_operating_revenue": 475606, 
        "long_term_average": 255600, 
        "date": "2015-02-28", 
        "operating_revenue": 167871, 
        "short_term_average": 248792
    }, 
    {
        "accumulated_operating_revenue_yoy": 20.886827541394997, 
        "accumulated_operating_revenue": 701389, 
        "long_term_average": 254931, 
        "date": "2015-03-31", 
        "operating_revenue": 225783, 
        "short_term_average": 233796
    }, 
    {
        "accumulated_operating_revenue_yoy": 19.53109827998289, 
        "accumulated_operating_revenue": 941715, 
        "long_term_average": 257655, 
        "date": "2015-04-30", 
        "operating_revenue": 240326, 
        "short_term_average": 211326
    }, 
    {
        "accumulated_operating_revenue_yoy": 8.61188733519627, 
        "accumulated_operating_revenue": 1163696, 
        "long_term_average": 252521, 
        "date": "2015-05-31", 
        "operating_revenue": 221981, 
        "short_term_average": 229363
    }, 
    {
        "accumulated_operating_revenue_yoy": 4.409108895010445, 
        "accumulated_operating_revenue": 1380018, 
        "long_term_average": 249688, 
        "date": "2015-06-30", 
        "operating_revenue": 216322, 
        "short_term_average": 226209
    }, 
    {
        "accumulated_operating_revenue_yoy": 0.674917567320022, 
        "accumulated_operating_revenue": 1582803, 
        "long_term_average": 245716, 
        "date": "2015-07-31", 
        "operating_revenue": 202785, 
        "short_term_average": 213696
    }, 
    {
        "accumulated_operating_revenue_yoy": 6.422307308404555, 
        "accumulated_operating_revenue": 1878640, 
        "long_term_average": 254280, 
        "date": "2015-08-31", 
        "operating_revenue": 295837, 
        "short_term_average": 238314
    }
]