[
    {
        "date": "2012-01-31", 
        "operating_revenue": 952748, 
        "accumulated_operating_revenue": 952748, 
        "long_term_average": 952748, 
        "short_term_average": 952748
    }, 
    {
        "date": "2012-02-29", 
        "operating_revenue": 984510, 
        "accumulated_operating_revenue": 1937258, 
        "long_term_average": 968629, 
        "short_term_average": 968629
    }, 
    {
        "date": "2012-03-31", 
        "operating_revenue": 1183842, 
        "accumulated_operating_revenue": 3121100, 
        "long_term_average": 1040366, 
        "short_term_average": 1040366
    }, 
    {
        "date": "2012-04-30", 
        "operating_revenue": 1028458, 
        "accumulated_operating_revenue": 4149558, 
        "long_term_average": 1037389, 
        "short_term_average": 1065603
    }, 
    {
        "date": "2012-05-31", 
        "operating_revenue": 1113675, 
        "accumulated_operating_revenue": 5263233, 
        "long_term_average": 1052646, 
        "short_term_average": 1108658
    }, 
    {
        "date": "2012-06-30", 
        "operating_revenue": 978904, 
        "accumulated_operating_revenue": 6242137, 
        "long_term_average": 1040356, 
        "short_term_average": 1040345
    }, 
    {
        "date": "2012-07-31", 
        "operating_revenue": 1036494, 
        "accumulated_operating_revenue": 7278631, 
        "long_term_average": 1039804, 
        "short_term_average": 1043024
    }, 
    {
        "date": "2012-08-31", 
        "operating_revenue": 1024596, 
        "accumulated_operating_revenue": 8303227, 
        "long_term_average": 1037903, 
        "short_term_average": 1013331
    }, 
    {
        "date": "2012-09-30", 
        "operating_revenue": 956343, 
        "accumulated_operating_revenue": 9259570, 
        "long_term_average": 1028841, 
        "short_term_average": 1005811
    }, 
    {
        "date": "2012-10-31", 
        "operating_revenue": 1126674, 
        "accumulated_operating_revenue": 10386244, 
        "long_term_average": 1038624, 
        "short_term_average": 1035871
    }, 
    {
        "date": "2012-11-30", 
        "operating_revenue": 1077521, 
        "accumulated_operating_revenue": 11463765, 
        "long_term_average": 1042160, 
        "short_term_average": 1053512
    }, 
    {
        "date": "2012-12-31", 
        "operating_revenue": 1160168, 
        "accumulated_operating_revenue": 12623933, 
        "long_term_average": 1051994, 
        "short_term_average": 1121454
    }, 
    {
        "accumulated_operating_revenue_yoy": 18.44454147371603, 
        "accumulated_operating_revenue": 1128478, 
        "long_term_average": 1066638, 
        "date": "2013-01-31", 
        "operating_revenue": 1128478, 
        "short_term_average": 1122055
    }, 
    {
        "accumulated_operating_revenue_yoy": 5.145778208168453, 
        "accumulated_operating_revenue": 2036945, 
        "long_term_average": 1060301, 
        "date": "2013-02-28", 
        "operating_revenue": 908467, 
        "short_term_average": 1065704
    }, 
    {
        "accumulated_operating_revenue_yoy": 0.6392938387107109, 
        "accumulated_operating_revenue": 3141053, 
        "long_term_average": 1053657, 
        "date": "2013-03-31", 
        "operating_revenue": 1104108, 
        "short_term_average": 1047017
    }, 
    {
        "accumulated_operating_revenue_yoy": 2.014551911312, 
        "accumulated_operating_revenue": 4233153, 
        "long_term_average": 1058960, 
        "date": "2013-04-30", 
        "operating_revenue": 1092100, 
        "short_term_average": 1034891
    }, 
    {
        "accumulated_operating_revenue_yoy": 3.67317958372734, 
        "accumulated_operating_revenue": 5456561, 
        "long_term_average": 1068105, 
        "date": "2013-05-31", 
        "operating_revenue": 1223408, 
        "short_term_average": 1139872
    }, 
    {
        "accumulated_operating_revenue_yoy": 5.191138867987037, 
        "accumulated_operating_revenue": 6566175, 
        "long_term_average": 1078997, 
        "date": "2013-06-30", 
        "operating_revenue": 1109614, 
        "short_term_average": 1141707
    }, 
    {
        "accumulated_operating_revenue_yoy": 5.974914788234216, 
        "accumulated_operating_revenue": 7713523, 
        "long_term_average": 1088235, 
        "date": "2013-07-31", 
        "operating_revenue": 1147348, 
        "short_term_average": 1160123
    }, 
    {
        "accumulated_operating_revenue_yoy": 7.282530033202754, 
        "accumulated_operating_revenue": 8907912, 
        "long_term_average": 1102384, 
        "date": "2013-08-31", 
        "operating_revenue": 1194389, 
        "short_term_average": 1150450
    }, 
    {
        "accumulated_operating_revenue_yoy": 8.138358476689522, 
        "accumulated_operating_revenue": 10013147, 
        "long_term_average": 1114792, 
        "date": "2013-09-30", 
        "operating_revenue": 1105235, 
        "short_term_average": 1148990
    }, 
    {
        "accumulated_operating_revenue_yoy": 8.11139233778833, 
        "accumulated_operating_revenue": 11228713, 
        "long_term_average": 1122200, 
        "date": "2013-10-31", 
        "operating_revenue": 1215566, 
        "short_term_average": 1171730
    }, 
    {
        "accumulated_operating_revenue_yoy": 8.450975748368883, 
        "accumulated_operating_revenue": 12432565, 
        "long_term_average": 1132727, 
        "date": "2013-11-30", 
        "operating_revenue": 1203852, 
        "short_term_average": 1174884
    }, 
    {
        "accumulated_operating_revenue_yoy": 8.196558077423257, 
        "accumulated_operating_revenue": 13658661, 
        "long_term_average": 1138221, 
        "date": "2013-12-31", 
        "operating_revenue": 1226096, 
        "short_term_average": 1215171
    }, 
    {
        "accumulated_operating_revenue_yoy": 13.061220511166368, 
        "accumulated_operating_revenue": 1275871, 
        "long_term_average": 1150504, 
        "date": "2014-01-31", 
        "operating_revenue": 1275871, 
        "short_term_average": 1235273
    }, 
    {
        "accumulated_operating_revenue_yoy": 17.298307023508244, 
        "accumulated_operating_revenue": 2389302, 
        "long_term_average": 1167584, 
        "date": "2014-02-28", 
        "operating_revenue": 1113431, 
        "short_term_average": 1205132
    }, 
    {
        "accumulated_operating_revenue_yoy": 16.873322417673307, 
        "accumulated_operating_revenue": 3671053, 
        "long_term_average": 1182388, 
        "date": "2014-03-31", 
        "operating_revenue": 1281751, 
        "short_term_average": 1223684
    }, 
    {
        "accumulated_operating_revenue_yoy": 17.0441040047454, 
        "accumulated_operating_revenue": 4954656, 
        "long_term_average": 1198347, 
        "date": "2014-04-30", 
        "operating_revenue": 1283603, 
        "short_term_average": 1226261
    }, 
    {
        "accumulated_operating_revenue_yoy": 13.221642715989063, 
        "accumulated_operating_revenue": 6178008, 
        "long_term_average": 1198342, 
        "date": "2014-05-31", 
        "operating_revenue": 1223352, 
        "short_term_average": 1262902
    }, 
    {
        "accumulated_operating_revenue_yoy": 12.33572056791054, 
        "accumulated_operating_revenue": 7376160, 
        "long_term_average": 1205720, 
        "date": "2014-06-30", 
        "operating_revenue": 1198152, 
        "short_term_average": 1235035
    }, 
    {
        "accumulated_operating_revenue_yoy": 10.982245077897609, 
        "accumulated_operating_revenue": 8560641, 
        "long_term_average": 1208814, 
        "date": "2014-07-31", 
        "operating_revenue": 1184481, 
        "short_term_average": 1201995
    }, 
    {
        "accumulated_operating_revenue_yoy": 9.321634519963826, 
        "accumulated_operating_revenue": 9738275, 
        "long_term_average": 1207418, 
        "date": "2014-08-31", 
        "operating_revenue": 1177634, 
        "short_term_average": 1186755
    }, 
    {
        "accumulated_operating_revenue_yoy": 8.87167640702768, 
        "accumulated_operating_revenue": 10901481, 
        "long_term_average": 1212249, 
        "date": "2014-09-30", 
        "operating_revenue": 1163206, 
        "short_term_average": 1175107
    }, 
    {
        "accumulated_operating_revenue_yoy": 8.091132082545881, 
        "accumulated_operating_revenue": 12137243, 
        "long_term_average": 1213932, 
        "date": "2014-10-31", 
        "operating_revenue": 1235762, 
        "short_term_average": 1192200
    }, 
    {
        "accumulated_operating_revenue_yoy": 7.276093066877189, 
        "accumulated_operating_revenue": 13337170, 
        "long_term_average": 1213605, 
        "date": "2014-11-30", 
        "operating_revenue": 1199927, 
        "short_term_average": 1199631
    }, 
    {
        "accumulated_operating_revenue_yoy": 7.682597876907553, 
        "accumulated_operating_revenue": 14708001, 
        "long_term_average": 1225666, 
        "date": "2014-12-31", 
        "operating_revenue": 1370831, 
        "short_term_average": 1268840
    }, 
    {
        "accumulated_operating_revenue_yoy": -2.411215553923555, 
        "accumulated_operating_revenue": 1245107, 
        "long_term_average": 1223103, 
        "date": "2015-01-31", 
        "operating_revenue": 1245107, 
        "short_term_average": 1271955
    }, 
    {
        "accumulated_operating_revenue_yoy": -7.328500122629957, 
        "accumulated_operating_revenue": 2214202, 
        "long_term_average": 1211075, 
        "date": "2015-02-28", 
        "operating_revenue": 969095, 
        "short_term_average": 1195011
    }, 
    {
        "accumulated_operating_revenue_yoy": -4.186727895238778, 
        "accumulated_operating_revenue": 3517356, 
        "long_term_average": 1212858, 
        "date": "2015-03-31", 
        "operating_revenue": 1303154, 
        "short_term_average": 1172452
    }, 
    {
        "accumulated_operating_revenue_yoy": -5.609854649848547, 
        "accumulated_operating_revenue": 4676707, 
        "long_term_average": 1202504, 
        "date": "2015-04-30", 
        "operating_revenue": 1159351, 
        "short_term_average": 1143866
    }, 
    {
        "accumulated_operating_revenue_yoy": -5.012942683143175, 
        "accumulated_operating_revenue": 5868308, 
        "long_term_average": 1199858, 
        "date": "2015-05-31", 
        "operating_revenue": 1191601, 
        "short_term_average": 1218035
    }, 
    {
        "accumulated_operating_revenue_yoy": -3.671463200364417, 
        "accumulated_operating_revenue": 7105347, 
        "long_term_average": 1203099, 
        "date": "2015-06-30", 
        "operating_revenue": 1237039, 
        "short_term_average": 1195997
    }, 
    {
        "accumulated_operating_revenue_yoy": -3.2098180498399596, 
        "accumulated_operating_revenue": 8285860, 
        "long_term_average": 1202768, 
        "date": "2015-07-31", 
        "operating_revenue": 1180513, 
        "short_term_average": 1203051
    }, 
    {
        "accumulated_operating_revenue_yoy": -2.547935851061918, 
        "accumulated_operating_revenue": 9490150, 
        "long_term_average": 1204989, 
        "date": "2015-08-31", 
        "operating_revenue": 1204290, 
        "short_term_average": 1207280
    }
]