[
    {
        "date": "2012-01-31", 
        "operating_revenue": 238799, 
        "accumulated_operating_revenue": 238799, 
        "long_term_average": 238799, 
        "short_term_average": 238799
    }, 
    {
        "date": "2012-02-29", 
        "operating_revenue": 210193, 
        "accumulated_operating_revenue": 448992, 
        "long_term_average": 224496, 
        "short_term_average": 224496
    }, 
    {
        "date": "2012-03-31", 
        "operating_revenue": 232991, 
        "accumulated_operating_revenue": 681983, 
        "long_term_average": 227327, 
        "short_term_average": 227327
    }, 
    {
        "date": "2012-04-30", 
        "operating_revenue": 221197, 
        "accumulated_operating_revenue": 903180, 
        "long_term_average": 225795, 
        "short_term_average": 221460
    }, 
    {
        "date": "2012-05-31", 
        "operating_revenue": 240735, 
        "accumulated_operating_revenue": 1143915, 
        "long_term_average": 228783, 
        "short_term_average": 231641
    }, 
    {
        "date": "2012-06-30", 
        "operating_revenue": 257740, 
        "accumulated_operating_revenue": 1401655, 
        "long_term_average": 233609, 
        "short_term_average": 239890
    }, 
    {
        "date": "2012-07-31", 
        "operating_revenue": 199037, 
        "accumulated_operating_revenue": 1600692, 
        "long_term_average": 228670, 
        "short_term_average": 232504
    }, 
    {
        "date": "2012-08-31", 
        "operating_revenue": 200234, 
        "accumulated_operating_revenue": 1800926, 
        "long_term_average": 225115, 
        "short_term_average": 219003
    }, 
    {
        "date": "2012-09-30", 
        "operating_revenue": 201842, 
        "accumulated_operating_revenue": 2002768, 
        "long_term_average": 222529, 
        "short_term_average": 200371
    }, 
    {
        "date": "2012-10-31", 
        "operating_revenue": 204038, 
        "accumulated_operating_revenue": 2206806, 
        "long_term_average": 220680, 
        "short_term_average": 202038
    }, 
    {
        "date": "2012-11-30", 
        "operating_revenue": 225621, 
        "accumulated_operating_revenue": 2432427, 
        "long_term_average": 221129, 
        "short_term_average": 210500
    }, 
    {
        "date": "2012-12-31", 
        "operating_revenue": 297582, 
        "accumulated_operating_revenue": 2730009, 
        "long_term_average": 227500, 
        "short_term_average": 242413
    }, 
    {
        "accumulated_operating_revenue_yoy": -33.90047697017157, 
        "accumulated_operating_revenue": 157845, 
        "long_term_average": 220754, 
        "date": "2013-01-31", 
        "operating_revenue": 157845, 
        "short_term_average": 227016
    }, 
    {
        "accumulated_operating_revenue_yoy": -32.49679281590763, 
        "accumulated_operating_revenue": 303084, 
        "long_term_average": 215341, 
        "date": "2013-02-28", 
        "operating_revenue": 145239, 
        "short_term_average": 200222
    }, 
    {
        "accumulated_operating_revenue_yoy": -18.18652371100159, 
        "accumulated_operating_revenue": 557954, 
        "long_term_average": 217165, 
        "date": "2013-03-31", 
        "operating_revenue": 254870, 
        "short_term_average": 185984
    }, 
    {
        "accumulated_operating_revenue_yoy": -16.151486968267676, 
        "accumulated_operating_revenue": 757303, 
        "long_term_average": 215344, 
        "date": "2013-04-30", 
        "operating_revenue": 199349, 
        "short_term_average": 199819
    }, 
    {
        "accumulated_operating_revenue_yoy": -10.660057784013672, 
        "accumulated_operating_revenue": 1021973, 
        "long_term_average": 217338, 
        "date": "2013-05-31", 
        "operating_revenue": 264670, 
        "short_term_average": 239629
    }, 
    {
        "accumulated_operating_revenue_yoy": -8.618668645280044, 
        "accumulated_operating_revenue": 1280851, 
        "long_term_average": 217433, 
        "date": "2013-06-30", 
        "operating_revenue": 258878, 
        "short_term_average": 240965
    }, 
    {
        "accumulated_operating_revenue_yoy": -1.5828779053059552, 
        "accumulated_operating_revenue": 1575355, 
        "long_term_average": 225389, 
        "date": "2013-07-31", 
        "operating_revenue": 294504, 
        "short_term_average": 272684
    }, 
    {
        "accumulated_operating_revenue_yoy": 2.8124420437041833, 
        "accumulated_operating_revenue": 1851576, 
        "long_term_average": 231721, 
        "date": "2013-08-31", 
        "operating_revenue": 276221, 
        "short_term_average": 276534
    }, 
    {
        "accumulated_operating_revenue_yoy": 4.316825513489331, 
        "accumulated_operating_revenue": 2089224, 
        "long_term_average": 234705, 
        "date": "2013-09-30", 
        "operating_revenue": 237648, 
        "short_term_average": 269457
    }, 
    {
        "accumulated_operating_revenue_yoy": 6.631439283743111, 
        "accumulated_operating_revenue": 2353149, 
        "long_term_average": 239696, 
        "date": "2013-10-31", 
        "operating_revenue": 263925, 
        "short_term_average": 259264
    }, 
    {
        "accumulated_operating_revenue_yoy": 6.565459107303118, 
        "accumulated_operating_revenue": 2592127, 
        "long_term_average": 240809, 
        "date": "2013-11-30", 
        "operating_revenue": 238978, 
        "short_term_average": 246850
    }, 
    {
        "accumulated_operating_revenue_yoy": 3.998338467016043, 
        "accumulated_operating_revenue": 2839164, 
        "long_term_average": 236597, 
        "date": "2013-12-31", 
        "operating_revenue": 247037, 
        "short_term_average": 249980
    }, 
    {
        "accumulated_operating_revenue_yoy": 54.82910450125122, 
        "accumulated_operating_revenue": 244390, 
        "long_term_average": 243809, 
        "date": "2014-01-31", 
        "operating_revenue": 244390, 
        "short_term_average": 243468
    }, 
    {
        "accumulated_operating_revenue_yoy": 57.381122065170054, 
        "accumulated_operating_revenue": 476997, 
        "long_term_average": 251089, 
        "date": "2014-02-28", 
        "operating_revenue": 232607, 
        "short_term_average": 241344
    }, 
    {
        "accumulated_operating_revenue_yoy": 33.22460274502916, 
        "accumulated_operating_revenue": 743332, 
        "long_term_average": 252045, 
        "date": "2014-03-31", 
        "operating_revenue": 266335, 
        "short_term_average": 247777
    }, 
    {
        "accumulated_operating_revenue_yoy": 38.093207078276464, 
        "accumulated_operating_revenue": 1045784, 
        "long_term_average": 260637, 
        "date": "2014-04-30", 
        "operating_revenue": 302452, 
        "short_term_average": 267131
    }, 
    {
        "accumulated_operating_revenue_yoy": 31.43820825012011, 
        "accumulated_operating_revenue": 1343263, 
        "long_term_average": 263371, 
        "date": "2014-05-31", 
        "operating_revenue": 297479, 
        "short_term_average": 288755
    }, 
    {
        "accumulated_operating_revenue_yoy": 27.135162481818732, 
        "accumulated_operating_revenue": 1628412, 
        "long_term_average": 265560, 
        "date": "2014-06-30", 
        "operating_revenue": 285149, 
        "short_term_average": 295026
    }, 
    {
        "accumulated_operating_revenue_yoy": 22.36962462429103, 
        "accumulated_operating_revenue": 1927756, 
        "long_term_average": 265963, 
        "date": "2014-07-31", 
        "operating_revenue": 299344, 
        "short_term_average": 293990
    }, 
    {
        "accumulated_operating_revenue_yoy": 19.065542003136787, 
        "accumulated_operating_revenue": 2204589, 
        "long_term_average": 266014, 
        "date": "2014-08-31", 
        "operating_revenue": 276833, 
        "short_term_average": 287108
    }, 
    {
        "accumulated_operating_revenue_yoy": 17.595911209137938, 
        "accumulated_operating_revenue": 2456842, 
        "long_term_average": 267231, 
        "date": "2014-09-30", 
        "operating_revenue": 252253, 
        "short_term_average": 276143
    }, 
    {
        "accumulated_operating_revenue_yoy": 14.626570608151034, 
        "accumulated_operating_revenue": 2697334, 
        "long_term_average": 265279, 
        "date": "2014-10-31", 
        "operating_revenue": 240492, 
        "short_term_average": 256526
    }, 
    {
        "accumulated_operating_revenue_yoy": 13.678882246124516, 
        "accumulated_operating_revenue": 2946701, 
        "long_term_average": 266144, 
        "date": "2014-11-30", 
        "operating_revenue": 249367, 
        "short_term_average": 247370
    }, 
    {
        "accumulated_operating_revenue_yoy": 11.71985838084732, 
        "accumulated_operating_revenue": 3171910, 
        "long_term_average": 264325, 
        "date": "2014-12-31", 
        "operating_revenue": 225209, 
        "short_term_average": 238356
    }, 
    {
        "accumulated_operating_revenue_yoy": -2.313924464994476, 
        "accumulated_operating_revenue": 238735, 
        "long_term_average": 263854, 
        "date": "2015-01-31", 
        "operating_revenue": 238735, 
        "short_term_average": 237770
    }, 
    {
        "accumulated_operating_revenue_yoy": -13.97660781933639, 
        "accumulated_operating_revenue": 410329, 
        "long_term_average": 258770, 
        "date": "2015-02-28", 
        "operating_revenue": 171594, 
        "short_term_average": 211846
    }, 
    {
        "accumulated_operating_revenue_yoy": -3.9785721588738276, 
        "accumulated_operating_revenue": 713758, 
        "long_term_average": 261861, 
        "date": "2015-03-31", 
        "operating_revenue": 303429, 
        "short_term_average": 237919
    }, 
    {
        "accumulated_operating_revenue_yoy": -12.090450800547723, 
        "accumulated_operating_revenue": 919344, 
        "long_term_average": 253789, 
        "date": "2015-04-30", 
        "operating_revenue": 205586, 
        "short_term_average": 226869
    }, 
    {
        "accumulated_operating_revenue_yoy": -13.495346778702308, 
        "accumulated_operating_revenue": 1161985, 
        "long_term_average": 249219, 
        "date": "2015-05-31", 
        "operating_revenue": 242641, 
        "short_term_average": 250552
    }, 
    {
        "accumulated_operating_revenue_yoy": -14.104600064357179, 
        "accumulated_operating_revenue": 1398731, 
        "long_term_average": 245185, 
        "date": "2015-06-30", 
        "operating_revenue": 236746, 
        "short_term_average": 228324
    }, 
    {
        "accumulated_operating_revenue_yoy": -16.105772722273983, 
        "accumulated_operating_revenue": 1617276, 
        "long_term_average": 238452, 
        "date": "2015-07-31", 
        "operating_revenue": 218545, 
        "short_term_average": 232644
    }, 
    {
        "accumulated_operating_revenue_yoy": -14.586301573672008, 
        "accumulated_operating_revenue": 1883021, 
        "long_term_average": 237528, 
        "date": "2015-08-31", 
        "operating_revenue": 265745, 
        "short_term_average": 240345
    }, 
    {
        "accumulated_operating_revenue_yoy": -15.965699055942547, 
        "accumulated_operating_revenue": 2064590, 
        "long_term_average": 231638, 
        "date": "2015-09-30", 
        "operating_revenue": 181569, 
        "short_term_average": 221953
    }
]