[
    {
        "date": "2012-01-31", 
        "operating_revenue": 853491, 
        "accumulated_operating_revenue": 853491, 
        "long_term_average": 853491, 
        "short_term_average": 853491
    }, 
    {
        "date": "2012-02-29", 
        "operating_revenue": 674835, 
        "accumulated_operating_revenue": 1528326, 
        "long_term_average": 764163, 
        "short_term_average": 764163
    }, 
    {
        "date": "2012-03-31", 
        "operating_revenue": 771200, 
        "accumulated_operating_revenue": 2299526, 
        "long_term_average": 766508, 
        "short_term_average": 766508
    }, 
    {
        "date": "2012-04-30", 
        "operating_revenue": 828117, 
        "accumulated_operating_revenue": 3127643, 
        "long_term_average": 781910, 
        "short_term_average": 758050
    }, 
    {
        "date": "2012-05-31", 
        "operating_revenue": 840499, 
        "accumulated_operating_revenue": 3968142, 
        "long_term_average": 793628, 
        "short_term_average": 813272
    }, 
    {
        "date": "2012-06-30", 
        "operating_revenue": 811864, 
        "accumulated_operating_revenue": 4780006, 
        "long_term_average": 796667, 
        "short_term_average": 826826
    }, 
    {
        "date": "2012-07-31", 
        "operating_revenue": 1006580, 
        "accumulated_operating_revenue": 5786586, 
        "long_term_average": 826655, 
        "short_term_average": 886314
    }, 
    {
        "date": "2012-08-31", 
        "operating_revenue": 936997, 
        "accumulated_operating_revenue": 6723583, 
        "long_term_average": 840447, 
        "short_term_average": 918480
    }, 
    {
        "date": "2012-09-30", 
        "operating_revenue": 783722, 
        "accumulated_operating_revenue": 7507305, 
        "long_term_average": 834145, 
        "short_term_average": 909099
    }, 
    {
        "date": "2012-10-31", 
        "operating_revenue": 841195, 
        "accumulated_operating_revenue": 8348500, 
        "long_term_average": 834850, 
        "short_term_average": 853971
    }, 
    {
        "date": "2012-11-30", 
        "operating_revenue": 817849, 
        "accumulated_operating_revenue": 9166349, 
        "long_term_average": 833304, 
        "short_term_average": 814255
    }, 
    {
        "date": "2012-12-31", 
        "operating_revenue": 867133, 
        "accumulated_operating_revenue": 10033482, 
        "long_term_average": 836123, 
        "short_term_average": 842059
    }, 
    {
        "accumulated_operating_revenue_yoy": -11.067486358965708, 
        "accumulated_operating_revenue": 759031, 
        "long_term_average": 828251, 
        "date": "2013-01-31", 
        "operating_revenue": 759031, 
        "short_term_average": 814671
    }, 
    {
        "accumulated_operating_revenue_yoy": 15.103453059098648, 
        "accumulated_operating_revenue": 1759156, 
        "long_term_average": 855359, 
        "date": "2013-02-28", 
        "operating_revenue": 1000125, 
        "short_term_average": 875429
    }, 
    {
        "accumulated_operating_revenue_yoy": 19.05727528194941, 
        "accumulated_operating_revenue": 2737753, 
        "long_term_average": 872642, 
        "date": "2013-03-31", 
        "operating_revenue": 978597, 
        "short_term_average": 912584
    }, 
    {
        "accumulated_operating_revenue_yoy": 21.330631405182753, 
        "accumulated_operating_revenue": 3794789, 
        "long_term_average": 891719, 
        "date": "2013-04-30", 
        "operating_revenue": 1057036, 
        "short_term_average": 1011919
    }, 
    {
        "accumulated_operating_revenue_yoy": 19.04115326518053, 
        "accumulated_operating_revenue": 4723722, 
        "long_term_average": 899088, 
        "date": "2013-05-31", 
        "operating_revenue": 928933, 
        "short_term_average": 988188
    }, 
    {
        "accumulated_operating_revenue_yoy": 20.310037267735648, 
        "accumulated_operating_revenue": 5750827, 
        "long_term_average": 917025, 
        "date": "2013-06-30", 
        "operating_revenue": 1027105, 
        "short_term_average": 1004358
    }, 
    {
        "accumulated_operating_revenue_yoy": 21.209155104581527, 
        "accumulated_operating_revenue": 7013872, 
        "long_term_average": 938397, 
        "date": "2013-07-31", 
        "operating_revenue": 1263045, 
        "short_term_average": 1073027
    }, 
    {
        "accumulated_operating_revenue_yoy": 21.670514069656015, 
        "accumulated_operating_revenue": 8180618, 
        "long_term_average": 957543, 
        "date": "2013-08-31", 
        "operating_revenue": 1166746, 
        "short_term_average": 1152298
    }, 
    {
        "accumulated_operating_revenue_yoy": 23.03339214271966, 
        "accumulated_operating_revenue": 9236492, 
        "long_term_average": 980222, 
        "date": "2013-09-30", 
        "operating_revenue": 1055874, 
        "short_term_average": 1161888
    }, 
    {
        "accumulated_operating_revenue_yoy": 23.252380667185722, 
        "accumulated_operating_revenue": 10289725, 
        "long_term_average": 997892, 
        "date": "2013-10-31", 
        "operating_revenue": 1053233, 
        "short_term_average": 1091951
    }, 
    {
        "accumulated_operating_revenue_yoy": 22.88901502659347, 
        "accumulated_operating_revenue": 11264436, 
        "long_term_average": 1010964, 
        "date": "2013-11-30", 
        "operating_revenue": 974711, 
        "short_term_average": 1027939
    }, 
    {
        "accumulated_operating_revenue_yoy": 20.879999585388205, 
        "accumulated_operating_revenue": 12128473, 
        "long_term_average": 1010706, 
        "date": "2013-12-31", 
        "operating_revenue": 864037, 
        "short_term_average": 963993
    }, 
    {
        "accumulated_operating_revenue_yoy": 28.582495313103152, 
        "accumulated_operating_revenue": 975981, 
        "long_term_average": 1028785, 
        "date": "2014-01-31", 
        "operating_revenue": 975981, 
        "short_term_average": 938243
    }, 
    {
        "accumulated_operating_revenue_yoy": 12.235299200298325, 
        "accumulated_operating_revenue": 1974394, 
        "long_term_average": 1028642, 
        "date": "2014-02-28", 
        "operating_revenue": 998413, 
        "short_term_average": 946143
    }, 
    {
        "accumulated_operating_revenue_yoy": 8.280184516280322, 
        "accumulated_operating_revenue": 2964444, 
        "long_term_average": 1029597, 
        "date": "2014-03-31", 
        "operating_revenue": 990050, 
        "short_term_average": 988148
    }, 
    {
        "accumulated_operating_revenue_yoy": 8.156184704867648, 
        "accumulated_operating_revenue": 4104299, 
        "long_term_average": 1036498, 
        "date": "2014-04-30", 
        "operating_revenue": 1139855, 
        "short_term_average": 1042772
    }, 
    {
        "accumulated_operating_revenue_yoy": 11.786510721841802, 
        "accumulated_operating_revenue": 5280484, 
        "long_term_average": 1057102, 
        "date": "2014-05-31", 
        "operating_revenue": 1176185, 
        "short_term_average": 1102030
    }, 
    {
        "accumulated_operating_revenue_yoy": 12.894475872774471, 
        "accumulated_operating_revenue": 6492366, 
        "long_term_average": 1072501, 
        "date": "2014-06-30", 
        "operating_revenue": 1211882, 
        "short_term_average": 1175974
    }, 
    {
        "accumulated_operating_revenue_yoy": 12.624439111520713, 
        "accumulated_operating_revenue": 7899334, 
        "long_term_average": 1084494, 
        "date": "2014-07-31", 
        "operating_revenue": 1406968, 
        "short_term_average": 1265011
    }, 
    {
        "accumulated_operating_revenue_yoy": 11.055032761583538, 
        "accumulated_operating_revenue": 9084988, 
        "long_term_average": 1086070, 
        "date": "2014-08-31", 
        "operating_revenue": 1185654, 
        "short_term_average": 1268168
    }, 
    {
        "accumulated_operating_revenue_yoy": 8.828644034986443, 
        "accumulated_operating_revenue": 10051949, 
        "long_term_average": 1078660, 
        "date": "2014-09-30", 
        "operating_revenue": 966961, 
        "short_term_average": 1186527
    }, 
    {
        "accumulated_operating_revenue_yoy": 8.05524928994701, 
        "accumulated_operating_revenue": 11118588, 
        "long_term_average": 1079778, 
        "date": "2014-10-31", 
        "operating_revenue": 1066639, 
        "short_term_average": 1073084
    }, 
    {
        "accumulated_operating_revenue_yoy": 7.723280597448465, 
        "accumulated_operating_revenue": 12134420, 
        "long_term_average": 1083204, 
        "date": "2014-11-30", 
        "operating_revenue": 1015832, 
        "short_term_average": 1016477
    }, 
    {
        "accumulated_operating_revenue_yoy": 8.599903714177374, 
        "accumulated_operating_revenue": 13171510, 
        "long_term_average": 1097625, 
        "date": "2014-12-31", 
        "operating_revenue": 1037090, 
        "short_term_average": 1039853
    }, 
    {
        "accumulated_operating_revenue_yoy": -3.272707153110563, 
        "accumulated_operating_revenue": 944040, 
        "long_term_average": 1094964, 
        "date": "2015-01-31", 
        "operating_revenue": 944040, 
        "short_term_average": 998987
    }, 
    {
        "accumulated_operating_revenue_yoy": 3.368679199794975, 
        "accumulated_operating_revenue": 2040905, 
        "long_term_average": 1103168, 
        "date": "2015-02-28", 
        "operating_revenue": 1096865, 
        "short_term_average": 1025998
    }, 
    {
        "accumulated_operating_revenue_yoy": -3.8296894797135654, 
        "accumulated_operating_revenue": 2850915, 
        "long_term_average": 1088165, 
        "date": "2015-03-31", 
        "operating_revenue": 810010, 
        "short_term_average": 950305
    }, 
    {
        "accumulated_operating_revenue_yoy": -10.674222321521896, 
        "accumulated_operating_revenue": 3666197, 
        "long_term_average": 1061117, 
        "date": "2015-04-30", 
        "operating_revenue": 815282, 
        "short_term_average": 907385
    }, 
    {
        "accumulated_operating_revenue_yoy": -15.853603571187794, 
        "accumulated_operating_revenue": 4443337, 
        "long_term_average": 1027863, 
        "date": "2015-05-31", 
        "operating_revenue": 777140, 
        "short_term_average": 800810
    }, 
    {
        "accumulated_operating_revenue_yoy": -20.319033153706982, 
        "accumulated_operating_revenue": 5173180, 
        "long_term_average": 987693, 
        "date": "2015-06-30", 
        "operating_revenue": 729843, 
        "short_term_average": 774088
    }, 
    {
        "accumulated_operating_revenue_yoy": -23.524641444455952, 
        "accumulated_operating_revenue": 6041044, 
        "long_term_average": 942768, 
        "date": "2015-07-31", 
        "operating_revenue": 867864, 
        "short_term_average": 791615
    }, 
    {
        "accumulated_operating_revenue_yoy": -23.338996154975657, 
        "accumulated_operating_revenue": 6964643, 
        "long_term_average": 920930, 
        "date": "2015-08-31", 
        "operating_revenue": 923599, 
        "short_term_average": 840435
    }
]