[
    {
        "date": "2011-09-30", 
        "operating_revenue": 310053, 
        "accumulated_operating_revenue": 310053, 
        "long_term_average": 310053, 
        "short_term_average": 310053
    }, 
    {
        "date": "2011-10-31", 
        "operating_revenue": 271598, 
        "accumulated_operating_revenue": 581651, 
        "long_term_average": 290825, 
        "short_term_average": 290825
    }, 
    {
        "date": "2011-11-30", 
        "operating_revenue": 321474, 
        "accumulated_operating_revenue": 903125, 
        "long_term_average": 301041, 
        "short_term_average": 301041
    }, 
    {
        "date": "2011-12-31", 
        "operating_revenue": 326678, 
        "accumulated_operating_revenue": 1229803, 
        "long_term_average": 307450, 
        "short_term_average": 306583
    }, 
    {
        "date": "2012-01-31", 
        "operating_revenue": 280537, 
        "accumulated_operating_revenue": 280537, 
        "long_term_average": 302068, 
        "short_term_average": 309563
    }, 
    {
        "date": "2012-02-29", 
        "operating_revenue": 256592, 
        "accumulated_operating_revenue": 537129, 
        "long_term_average": 294488, 
        "short_term_average": 287935
    }, 
    {
        "date": "2012-03-31", 
        "operating_revenue": 258089, 
        "accumulated_operating_revenue": 795218, 
        "long_term_average": 289288, 
        "short_term_average": 265072
    }, 
    {
        "date": "2012-04-30", 
        "operating_revenue": 288731, 
        "accumulated_operating_revenue": 1083949, 
        "long_term_average": 289219, 
        "short_term_average": 267804
    }, 
    {
        "date": "2012-05-31", 
        "operating_revenue": 271786, 
        "accumulated_operating_revenue": 1355735, 
        "long_term_average": 287282, 
        "short_term_average": 272868
    }, 
    {
        "date": "2012-06-30", 
        "operating_revenue": 292817, 
        "accumulated_operating_revenue": 1648552, 
        "long_term_average": 287835, 
        "short_term_average": 284444
    }, 
    {
        "date": "2012-07-31", 
        "operating_revenue": 308078, 
        "accumulated_operating_revenue": 1956630, 
        "long_term_average": 289675, 
        "short_term_average": 290893
    }, 
    {
        "date": "2012-08-31", 
        "operating_revenue": 360138, 
        "accumulated_operating_revenue": 2316768, 
        "long_term_average": 295547, 
        "short_term_average": 320344
    }, 
    {
        "accumulated_operating_revenue_yoy": 751.7717938545991, 
        "accumulated_operating_revenue": 2640944, 
        "long_term_average": 296724, 
        "date": "2012-09-30", 
        "operating_revenue": 324176, 
        "short_term_average": 330797
    }, 
    {
        "accumulated_operating_revenue_yoy": 400.183787185099, 
        "accumulated_operating_revenue": 2909324, 
        "long_term_average": 296456, 
        "date": "2012-10-31", 
        "operating_revenue": 268380, 
        "short_term_average": 317564
    }, 
    {
        "accumulated_operating_revenue_yoy": 255.6212041522491, 
        "accumulated_operating_revenue": 3211704, 
        "long_term_average": 294865, 
        "date": "2012-11-30", 
        "operating_revenue": 302380, 
        "short_term_average": 298312
    }, 
    {
        "accumulated_operating_revenue_yoy": 187.6756683794071, 
        "accumulated_operating_revenue": 3537844, 
        "long_term_average": 294820, 
        "date": "2012-12-31", 
        "operating_revenue": 326140, 
        "short_term_average": 298966
    }, 
    {
        "accumulated_operating_revenue_yoy": 5.499096375879117, 
        "accumulated_operating_revenue": 295964, 
        "long_term_average": 296105, 
        "date": "2013-01-31", 
        "operating_revenue": 295964, 
        "short_term_average": 308161
    }, 
    {
        "accumulated_operating_revenue_yoy": 5.816293665022741, 
        "accumulated_operating_revenue": 568370, 
        "long_term_average": 297423, 
        "date": "2013-02-28", 
        "operating_revenue": 272406, 
        "short_term_average": 298170
    }, 
    {
        "accumulated_operating_revenue_yoy": 8.13952903480555, 
        "accumulated_operating_revenue": 859945, 
        "long_term_average": 300214, 
        "date": "2013-03-31", 
        "operating_revenue": 291575, 
        "short_term_average": 286648
    }, 
    {
        "accumulated_operating_revenue_yoy": 7.078192793203371, 
        "accumulated_operating_revenue": 1160673, 
        "long_term_average": 301214, 
        "date": "2013-04-30", 
        "operating_revenue": 300728, 
        "short_term_average": 288236
    }, 
    {
        "accumulated_operating_revenue_yoy": 8.309588525781217, 
        "accumulated_operating_revenue": 1468391, 
        "long_term_average": 304208, 
        "date": "2013-05-31", 
        "operating_revenue": 307718, 
        "short_term_average": 300007
    }, 
    {
        "accumulated_operating_revenue_yoy": 9.68862371341638, 
        "accumulated_operating_revenue": 1808274, 
        "long_term_average": 308130, 
        "date": "2013-06-30", 
        "operating_revenue": 339883, 
        "short_term_average": 316109
    }, 
    {
        "accumulated_operating_revenue_yoy": 10.2118438335301, 
        "accumulated_operating_revenue": 2156438, 
        "long_term_average": 311471, 
        "date": "2013-07-31", 
        "operating_revenue": 348164, 
        "short_term_average": 331921
    }, 
    {
        "accumulated_operating_revenue_yoy": 7.861857553281122, 
        "accumulated_operating_revenue": 2498909, 
        "long_term_average": 309998, 
        "date": "2013-08-31", 
        "operating_revenue": 342471, 
        "short_term_average": 343506
    }, 
    {
        "accumulated_operating_revenue_yoy": 6.367457999866715, 
        "accumulated_operating_revenue": 2809105, 
        "long_term_average": 308833, 
        "date": "2013-09-30", 
        "operating_revenue": 310196, 
        "short_term_average": 333610
    }, 
    {
        "accumulated_operating_revenue_yoy": 7.212672084649217, 
        "accumulated_operating_revenue": 3119164, 
        "long_term_average": 312307, 
        "date": "2013-10-31", 
        "operating_revenue": 310059, 
        "short_term_average": 320908
    }, 
    {
        "accumulated_operating_revenue_yoy": 6.9595143263513695, 
        "accumulated_operating_revenue": 3435223, 
        "long_term_average": 313446, 
        "date": "2013-11-30", 
        "operating_revenue": 316059, 
        "short_term_average": 312104
    }, 
    {
        "accumulated_operating_revenue_yoy": 6.007387550157667, 
        "accumulated_operating_revenue": 3750376, 
        "long_term_average": 312531, 
        "date": "2013-12-31", 
        "operating_revenue": 315153, 
        "short_term_average": 313757
    }, 
    {
        "accumulated_operating_revenue_yoy": 3.0608452379343434, 
        "accumulated_operating_revenue": 305023, 
        "long_term_average": 313286, 
        "date": "2014-01-31", 
        "operating_revenue": 305023, 
        "short_term_average": 312078
    }, 
    {
        "accumulated_operating_revenue_yoy": 7.237714868835441, 
        "accumulated_operating_revenue": 609507, 
        "long_term_average": 315959, 
        "date": "2014-02-28", 
        "operating_revenue": 304484, 
        "short_term_average": 308220
    }, 
    {
        "accumulated_operating_revenue_yoy": 6.757525190564513, 
        "accumulated_operating_revenue": 918056, 
        "long_term_average": 317373, 
        "date": "2014-03-31", 
        "operating_revenue": 308549, 
        "short_term_average": 306018
    }, 
    {
        "accumulated_operating_revenue_yoy": 7.5469145917928655, 
        "accumulated_operating_revenue": 1248268, 
        "long_term_average": 319830, 
        "date": "2014-04-30", 
        "operating_revenue": 330212, 
        "short_term_average": 314415
    }, 
    {
        "accumulated_operating_revenue_yoy": 6.7375787511636895, 
        "accumulated_operating_revenue": 1567325, 
        "long_term_average": 320775, 
        "date": "2014-05-31", 
        "operating_revenue": 319057, 
        "short_term_average": 319272
    }, 
    {
        "accumulated_operating_revenue_yoy": 5.653402083976212, 
        "accumulated_operating_revenue": 1910503, 
        "long_term_average": 321050, 
        "date": "2014-06-30", 
        "operating_revenue": 343178, 
        "short_term_average": 330815
    }, 
    {
        "accumulated_operating_revenue_yoy": 4.875725617893953, 
        "accumulated_operating_revenue": 2261580, 
        "long_term_average": 321293, 
        "date": "2014-07-31", 
        "operating_revenue": 351077, 
        "short_term_average": 337770
    }, 
    {
        "accumulated_operating_revenue_yoy": 4.58708180249861, 
        "accumulated_operating_revenue": 2613536, 
        "long_term_average": 322083, 
        "date": "2014-08-31", 
        "operating_revenue": 351956, 
        "short_term_average": 348737
    }, 
    {
        "accumulated_operating_revenue_yoy": 4.856493438301523, 
        "accumulated_operating_revenue": 2945529, 
        "long_term_average": 323900, 
        "date": "2014-09-30", 
        "operating_revenue": 331993, 
        "short_term_average": 345008
    }, 
    {
        "accumulated_operating_revenue_yoy": 4.883808610255825, 
        "accumulated_operating_revenue": 3271498, 
        "long_term_average": 325225, 
        "date": "2014-10-31", 
        "operating_revenue": 325969, 
        "short_term_average": 336639
    }, 
    {
        "accumulated_operating_revenue_yoy": 4.741351580377751, 
        "accumulated_operating_revenue": 3598099, 
        "long_term_average": 326104, 
        "date": "2014-11-30", 
        "operating_revenue": 326601, 
        "short_term_average": 328187
    }, 
    {
        "accumulated_operating_revenue_yoy": 4.656866404861805, 
        "accumulated_operating_revenue": 3925026, 
        "long_term_average": 327085, 
        "date": "2014-12-31", 
        "operating_revenue": 326927, 
        "short_term_average": 326499
    }, 
    {
        "accumulated_operating_revenue_yoy": 7.634834094478121, 
        "accumulated_operating_revenue": 328311, 
        "long_term_average": 329026, 
        "date": "2015-01-31", 
        "operating_revenue": 328311, 
        "short_term_average": 327279
    }, 
    {
        "accumulated_operating_revenue_yoy": 4.906260305459986, 
        "accumulated_operating_revenue": 639411, 
        "long_term_average": 329577, 
        "date": "2015-02-28", 
        "operating_revenue": 311100, 
        "short_term_average": 322112
    }, 
    {
        "accumulated_operating_revenue_yoy": 5.007101963278929, 
        "accumulated_operating_revenue": 964024, 
        "long_term_average": 330916, 
        "date": "2015-03-31", 
        "operating_revenue": 324613, 
        "short_term_average": 321341
    }, 
    {
        "accumulated_operating_revenue_yoy": 2.486004607984824, 
        "accumulated_operating_revenue": 1279300, 
        "long_term_average": 329671, 
        "date": "2015-04-30", 
        "operating_revenue": 315276, 
        "short_term_average": 316996
    }, 
    {
        "accumulated_operating_revenue_yoy": 2.7985261512449555, 
        "accumulated_operating_revenue": 1611187, 
        "long_term_average": 330740, 
        "date": "2015-05-31", 
        "operating_revenue": 331887, 
        "short_term_average": 323925
    }, 
    {
        "accumulated_operating_revenue_yoy": 3.7127918668539124, 
        "accumulated_operating_revenue": 1981436, 
        "long_term_average": 332996, 
        "date": "2015-06-30", 
        "operating_revenue": 370249, 
        "short_term_average": 339137
    }, 
    {
        "accumulated_operating_revenue_yoy": 4.079758398995392, 
        "accumulated_operating_revenue": 2353847, 
        "long_term_average": 334774, 
        "date": "2015-07-31", 
        "operating_revenue": 372411, 
        "short_term_average": 358182
    }, 
    {
        "accumulated_operating_revenue_yoy": 3.866026716295471, 
        "accumulated_operating_revenue": 2714576, 
        "long_term_average": 335505, 
        "date": "2015-08-31", 
        "operating_revenue": 360729, 
        "short_term_average": 367796
    }, 
    {
        "accumulated_operating_revenue_yoy": 3.8486125921693524, 
        "accumulated_operating_revenue": 3058891, 
        "long_term_average": 336532, 
        "date": "2015-09-30", 
        "operating_revenue": 344315, 
        "short_term_average": 359151
    }
]