[
    {
        "date": "2012-01-31", 
        "operating_revenue": 119932, 
        "accumulated_operating_revenue": 119932, 
        "long_term_average": 119932, 
        "short_term_average": 119932
    }, 
    {
        "date": "2012-02-29", 
        "operating_revenue": 132896, 
        "accumulated_operating_revenue": 252828, 
        "long_term_average": 126414, 
        "short_term_average": 126414
    }, 
    {
        "date": "2012-03-31", 
        "operating_revenue": 137854, 
        "accumulated_operating_revenue": 390682, 
        "long_term_average": 130227, 
        "short_term_average": 130227
    }, 
    {
        "date": "2012-04-30", 
        "operating_revenue": 162671, 
        "accumulated_operating_revenue": 553353, 
        "long_term_average": 138338, 
        "short_term_average": 144473
    }, 
    {
        "date": "2012-05-31", 
        "operating_revenue": 181953, 
        "accumulated_operating_revenue": 735306, 
        "long_term_average": 147061, 
        "short_term_average": 160826
    }, 
    {
        "date": "2012-06-30", 
        "operating_revenue": 217122, 
        "accumulated_operating_revenue": 952428, 
        "long_term_average": 158738, 
        "short_term_average": 187248
    }, 
    {
        "date": "2012-07-31", 
        "operating_revenue": 209982, 
        "accumulated_operating_revenue": 1162410, 
        "long_term_average": 166058, 
        "short_term_average": 203019
    }, 
    {
        "date": "2012-08-31", 
        "operating_revenue": 215957, 
        "accumulated_operating_revenue": 1378367, 
        "long_term_average": 172295, 
        "short_term_average": 214353
    }, 
    {
        "date": "2012-09-30", 
        "operating_revenue": 188424, 
        "accumulated_operating_revenue": 1566791, 
        "long_term_average": 174087, 
        "short_term_average": 204787
    }, 
    {
        "date": "2012-10-31", 
        "operating_revenue": 186740, 
        "accumulated_operating_revenue": 1753531, 
        "long_term_average": 175353, 
        "short_term_average": 197040
    }, 
    {
        "date": "2012-11-30", 
        "operating_revenue": 158635, 
        "accumulated_operating_revenue": 1912166, 
        "long_term_average": 173833, 
        "short_term_average": 177933
    }, 
    {
        "date": "2012-12-31", 
        "operating_revenue": 90675, 
        "accumulated_operating_revenue": 2002841, 
        "long_term_average": 166903, 
        "short_term_average": 145350
    }, 
    {
        "accumulated_operating_revenue_yoy": 4.589267251442484, 
        "accumulated_operating_revenue": 125436, 
        "long_term_average": 167362, 
        "date": "2013-01-31", 
        "operating_revenue": 125436, 
        "short_term_average": 124915
    }, 
    {
        "accumulated_operating_revenue_yoy": -22.936937364532408, 
        "accumulated_operating_revenue": 194837, 
        "long_term_average": 162070, 
        "date": "2013-02-28", 
        "operating_revenue": 69401, 
        "short_term_average": 95170
    }, 
    {
        "accumulated_operating_revenue_yoy": -31.057228129271376, 
        "accumulated_operating_revenue": 269347, 
        "long_term_average": 156792, 
        "date": "2013-03-31", 
        "operating_revenue": 74510, 
        "short_term_average": 89782
    }, 
    {
        "accumulated_operating_revenue_yoy": -31.68809060400865, 
        "accumulated_operating_revenue": 378006, 
        "long_term_average": 152291, 
        "date": "2013-04-30", 
        "operating_revenue": 108659, 
        "short_term_average": 84190
    }, 
    {
        "accumulated_operating_revenue_yoy": -26.95748436705263, 
        "accumulated_operating_revenue": 537086, 
        "long_term_average": 150385, 
        "date": "2013-05-31", 
        "operating_revenue": 159080, 
        "short_term_average": 114083
    }, 
    {
        "accumulated_operating_revenue_yoy": -24.9038247510573, 
        "accumulated_operating_revenue": 715237, 
        "long_term_average": 147137, 
        "date": "2013-06-30", 
        "operating_revenue": 178151, 
        "short_term_average": 148630
    }, 
    {
        "accumulated_operating_revenue_yoy": -23.493603805886046, 
        "accumulated_operating_revenue": 889318, 
        "long_term_average": 144145, 
        "date": "2013-07-31", 
        "operating_revenue": 174081, 
        "short_term_average": 170437
    }, 
    {
        "accumulated_operating_revenue_yoy": -24.483247204844574, 
        "accumulated_operating_revenue": 1040898, 
        "long_term_average": 138781, 
        "date": "2013-08-31", 
        "operating_revenue": 151580, 
        "short_term_average": 167937
    }, 
    {
        "accumulated_operating_revenue_yoy": -25.460256026489812, 
        "accumulated_operating_revenue": 1167882, 
        "long_term_average": 133661, 
        "date": "2013-09-30", 
        "operating_revenue": 126984, 
        "short_term_average": 150881
    }, 
    {
        "accumulated_operating_revenue_yoy": -26.142509028925065, 
        "accumulated_operating_revenue": 1295114, 
        "long_term_average": 128702, 
        "date": "2013-10-31", 
        "operating_revenue": 127232, 
        "short_term_average": 135265
    }, 
    {
        "accumulated_operating_revenue_yoy": -22.809473654483973, 
        "accumulated_operating_revenue": 1476011, 
        "long_term_average": 130557, 
        "date": "2013-11-30", 
        "operating_revenue": 180897, 
        "short_term_average": 145037
    }, 
    {
        "accumulated_operating_revenue_yoy": -12.277110364726905, 
        "accumulated_operating_revenue": 1756950, 
        "long_term_average": 146412, 
        "date": "2013-12-31", 
        "operating_revenue": 280939, 
        "short_term_average": 196356
    }, 
    {
        "accumulated_operating_revenue_yoy": 17.94301476450142, 
        "accumulated_operating_revenue": 147943, 
        "long_term_average": 148288, 
        "date": "2014-01-31", 
        "operating_revenue": 147943, 
        "short_term_average": 203259
    }, 
    {
        "accumulated_operating_revenue_yoy": 52.484384382843096, 
        "accumulated_operating_revenue": 297096, 
        "long_term_average": 154934, 
        "date": "2014-02-28", 
        "operating_revenue": 149153, 
        "short_term_average": 192678
    }, 
    {
        "accumulated_operating_revenue_yoy": 113.56094554607996, 
        "accumulated_operating_revenue": 575220, 
        "long_term_average": 171901, 
        "date": "2014-03-31", 
        "operating_revenue": 278124, 
        "short_term_average": 191740
    }, 
    {
        "accumulated_operating_revenue_yoy": 107.32025417585965, 
        "accumulated_operating_revenue": 783683, 
        "long_term_average": 180218, 
        "date": "2014-04-30", 
        "operating_revenue": 208463, 
        "short_term_average": 211913
    }, 
    {
        "accumulated_operating_revenue_yoy": 108.75744294209866, 
        "accumulated_operating_revenue": 1121207, 
        "long_term_average": 195089, 
        "date": "2014-05-31", 
        "operating_revenue": 337524, 
        "short_term_average": 274703
    }, 
    {
        "accumulated_operating_revenue_yoy": 78.60597256573695, 
        "accumulated_operating_revenue": 1277456, 
        "long_term_average": 193264, 
        "date": "2014-06-30", 
        "operating_revenue": 156249, 
        "short_term_average": 234078
    }, 
    {
        "accumulated_operating_revenue_yoy": 59.391241378224656, 
        "accumulated_operating_revenue": 1417495, 
        "long_term_average": 190427, 
        "date": "2014-07-31", 
        "operating_revenue": 140039, 
        "short_term_average": 211270
    }, 
    {
        "accumulated_operating_revenue_yoy": 48.44720616237134, 
        "accumulated_operating_revenue": 1545184, 
        "long_term_average": 188436, 
        "date": "2014-08-31", 
        "operating_revenue": 127689, 
        "short_term_average": 141325
    }, 
    {
        "accumulated_operating_revenue_yoy": 42.533149753142865, 
        "accumulated_operating_revenue": 1664619, 
        "long_term_average": 187807, 
        "date": "2014-09-30", 
        "operating_revenue": 119435, 
        "short_term_average": 129054
    }, 
    {
        "accumulated_operating_revenue_yoy": 37.94268303794106, 
        "accumulated_operating_revenue": 1786515, 
        "long_term_average": 187362, 
        "date": "2014-10-31", 
        "operating_revenue": 121896, 
        "short_term_average": 123006
    }, 
    {
        "accumulated_operating_revenue_yoy": 29.704453422095096, 
        "accumulated_operating_revenue": 1914452, 
        "long_term_average": 182949, 
        "date": "2014-11-30", 
        "operating_revenue": 127937, 
        "short_term_average": 123089
    }, 
    {
        "accumulated_operating_revenue_yoy": 16.57332308830644, 
        "accumulated_operating_revenue": 2048135, 
        "long_term_average": 170677, 
        "date": "2014-12-31", 
        "operating_revenue": 133683, 
        "short_term_average": 127838
    }, 
    {
        "accumulated_operating_revenue_yoy": -12.087763530548926, 
        "accumulated_operating_revenue": 130060, 
        "long_term_average": 169187, 
        "date": "2015-01-31", 
        "operating_revenue": 130060, 
        "short_term_average": 130560
    }, 
    {
        "accumulated_operating_revenue_yoy": -19.00463149958263, 
        "accumulated_operating_revenue": 240634, 
        "long_term_average": 165972, 
        "date": "2015-02-28", 
        "operating_revenue": 110574, 
        "short_term_average": 124772
    }, 
    {
        "accumulated_operating_revenue_yoy": -29.81502729390494, 
        "accumulated_operating_revenue": 403718, 
        "long_term_average": 156386, 
        "date": "2015-03-31", 
        "operating_revenue": 163084, 
        "short_term_average": 134572
    }, 
    {
        "accumulated_operating_revenue_yoy": -32.577713182498535, 
        "accumulated_operating_revenue": 528377, 
        "long_term_average": 149402, 
        "date": "2015-04-30", 
        "operating_revenue": 124659, 
        "short_term_average": 132772
    }, 
    {
        "accumulated_operating_revenue_yoy": -42.53121858853896, 
        "accumulated_operating_revenue": 644344, 
        "long_term_average": 130939, 
        "date": "2015-05-31", 
        "operating_revenue": 115967, 
        "short_term_average": 134570
    }, 
    {
        "accumulated_operating_revenue_yoy": -40.290546210593554, 
        "accumulated_operating_revenue": 762762, 
        "long_term_average": 127786, 
        "date": "2015-06-30", 
        "operating_revenue": 118418, 
        "short_term_average": 119681
    }, 
    {
        "accumulated_operating_revenue_yoy": -36.6638330293934, 
        "accumulated_operating_revenue": 897787, 
        "long_term_average": 127368, 
        "date": "2015-07-31", 
        "operating_revenue": 135025, 
        "short_term_average": 123136
    }, 
    {
        "accumulated_operating_revenue_yoy": -33.56855882535672, 
        "accumulated_operating_revenue": 1026488, 
        "long_term_average": 127453, 
        "date": "2015-08-31", 
        "operating_revenue": 128701, 
        "short_term_average": 127381
    }
]