[
    {
        "date": "2011-09-30", 
        "operating_revenue": 387710, 
        "accumulated_operating_revenue": 387710, 
        "long_term_average": 387710, 
        "short_term_average": 387710
    }, 
    {
        "date": "2011-10-31", 
        "operating_revenue": 382983, 
        "accumulated_operating_revenue": 770693, 
        "long_term_average": 385346, 
        "short_term_average": 385346
    }, 
    {
        "date": "2011-11-30", 
        "operating_revenue": 392831, 
        "accumulated_operating_revenue": 1163524, 
        "long_term_average": 387841, 
        "short_term_average": 387841
    }, 
    {
        "date": "2011-12-31", 
        "operating_revenue": 356753, 
        "accumulated_operating_revenue": 1520277, 
        "long_term_average": 380069, 
        "short_term_average": 377522
    }, 
    {
        "date": "2012-01-31", 
        "operating_revenue": 266628, 
        "accumulated_operating_revenue": 266628, 
        "long_term_average": 357381, 
        "short_term_average": 338737
    }, 
    {
        "date": "2012-02-29", 
        "operating_revenue": 333127, 
        "accumulated_operating_revenue": 599755, 
        "long_term_average": 353338, 
        "short_term_average": 318836
    }, 
    {
        "date": "2012-03-31", 
        "operating_revenue": 445546, 
        "accumulated_operating_revenue": 1045301, 
        "long_term_average": 366511, 
        "short_term_average": 348433
    }, 
    {
        "date": "2012-04-30", 
        "operating_revenue": 417303, 
        "accumulated_operating_revenue": 1462604, 
        "long_term_average": 372860, 
        "short_term_average": 398658
    }, 
    {
        "date": "2012-05-31", 
        "operating_revenue": 419978, 
        "accumulated_operating_revenue": 1882582, 
        "long_term_average": 378095, 
        "short_term_average": 427609
    }, 
    {
        "date": "2012-06-30", 
        "operating_revenue": 469664, 
        "accumulated_operating_revenue": 2352246, 
        "long_term_average": 387252, 
        "short_term_average": 435648
    }, 
    {
        "date": "2012-07-31", 
        "operating_revenue": 468404, 
        "accumulated_operating_revenue": 2820650, 
        "long_term_average": 394629, 
        "short_term_average": 452682
    }, 
    {
        "date": "2012-08-31", 
        "operating_revenue": 498368, 
        "accumulated_operating_revenue": 3319018, 
        "long_term_average": 403274, 
        "short_term_average": 478812
    }, 
    {
        "accumulated_operating_revenue_yoy": 880.6773103608368, 
        "accumulated_operating_revenue": 3802184, 
        "long_term_average": 411229, 
        "date": "2012-09-30", 
        "operating_revenue": 483166, 
        "short_term_average": 483312
    }, 
    {
        "accumulated_operating_revenue_yoy": 451.5224609539726, 
        "accumulated_operating_revenue": 4250545, 
        "long_term_average": 416677, 
        "date": "2012-10-31", 
        "operating_revenue": 448361, 
        "short_term_average": 476631
    }, 
    {
        "accumulated_operating_revenue_yoy": 306.6617448372358, 
        "accumulated_operating_revenue": 4731607, 
        "long_term_average": 424030, 
        "date": "2012-11-30", 
        "operating_revenue": 481062, 
        "short_term_average": 470863
    }, 
    {
        "accumulated_operating_revenue_yoy": 240.60575802962222, 
        "accumulated_operating_revenue": 5178151, 
        "long_term_average": 431512, 
        "date": "2012-12-31", 
        "operating_revenue": 446544, 
        "short_term_average": 458655
    }, 
    {
        "accumulated_operating_revenue_yoy": 80.47691915327722, 
        "accumulated_operating_revenue": 481202, 
        "long_term_average": 449393, 
        "date": "2013-01-31", 
        "operating_revenue": 481202, 
        "short_term_average": 469602
    }, 
    {
        "accumulated_operating_revenue_yoy": 40.34580787154755, 
        "accumulated_operating_revenue": 841731, 
        "long_term_average": 451677, 
        "date": "2013-02-28", 
        "operating_revenue": 360529, 
        "short_term_average": 429425
    }, 
    {
        "accumulated_operating_revenue_yoy": 34.37363974587224, 
        "accumulated_operating_revenue": 1404609, 
        "long_term_average": 461454, 
        "date": "2013-03-31", 
        "operating_revenue": 562878, 
        "short_term_average": 468203
    }, 
    {
        "accumulated_operating_revenue_yoy": 31.23381311687921, 
        "accumulated_operating_revenue": 1919431, 
        "long_term_average": 469581, 
        "date": "2013-04-30", 
        "operating_revenue": 514822, 
        "short_term_average": 479409
    }, 
    {
        "accumulated_operating_revenue_yoy": 26.97295522851063, 
        "accumulated_operating_revenue": 2390370, 
        "long_term_average": 473828, 
        "date": "2013-05-31", 
        "operating_revenue": 470939, 
        "short_term_average": 516213
    }, 
    {
        "accumulated_operating_revenue_yoy": 20.159966262032118, 
        "accumulated_operating_revenue": 2826458, 
        "long_term_average": 471030, 
        "date": "2013-06-30", 
        "operating_revenue": 436088, 
        "short_term_average": 473949
    }, 
    {
        "accumulated_operating_revenue_yoy": 19.109106057114495, 
        "accumulated_operating_revenue": 3359651, 
        "long_term_average": 476429, 
        "date": "2013-07-31", 
        "operating_revenue": 533193, 
        "short_term_average": 480073
    }, 
    {
        "accumulated_operating_revenue_yoy": 18.08474675340718, 
        "accumulated_operating_revenue": 3919254, 
        "long_term_average": 481532, 
        "date": "2013-08-31", 
        "operating_revenue": 559603, 
        "short_term_average": 509628
    }, 
    {
        "accumulated_operating_revenue_yoy": 19.14005213845516, 
        "accumulated_operating_revenue": 4529924, 
        "long_term_average": 492157, 
        "date": "2013-09-30", 
        "operating_revenue": 610670, 
        "short_term_average": 567822
    }, 
    {
        "accumulated_operating_revenue_yoy": 20.951666198099304, 
        "accumulated_operating_revenue": 5141105, 
        "long_term_average": 505725, 
        "date": "2013-10-31", 
        "operating_revenue": 611181, 
        "short_term_average": 593818
    }, 
    {
        "accumulated_operating_revenue_yoy": 21.068465745358818, 
        "accumulated_operating_revenue": 5728484, 
        "long_term_average": 514585, 
        "date": "2013-11-30", 
        "operating_revenue": 587379, 
        "short_term_average": 603076
    }, 
    {
        "accumulated_operating_revenue_yoy": 22.392394505297357, 
        "accumulated_operating_revenue": 6337663, 
        "long_term_average": 528138, 
        "date": "2013-12-31", 
        "operating_revenue": 609179, 
        "short_term_average": 602579
    }, 
    {
        "accumulated_operating_revenue_yoy": 14.951725055174334, 
        "accumulated_operating_revenue": 553150, 
        "long_term_average": 534134, 
        "date": "2014-01-31", 
        "operating_revenue": 553150, 
        "short_term_average": 583236
    }, 
    {
        "accumulated_operating_revenue_yoy": 15.161494586750399, 
        "accumulated_operating_revenue": 969350, 
        "long_term_average": 538773, 
        "date": "2014-02-28", 
        "operating_revenue": 416200, 
        "short_term_average": 526176
    }, 
    {
        "accumulated_operating_revenue_yoy": 8.945194000607998, 
        "accumulated_operating_revenue": 1530254, 
        "long_term_average": 538609, 
        "date": "2014-03-31", 
        "operating_revenue": 560904, 
        "short_term_average": 510084
    }, 
    {
        "accumulated_operating_revenue_yoy": 11.64834786975932, 
        "accumulated_operating_revenue": 2143013, 
        "long_term_average": 546770, 
        "date": "2014-04-30", 
        "operating_revenue": 612759, 
        "short_term_average": 529954
    }, 
    {
        "accumulated_operating_revenue_yoy": 15.20643247698055, 
        "accumulated_operating_revenue": 2753860, 
        "long_term_average": 558429, 
        "date": "2014-05-31", 
        "operating_revenue": 610847, 
        "short_term_average": 594836
    }, 
    {
        "accumulated_operating_revenue_yoy": 17.770899125336374, 
        "accumulated_operating_revenue": 3328745, 
        "long_term_average": 569995, 
        "date": "2014-06-30", 
        "operating_revenue": 574885, 
        "short_term_average": 599497
    }, 
    {
        "accumulated_operating_revenue_yoy": 17.91177119290069, 
        "accumulated_operating_revenue": 3961424, 
        "long_term_average": 578286, 
        "date": "2014-07-31", 
        "operating_revenue": 632679, 
        "short_term_average": 606137
    }, 
    {
        "accumulated_operating_revenue_yoy": 18.680876513744707, 
        "accumulated_operating_revenue": 4651405, 
        "long_term_average": 589151, 
        "date": "2014-08-31", 
        "operating_revenue": 689981, 
        "short_term_average": 632515
    }, 
    {
        "accumulated_operating_revenue_yoy": 19.511453172282803, 
        "accumulated_operating_revenue": 5413778, 
        "long_term_average": 601793, 
        "date": "2014-09-30", 
        "operating_revenue": 762373, 
        "short_term_average": 695011
    }, 
    {
        "accumulated_operating_revenue_yoy": 19.695221163543636, 
        "accumulated_operating_revenue": 6153657, 
        "long_term_average": 612517, 
        "date": "2014-10-31", 
        "operating_revenue": 739879, 
        "short_term_average": 730744
    }, 
    {
        "accumulated_operating_revenue_yoy": 19.64570381971914, 
        "accumulated_operating_revenue": 6853885, 
        "long_term_average": 621922, 
        "date": "2014-11-30", 
        "operating_revenue": 700228, 
        "short_term_average": 734160
    }, 
    {
        "accumulated_operating_revenue_yoy": 19.84149362312259, 
        "accumulated_operating_revenue": 7595150, 
        "long_term_average": 632929, 
        "date": "2014-12-31", 
        "operating_revenue": 741265, 
        "short_term_average": 727124
    }, 
    {
        "accumulated_operating_revenue_yoy": 42.83756666365362, 
        "accumulated_operating_revenue": 790106, 
        "long_term_average": 652675, 
        "date": "2015-01-31", 
        "operating_revenue": 790106, 
        "short_term_average": 743866
    }, 
    {
        "accumulated_operating_revenue_yoy": 36.03012327848558, 
        "accumulated_operating_revenue": 1318608, 
        "long_term_average": 662034, 
        "date": "2015-02-28", 
        "operating_revenue": 528502, 
        "short_term_average": 686624
    }, 
    {
        "accumulated_operating_revenue_yoy": 37.14553270241411, 
        "accumulated_operating_revenue": 2098675, 
        "long_term_average": 680297, 
        "date": "2015-03-31", 
        "operating_revenue": 780067, 
        "short_term_average": 699558
    }, 
    {
        "accumulated_operating_revenue_yoy": 32.359766366326284, 
        "accumulated_operating_revenue": 2836487, 
        "long_term_average": 690718, 
        "date": "2015-04-30", 
        "operating_revenue": 737812, 
        "short_term_average": 682127
    }, 
    {
        "accumulated_operating_revenue_yoy": 26.29730632639277, 
        "accumulated_operating_revenue": 3478051, 
        "long_term_average": 693278, 
        "date": "2015-05-31", 
        "operating_revenue": 641564, 
        "short_term_average": 719814
    }, 
    {
        "accumulated_operating_revenue_yoy": 25.616080534856227, 
        "accumulated_operating_revenue": 4181439, 
        "long_term_average": 703987, 
        "date": "2015-06-30", 
        "operating_revenue": 703388, 
        "short_term_average": 694254
    }, 
    {
        "accumulated_operating_revenue_yoy": 25.011914907366645, 
        "accumulated_operating_revenue": 4952252, 
        "long_term_average": 715498, 
        "date": "2015-07-31", 
        "operating_revenue": 770813, 
        "short_term_average": 705255
    }, 
    {
        "accumulated_operating_revenue_yoy": 23.909313422503523, 
        "accumulated_operating_revenue": 5763524, 
        "long_term_average": 725605, 
        "date": "2015-08-31", 
        "operating_revenue": 811272, 
        "short_term_average": 761824
    }
]