[
    {
        "date": "2011-09-30", 
        "operating_revenue": 201868, 
        "accumulated_operating_revenue": 201868, 
        "long_term_average": 201868, 
        "short_term_average": 201868
    }, 
    {
        "date": "2011-10-31", 
        "operating_revenue": 200686, 
        "accumulated_operating_revenue": 402554, 
        "long_term_average": 201277, 
        "short_term_average": 201277
    }, 
    {
        "date": "2011-11-30", 
        "operating_revenue": 185838, 
        "accumulated_operating_revenue": 588392, 
        "long_term_average": 196130, 
        "short_term_average": 196130
    }, 
    {
        "date": "2011-12-31", 
        "operating_revenue": 174607, 
        "accumulated_operating_revenue": 762999, 
        "long_term_average": 190749, 
        "short_term_average": 187043
    }, 
    {
        "date": "2012-01-31", 
        "operating_revenue": 154749, 
        "accumulated_operating_revenue": 154749, 
        "long_term_average": 183549, 
        "short_term_average": 171731
    }, 
    {
        "date": "2012-02-29", 
        "operating_revenue": 165053, 
        "accumulated_operating_revenue": 319802, 
        "long_term_average": 180466, 
        "short_term_average": 164803
    }, 
    {
        "date": "2012-03-31", 
        "operating_revenue": 177916, 
        "accumulated_operating_revenue": 497718, 
        "long_term_average": 180102, 
        "short_term_average": 165906
    }, 
    {
        "date": "2012-04-30", 
        "operating_revenue": 191408, 
        "accumulated_operating_revenue": 689126, 
        "long_term_average": 181515, 
        "short_term_average": 178125
    }, 
    {
        "date": "2012-05-31", 
        "operating_revenue": 193850, 
        "accumulated_operating_revenue": 882976, 
        "long_term_average": 182886, 
        "short_term_average": 187724
    }, 
    {
        "date": "2012-06-30", 
        "operating_revenue": 190300, 
        "accumulated_operating_revenue": 1073276, 
        "long_term_average": 183627, 
        "short_term_average": 191852
    }, 
    {
        "date": "2012-07-31", 
        "operating_revenue": 196217, 
        "accumulated_operating_revenue": 1269493, 
        "long_term_average": 184772, 
        "short_term_average": 193455
    }, 
    {
        "date": "2012-08-31", 
        "operating_revenue": 208694, 
        "accumulated_operating_revenue": 1478187, 
        "long_term_average": 186765, 
        "short_term_average": 198403
    }, 
    {
        "accumulated_operating_revenue_yoy": 742.8785146729547, 
        "accumulated_operating_revenue": 1701502, 
        "long_term_average": 188552, 
        "date": "2012-09-30", 
        "operating_revenue": 223315, 
        "short_term_average": 209408
    }, 
    {
        "accumulated_operating_revenue_yoy": 380.129870775101, 
        "accumulated_operating_revenue": 1932782, 
        "long_term_average": 191102, 
        "date": "2012-10-31", 
        "operating_revenue": 231280, 
        "short_term_average": 221096
    }, 
    {
        "accumulated_operating_revenue_yoy": 267.48239269058723, 
        "accumulated_operating_revenue": 2162237, 
        "long_term_average": 194737, 
        "date": "2012-11-30", 
        "operating_revenue": 229455, 
        "short_term_average": 228016
    }, 
    {
        "accumulated_operating_revenue_yoy": 210.077208489133, 
        "accumulated_operating_revenue": 2365886, 
        "long_term_average": 197157, 
        "date": "2012-12-31", 
        "operating_revenue": 203649, 
        "short_term_average": 221461
    }, 
    {
        "accumulated_operating_revenue_yoy": 23.34360803623933, 
        "accumulated_operating_revenue": 190873, 
        "long_term_average": 200167, 
        "date": "2013-01-31", 
        "operating_revenue": 190873, 
        "short_term_average": 207992
    }, 
    {
        "accumulated_operating_revenue_yoy": 11.592485350310506, 
        "accumulated_operating_revenue": 356875, 
        "long_term_average": 200246, 
        "date": "2013-02-28", 
        "operating_revenue": 166002, 
        "short_term_average": 186841
    }, 
    {
        "accumulated_operating_revenue_yoy": 11.782575675382445, 
        "accumulated_operating_revenue": 556362, 
        "long_term_average": 202044, 
        "date": "2013-03-31", 
        "operating_revenue": 199487, 
        "short_term_average": 185454
    }, 
    {
        "accumulated_operating_revenue_yoy": 12.84365994027217, 
        "accumulated_operating_revenue": 777635, 
        "long_term_average": 204532, 
        "date": "2013-04-30", 
        "operating_revenue": 221273, 
        "short_term_average": 195587
    }, 
    {
        "accumulated_operating_revenue_yoy": 13.433547457688544, 
        "accumulated_operating_revenue": 1001591, 
        "long_term_average": 207041, 
        "date": "2013-05-31", 
        "operating_revenue": 223956, 
        "short_term_average": 214905
    }, 
    {
        "accumulated_operating_revenue_yoy": 14.208553997294265, 
        "accumulated_operating_revenue": 1225773, 
        "long_term_average": 209865, 
        "date": "2013-06-30", 
        "operating_revenue": 224182, 
        "short_term_average": 223137
    }, 
    {
        "accumulated_operating_revenue_yoy": 13.305626734452257, 
        "accumulated_operating_revenue": 1438407, 
        "long_term_average": 211233, 
        "date": "2013-07-31", 
        "operating_revenue": 212634, 
        "short_term_average": 220257
    }, 
    {
        "accumulated_operating_revenue_yoy": 11.971624699716612, 
        "accumulated_operating_revenue": 1655150, 
        "long_term_average": 211904, 
        "date": "2013-08-31", 
        "operating_revenue": 216743, 
        "short_term_average": 217853
    }, 
    {
        "accumulated_operating_revenue_yoy": 10.886734191320373, 
        "accumulated_operating_revenue": 1886740, 
        "long_term_average": 212593, 
        "date": "2013-09-30", 
        "operating_revenue": 231590, 
        "short_term_average": 220322
    }, 
    {
        "accumulated_operating_revenue_yoy": 9.383210315493418, 
        "accumulated_operating_revenue": 2114139, 
        "long_term_average": 212270, 
        "date": "2013-10-31", 
        "operating_revenue": 227399, 
        "short_term_average": 225244
    }, 
    {
        "accumulated_operating_revenue_yoy": 7.797942593711975, 
        "accumulated_operating_revenue": 2330847, 
        "long_term_average": 211208, 
        "date": "2013-11-30", 
        "operating_revenue": 216708, 
        "short_term_average": 225232
    }, 
    {
        "accumulated_operating_revenue_yoy": 7.146836322629239, 
        "accumulated_operating_revenue": 2534972, 
        "long_term_average": 211247, 
        "date": "2013-12-31", 
        "operating_revenue": 204125, 
        "short_term_average": 216077
    }, 
    {
        "accumulated_operating_revenue_yoy": 14.879003316341233, 
        "accumulated_operating_revenue": 219273, 
        "long_term_average": 213614, 
        "date": "2014-01-31", 
        "operating_revenue": 219273, 
        "short_term_average": 213368
    }, 
    {
        "accumulated_operating_revenue_yoy": 18.689457092819612, 
        "accumulated_operating_revenue": 423573, 
        "long_term_average": 216805, 
        "date": "2014-02-28", 
        "operating_revenue": 204300, 
        "short_term_average": 209232
    }, 
    {
        "accumulated_operating_revenue_yoy": 16.10264539993745, 
        "accumulated_operating_revenue": 645951, 
        "long_term_average": 218713, 
        "date": "2014-03-31", 
        "operating_revenue": 222378, 
        "short_term_average": 215317
    }, 
    {
        "accumulated_operating_revenue_yoy": 15.105029994791902, 
        "accumulated_operating_revenue": 895097, 
        "long_term_average": 221036, 
        "date": "2014-04-30", 
        "operating_revenue": 249146, 
        "short_term_average": 225274
    }, 
    {
        "accumulated_operating_revenue_yoy": 15.797665913531572, 
        "accumulated_operating_revenue": 1159819, 
        "long_term_average": 224433, 
        "date": "2014-05-31", 
        "operating_revenue": 264722, 
        "short_term_average": 245415
    }, 
    {
        "accumulated_operating_revenue_yoy": 17.68581947881051, 
        "accumulated_operating_revenue": 1442561, 
        "long_term_average": 229313, 
        "date": "2014-06-30", 
        "operating_revenue": 282742, 
        "short_term_average": 265536
    }, 
    {
        "accumulated_operating_revenue_yoy": 21.010743134592644, 
        "accumulated_operating_revenue": 1740627, 
        "long_term_average": 236432, 
        "date": "2014-07-31", 
        "operating_revenue": 298066, 
        "short_term_average": 281843
    }, 
    {
        "accumulated_operating_revenue_yoy": 23.612603087333476, 
        "accumulated_operating_revenue": 2045974, 
        "long_term_average": 243816, 
        "date": "2014-08-31", 
        "operating_revenue": 305347, 
        "short_term_average": 295385
    }, 
    {
        "accumulated_operating_revenue_yoy": 24.788153110656477, 
        "accumulated_operating_revenue": 2354428, 
        "long_term_average": 250221, 
        "date": "2014-09-30", 
        "operating_revenue": 308454, 
        "short_term_average": 303955
    }, 
    {
        "accumulated_operating_revenue_yoy": 25.99847975937249, 
        "accumulated_operating_revenue": 2663783, 
        "long_term_average": 257051, 
        "date": "2014-10-31", 
        "operating_revenue": 309355, 
        "short_term_average": 307718
    }, 
    {
        "accumulated_operating_revenue_yoy": 26.758899232768172, 
        "accumulated_operating_revenue": 2954556, 
        "long_term_average": 263223, 
        "date": "2014-11-30", 
        "operating_revenue": 290773, 
        "short_term_average": 302860
    }, 
    {
        "accumulated_operating_revenue_yoy": 27.737466133748224, 
        "accumulated_operating_revenue": 3238109, 
        "long_term_average": 269842, 
        "date": "2014-12-31", 
        "operating_revenue": 283553, 
        "short_term_average": 294560
    }, 
    {
        "accumulated_operating_revenue_yoy": 30.789016431571604, 
        "accumulated_operating_revenue": 286785, 
        "long_term_average": 275468, 
        "date": "2015-01-31", 
        "operating_revenue": 286785, 
        "short_term_average": 287037
    }, 
    {
        "accumulated_operating_revenue_yoy": 25.88172522800084, 
        "accumulated_operating_revenue": 533201, 
        "long_term_average": 278978, 
        "date": "2015-02-28", 
        "operating_revenue": 246416, 
        "short_term_average": 272251
    }, 
    {
        "accumulated_operating_revenue_yoy": 23.392641237493248, 
        "accumulated_operating_revenue": 797056, 
        "long_term_average": 282434, 
        "date": "2015-03-31", 
        "operating_revenue": 263855, 
        "short_term_average": 265685
    }, 
    {
        "accumulated_operating_revenue_yoy": 19.016374761618017, 
        "accumulated_operating_revenue": 1065312, 
        "long_term_average": 284027, 
        "date": "2015-04-30", 
        "operating_revenue": 268256, 
        "short_term_average": 259509
    }, 
    {
        "accumulated_operating_revenue_yoy": 15.792119287578494, 
        "accumulated_operating_revenue": 1342979, 
        "long_term_average": 285105, 
        "date": "2015-05-31", 
        "operating_revenue": 277667, 
        "short_term_average": 269926
    }, 
    {
        "accumulated_operating_revenue_yoy": 12.463944332336727, 
        "accumulated_operating_revenue": 1622361, 
        "long_term_average": 284825, 
        "date": "2015-06-30", 
        "operating_revenue": 279382, 
        "short_term_average": 275101
    }, 
    {
        "accumulated_operating_revenue_yoy": 11.186486248920648, 
        "accumulated_operating_revenue": 1935342, 
        "long_term_average": 286068, 
        "date": "2015-07-31", 
        "operating_revenue": 312981, 
        "short_term_average": 290010
    }, 
    {
        "accumulated_operating_revenue_yoy": 10.60990999885629, 
        "accumulated_operating_revenue": 2263050, 
        "long_term_average": 287932, 
        "date": "2015-08-31", 
        "operating_revenue": 327708, 
        "short_term_average": 306690
    }, 
    {
        "accumulated_operating_revenue_yoy": 10.245843151712434, 
        "accumulated_operating_revenue": 2595659, 
        "long_term_average": 289945, 
        "date": "2015-09-30", 
        "operating_revenue": 332609, 
        "short_term_average": 324432
    }, 
    {
        "accumulated_operating_revenue_yoy": 9.42558008666622, 
        "accumulated_operating_revenue": 2914860, 
        "long_term_average": 290765, 
        "date": "2015-10-31", 
        "operating_revenue": 319201, 
        "short_term_average": 326506
    }
]