[
    {
        "date": "2012-01-31", 
        "operating_revenue": 34441, 
        "accumulated_operating_revenue": 34441, 
        "long_term_average": 34441, 
        "short_term_average": 34441
    }, 
    {
        "date": "2012-02-29", 
        "operating_revenue": 45998, 
        "accumulated_operating_revenue": 80439, 
        "long_term_average": 40219, 
        "short_term_average": 40219
    }, 
    {
        "date": "2012-03-31", 
        "operating_revenue": 69113, 
        "accumulated_operating_revenue": 149552, 
        "long_term_average": 49850, 
        "short_term_average": 49850
    }, 
    {
        "date": "2012-04-30", 
        "operating_revenue": 82307, 
        "accumulated_operating_revenue": 231859, 
        "long_term_average": 57964, 
        "short_term_average": 65806
    }, 
    {
        "date": "2012-05-31", 
        "operating_revenue": 84515, 
        "accumulated_operating_revenue": 316374, 
        "long_term_average": 63274, 
        "short_term_average": 78645
    }, 
    {
        "date": "2012-06-30", 
        "operating_revenue": 91566, 
        "accumulated_operating_revenue": 407940, 
        "long_term_average": 67990, 
        "short_term_average": 86129
    }, 
    {
        "date": "2012-07-31", 
        "operating_revenue": 73758, 
        "accumulated_operating_revenue": 481698, 
        "long_term_average": 68814, 
        "short_term_average": 83279
    }, 
    {
        "date": "2012-08-31", 
        "operating_revenue": 69955, 
        "accumulated_operating_revenue": 551653, 
        "long_term_average": 68956, 
        "short_term_average": 78426
    }, 
    {
        "date": "2012-09-30", 
        "operating_revenue": 53734, 
        "accumulated_operating_revenue": 605387, 
        "long_term_average": 67265, 
        "short_term_average": 65815
    }, 
    {
        "date": "2012-10-31", 
        "operating_revenue": 42917, 
        "accumulated_operating_revenue": 648304, 
        "long_term_average": 64830, 
        "short_term_average": 55535
    }, 
    {
        "date": "2012-11-30", 
        "operating_revenue": 50246, 
        "accumulated_operating_revenue": 698550, 
        "long_term_average": 63504, 
        "short_term_average": 48965
    }, 
    {
        "date": "2012-12-31", 
        "operating_revenue": 51648, 
        "accumulated_operating_revenue": 750198, 
        "long_term_average": 62516, 
        "short_term_average": 48270
    }, 
    {
        "accumulated_operating_revenue_yoy": 15.745768125199616, 
        "accumulated_operating_revenue": 39864, 
        "long_term_average": 62968, 
        "date": "2013-01-31", 
        "operating_revenue": 39864, 
        "short_term_average": 47252
    }, 
    {
        "accumulated_operating_revenue_yoy": 2.033839306803914, 
        "accumulated_operating_revenue": 82075, 
        "long_term_average": 62652, 
        "date": "2013-02-28", 
        "operating_revenue": 42211, 
        "short_term_average": 44574
    }, 
    {
        "accumulated_operating_revenue_yoy": -6.013293035198459, 
        "accumulated_operating_revenue": 140559, 
        "long_term_average": 61767, 
        "date": "2013-03-31", 
        "operating_revenue": 58484, 
        "short_term_average": 46853
    }, 
    {
        "accumulated_operating_revenue_yoy": -5.353684782561816, 
        "accumulated_operating_revenue": 219446, 
        "long_term_average": 61482, 
        "date": "2013-04-30", 
        "operating_revenue": 78887, 
        "short_term_average": 59860
    }, 
    {
        "accumulated_operating_revenue_yoy": -7.335621764114624, 
        "accumulated_operating_revenue": 293166, 
        "long_term_average": 60582, 
        "date": "2013-05-31", 
        "operating_revenue": 73720, 
        "short_term_average": 70363
    }, 
    {
        "accumulated_operating_revenue_yoy": -11.674020689317057, 
        "accumulated_operating_revenue": 360317, 
        "long_term_average": 58547, 
        "date": "2013-06-30", 
        "operating_revenue": 67151, 
        "short_term_average": 73252
    }, 
    {
        "accumulated_operating_revenue_yoy": -10.0733239498607, 
        "accumulated_operating_revenue": 433175, 
        "long_term_average": 58472, 
        "date": "2013-07-31", 
        "operating_revenue": 72858, 
        "short_term_average": 71243
    }, 
    {
        "accumulated_operating_revenue_yoy": -9.56869626377451, 
        "accumulated_operating_revenue": 498867, 
        "long_term_average": 58117, 
        "date": "2013-08-31", 
        "operating_revenue": 65692, 
        "short_term_average": 68567
    }, 
    {
        "accumulated_operating_revenue_yoy": -9.277371334369585, 
        "accumulated_operating_revenue": 549223, 
        "long_term_average": 57836, 
        "date": "2013-09-30", 
        "operating_revenue": 50356, 
        "short_term_average": 62968
    }, 
    {
        "accumulated_operating_revenue_yoy": -8.03342259187048, 
        "accumulated_operating_revenue": 596223, 
        "long_term_average": 58176, 
        "date": "2013-10-31", 
        "operating_revenue": 47000, 
        "short_term_average": 54349
    }, 
    {
        "accumulated_operating_revenue_yoy": -6.719490372915325, 
        "accumulated_operating_revenue": 651611, 
        "long_term_average": 58604, 
        "date": "2013-11-30", 
        "operating_revenue": 55388, 
        "short_term_average": 50914
    }, 
    {
        "accumulated_operating_revenue_yoy": -6.031740953721551, 
        "accumulated_operating_revenue": 704948, 
        "long_term_average": 58745, 
        "date": "2013-12-31", 
        "operating_revenue": 53337, 
        "short_term_average": 51908
    }, 
    {
        "accumulated_operating_revenue_yoy": -12.22657033915312, 
        "accumulated_operating_revenue": 34990, 
        "long_term_average": 58339, 
        "date": "2014-01-31", 
        "operating_revenue": 34990, 
        "short_term_average": 47905
    }, 
    {
        "accumulated_operating_revenue_yoy": -4.073103868413037, 
        "accumulated_operating_revenue": 78732, 
        "long_term_average": 58467, 
        "date": "2014-02-28", 
        "operating_revenue": 43742, 
        "short_term_average": 44023
    }, 
    {
        "accumulated_operating_revenue_yoy": -5.48808685320755, 
        "accumulated_operating_revenue": 132845, 
        "long_term_average": 58102, 
        "date": "2014-03-31", 
        "operating_revenue": 54113, 
        "short_term_average": 44281
    }, 
    {
        "accumulated_operating_revenue_yoy": -4.200122125716577, 
        "accumulated_operating_revenue": 210229, 
        "long_term_average": 57977, 
        "date": "2014-04-30", 
        "operating_revenue": 77384, 
        "short_term_average": 58413
    }, 
    {
        "accumulated_operating_revenue_yoy": -3.5798830696601924, 
        "accumulated_operating_revenue": 282671, 
        "long_term_average": 57871, 
        "date": "2014-05-31", 
        "operating_revenue": 72442, 
        "short_term_average": 67979
    }, 
    {
        "accumulated_operating_revenue_yoy": -2.894395768170805, 
        "accumulated_operating_revenue": 349888, 
        "long_term_average": 57876, 
        "date": "2014-06-30", 
        "operating_revenue": 67217, 
        "short_term_average": 72347
    }, 
    {
        "accumulated_operating_revenue_yoy": -5.8433658452126735, 
        "accumulated_operating_revenue": 407863, 
        "long_term_average": 56636, 
        "date": "2014-07-31", 
        "operating_revenue": 57975, 
        "short_term_average": 65878
    }, 
    {
        "accumulated_operating_revenue_yoy": -6.406918076361034, 
        "accumulated_operating_revenue": 466905, 
        "long_term_average": 56082, 
        "date": "2014-08-31", 
        "operating_revenue": 59042, 
        "short_term_average": 61411
    }, 
    {
        "accumulated_operating_revenue_yoy": -5.372681042126786, 
        "accumulated_operating_revenue": 519715, 
        "long_term_average": 56286, 
        "date": "2014-09-30", 
        "operating_revenue": 52810, 
        "short_term_average": 56609
    }, 
    {
        "accumulated_operating_revenue_yoy": -1.4409038228984792, 
        "accumulated_operating_revenue": 587632, 
        "long_term_average": 58029, 
        "date": "2014-10-31", 
        "operating_revenue": 67917, 
        "short_term_average": 59923
    }, 
    {
        "accumulated_operating_revenue_yoy": -0.5197886469074341, 
        "accumulated_operating_revenue": 648224, 
        "long_term_average": 58463, 
        "date": "2014-11-30", 
        "operating_revenue": 60592, 
        "short_term_average": 60439
    }, 
    {
        "accumulated_operating_revenue_yoy": -1.0312817399297536, 
        "accumulated_operating_revenue": 697678, 
        "long_term_average": 58139, 
        "date": "2014-12-31", 
        "operating_revenue": 49454, 
        "short_term_average": 59321
    }, 
    {
        "accumulated_operating_revenue_yoy": 28.010860245784507, 
        "accumulated_operating_revenue": 44791, 
        "long_term_average": 58956, 
        "date": "2015-01-31", 
        "operating_revenue": 44791, 
        "short_term_average": 51612
    }, 
    {
        "accumulated_operating_revenue_yoy": -9.90829649951735, 
        "accumulated_operating_revenue": 70931, 
        "long_term_average": 57489, 
        "date": "2015-02-28", 
        "operating_revenue": 26140, 
        "short_term_average": 40128
    }, 
    {
        "accumulated_operating_revenue_yoy": -9.432797621287966, 
        "accumulated_operating_revenue": 120314, 
        "long_term_average": 57095, 
        "date": "2015-03-31", 
        "operating_revenue": 49383, 
        "short_term_average": 40104
    }, 
    {
        "accumulated_operating_revenue_yoy": -10.867197199244632, 
        "accumulated_operating_revenue": 187383, 
        "long_term_average": 56236, 
        "date": "2015-04-30", 
        "operating_revenue": 67069, 
        "short_term_average": 47530
    }, 
    {
        "accumulated_operating_revenue_yoy": -12.325282749203136, 
        "accumulated_operating_revenue": 247831, 
        "long_term_average": 55236, 
        "date": "2015-05-31", 
        "operating_revenue": 60448, 
        "short_term_average": 58966
    }, 
    {
        "accumulated_operating_revenue_yoy": -10.500217212365099, 
        "accumulated_operating_revenue": 313149, 
        "long_term_average": 55078, 
        "date": "2015-06-30", 
        "operating_revenue": 65318, 
        "short_term_average": 64278
    }, 
    {
        "accumulated_operating_revenue_yoy": -9.951625913603342, 
        "accumulated_operating_revenue": 367274, 
        "long_term_average": 54757, 
        "date": "2015-07-31", 
        "operating_revenue": 54125, 
        "short_term_average": 59963
    }, 
    {
        "accumulated_operating_revenue_yoy": -10.644777845600283, 
        "accumulated_operating_revenue": 417204, 
        "long_term_average": 53998, 
        "date": "2015-08-31", 
        "operating_revenue": 49930, 
        "short_term_average": 56457
    }, 
    {
        "accumulated_operating_revenue_yoy": -11.604052220928779, 
        "accumulated_operating_revenue": 459407, 
        "long_term_average": 53114, 
        "date": "2015-09-30", 
        "operating_revenue": 42203, 
        "short_term_average": 48752
    }
]