[
    {
        "date": "2012-10-31", 
        "operating_revenue": 64547, 
        "accumulated_operating_revenue": 64547, 
        "long_term_average": 64547, 
        "short_term_average": 64547
    }, 
    {
        "date": "2012-11-30", 
        "operating_revenue": 83335, 
        "accumulated_operating_revenue": 147882, 
        "long_term_average": 73941, 
        "short_term_average": 73941
    }, 
    {
        "date": "2012-12-31", 
        "operating_revenue": 87437, 
        "accumulated_operating_revenue": 235319, 
        "long_term_average": 78439, 
        "short_term_average": 78439
    }, 
    {
        "date": "2013-01-31", 
        "operating_revenue": 73623, 
        "accumulated_operating_revenue": 73623, 
        "long_term_average": 77235, 
        "short_term_average": 81465
    }, 
    {
        "date": "2013-02-28", 
        "operating_revenue": 49214, 
        "accumulated_operating_revenue": 122837, 
        "long_term_average": 71631, 
        "short_term_average": 70091
    }, 
    {
        "date": "2013-03-31", 
        "operating_revenue": 92037, 
        "accumulated_operating_revenue": 214874, 
        "long_term_average": 75032, 
        "short_term_average": 71624
    }, 
    {
        "date": "2013-04-30", 
        "operating_revenue": 88320, 
        "accumulated_operating_revenue": 303194, 
        "long_term_average": 76930, 
        "short_term_average": 76523
    }, 
    {
        "date": "2013-05-31", 
        "operating_revenue": 113801, 
        "accumulated_operating_revenue": 416995, 
        "long_term_average": 81539, 
        "short_term_average": 98052
    }, 
    {
        "date": "2013-06-30", 
        "operating_revenue": 154459, 
        "accumulated_operating_revenue": 571454, 
        "long_term_average": 89641, 
        "short_term_average": 118860
    }, 
    {
        "date": "2013-07-31", 
        "operating_revenue": 162197, 
        "accumulated_operating_revenue": 733651, 
        "long_term_average": 96897, 
        "short_term_average": 143485
    }, 
    {
        "date": "2013-08-31", 
        "operating_revenue": 113721, 
        "accumulated_operating_revenue": 847372, 
        "long_term_average": 98426, 
        "short_term_average": 143459
    }, 
    {
        "date": "2013-09-30", 
        "operating_revenue": 94589, 
        "accumulated_operating_revenue": 941961, 
        "long_term_average": 98106, 
        "short_term_average": 123502
    }, 
    {
        "accumulated_operating_revenue_yoy": 1591.8183649123896, 
        "accumulated_operating_revenue": 1092018, 
        "long_term_average": 105232, 
        "date": "2013-10-31", 
        "operating_revenue": 150057, 
        "short_term_average": 119455
    }, 
    {
        "accumulated_operating_revenue_yoy": 717.2725551453186, 
        "accumulated_operating_revenue": 1208599, 
        "long_term_average": 108003, 
        "date": "2013-11-30", 
        "operating_revenue": 116581, 
        "short_term_average": 120409
    }, 
    {
        "accumulated_operating_revenue_yoy": 458.7279395203957, 
        "accumulated_operating_revenue": 1314793, 
        "long_term_average": 109566, 
        "date": "2013-12-31", 
        "operating_revenue": 106194, 
        "short_term_average": 124277
    }, 
    {
        "accumulated_operating_revenue_yoy": -20.06574032571343, 
        "accumulated_operating_revenue": 58850, 
        "long_term_average": 108335, 
        "date": "2014-01-31", 
        "operating_revenue": 58850, 
        "short_term_average": 93875
    }, 
    {
        "accumulated_operating_revenue_yoy": 37.803756197236986, 
        "accumulated_operating_revenue": 169274, 
        "long_term_average": 113435, 
        "date": "2014-02-28", 
        "operating_revenue": 110424, 
        "short_term_average": 91822
    }, 
    {
        "accumulated_operating_revenue_yoy": 31.573852583374446, 
        "accumulated_operating_revenue": 282718, 
        "long_term_average": 115219, 
        "date": "2014-03-31", 
        "operating_revenue": 113444, 
        "short_term_average": 94239
    }, 
    {
        "accumulated_operating_revenue_yoy": 34.3674347117687, 
        "accumulated_operating_revenue": 407394, 
        "long_term_average": 118249, 
        "date": "2014-04-30", 
        "operating_revenue": 124676, 
        "short_term_average": 116181
    }, 
    {
        "accumulated_operating_revenue_yoy": 39.85299583927865, 
        "accumulated_operating_revenue": 583180, 
        "long_term_average": 123414, 
        "date": "2014-05-31", 
        "operating_revenue": 175786, 
        "short_term_average": 137968
    }, 
    {
        "accumulated_operating_revenue_yoy": 25.5457132157619, 
        "accumulated_operating_revenue": 717436, 
        "long_term_average": 121731, 
        "date": "2014-06-30", 
        "operating_revenue": 134256, 
        "short_term_average": 144906
    }, 
    {
        "accumulated_operating_revenue_yoy": 22.588124326144175, 
        "accumulated_operating_revenue": 899369, 
        "long_term_average": 123375, 
        "date": "2014-07-31", 
        "operating_revenue": 181933, 
        "short_term_average": 163991
    }, 
    {
        "accumulated_operating_revenue_yoy": 43.145867458448, 
        "accumulated_operating_revenue": 1212978, 
        "long_term_average": 140033, 
        "date": "2014-08-31", 
        "operating_revenue": 313609, 
        "short_term_average": 209932
    }, 
    {
        "accumulated_operating_revenue_yoy": 53.12905736012426, 
        "accumulated_operating_revenue": 1442416, 
        "long_term_average": 151270, 
        "date": "2014-09-30", 
        "operating_revenue": 229438, 
        "short_term_average": 241660
    }, 
    {
        "accumulated_operating_revenue_yoy": 48.295357768827984, 
        "accumulated_operating_revenue": 1619412, 
        "long_term_average": 153515, 
        "date": "2014-10-31", 
        "operating_revenue": 176996, 
        "short_term_average": 240014
    }, 
    {
        "accumulated_operating_revenue_yoy": 51.46595355448746, 
        "accumulated_operating_revenue": 1830616, 
        "long_term_average": 161400, 
        "date": "2014-11-30", 
        "operating_revenue": 211204, 
        "short_term_average": 205879
    }, 
    {
        "accumulated_operating_revenue_yoy": 51.50217562764633, 
        "accumulated_operating_revenue": 1991940, 
        "long_term_average": 165995, 
        "date": "2014-12-31", 
        "operating_revenue": 161324, 
        "short_term_average": 183174
    }, 
    {
        "accumulated_operating_revenue_yoy": 319.70433305012745, 
        "accumulated_operating_revenue": 246996, 
        "long_term_average": 181673, 
        "date": "2015-01-31", 
        "operating_revenue": 246996, 
        "short_term_average": 206508
    }, 
    {
        "accumulated_operating_revenue_yoy": 103.33423916254121, 
        "accumulated_operating_revenue": 344192, 
        "long_term_average": 180571, 
        "date": "2015-02-28", 
        "operating_revenue": 97196, 
        "short_term_average": 168505
    }, 
    {
        "accumulated_operating_revenue_yoy": 57.41905361526327, 
        "accumulated_operating_revenue": 445052, 
        "long_term_average": 179522, 
        "date": "2015-03-31", 
        "operating_revenue": 100860, 
        "short_term_average": 148350
    }, 
    {
        "accumulated_operating_revenue_yoy": 37.09234794817793, 
        "accumulated_operating_revenue": 558506, 
        "long_term_average": 178587, 
        "date": "2015-04-30", 
        "operating_revenue": 113454, 
        "short_term_average": 103836
    }, 
    {
        "accumulated_operating_revenue_yoy": 19.368805514592406, 
        "accumulated_operating_revenue": 696135, 
        "long_term_average": 175407, 
        "date": "2015-05-31", 
        "operating_revenue": 137629, 
        "short_term_average": 117314
    }, 
    {
        "accumulated_operating_revenue_yoy": 15.432596078256458, 
        "accumulated_operating_revenue": 828155, 
        "long_term_average": 175221, 
        "date": "2015-06-30", 
        "operating_revenue": 132020, 
        "short_term_average": 127701
    }, 
    {
        "accumulated_operating_revenue_yoy": 5.505749030709308, 
        "accumulated_operating_revenue": 948886, 
        "long_term_average": 170121, 
        "date": "2015-07-31", 
        "operating_revenue": 120731, 
        "short_term_average": 130126
    }, 
    {
        "accumulated_operating_revenue_yoy": -10.768785583910013, 
        "accumulated_operating_revenue": 1082355, 
        "long_term_average": 155109, 
        "date": "2015-08-31", 
        "operating_revenue": 133469, 
        "short_term_average": 128740
    }, 
    {
        "accumulated_operating_revenue_yoy": -16.53198522478952, 
        "accumulated_operating_revenue": 1203956, 
        "long_term_average": 146123, 
        "date": "2015-09-30", 
        "operating_revenue": 121601, 
        "short_term_average": 125267
    }
]