[
    {
        "date": "2012-01-31", 
        "operating_revenue": 313518, 
        "accumulated_operating_revenue": 313518, 
        "long_term_average": 313518, 
        "short_term_average": 313518
    }, 
    {
        "date": "2012-02-29", 
        "operating_revenue": 368072, 
        "accumulated_operating_revenue": 681590, 
        "long_term_average": 340795, 
        "short_term_average": 340795
    }, 
    {
        "date": "2012-03-31", 
        "operating_revenue": 412285, 
        "accumulated_operating_revenue": 1093875, 
        "long_term_average": 364625, 
        "short_term_average": 364625
    }, 
    {
        "date": "2012-04-30", 
        "operating_revenue": 383843, 
        "accumulated_operating_revenue": 1477718, 
        "long_term_average": 369429, 
        "short_term_average": 388066
    }, 
    {
        "date": "2012-05-31", 
        "operating_revenue": 405125, 
        "accumulated_operating_revenue": 1882843, 
        "long_term_average": 376568, 
        "short_term_average": 400417
    }, 
    {
        "date": "2012-06-30", 
        "operating_revenue": 417635, 
        "accumulated_operating_revenue": 2300478, 
        "long_term_average": 383413, 
        "short_term_average": 402201
    }, 
    {
        "date": "2012-07-31", 
        "operating_revenue": 473680, 
        "accumulated_operating_revenue": 2774158, 
        "long_term_average": 396308, 
        "short_term_average": 432146
    }, 
    {
        "date": "2012-08-31", 
        "operating_revenue": 464745, 
        "accumulated_operating_revenue": 3238903, 
        "long_term_average": 404862, 
        "short_term_average": 452020
    }, 
    {
        "date": "2012-09-30", 
        "operating_revenue": 409865, 
        "accumulated_operating_revenue": 3648768, 
        "long_term_average": 405418, 
        "short_term_average": 449430
    }, 
    {
        "date": "2012-10-31", 
        "operating_revenue": 440536, 
        "accumulated_operating_revenue": 4089304, 
        "long_term_average": 408930, 
        "short_term_average": 438382
    }, 
    {
        "date": "2012-11-30", 
        "operating_revenue": 427120, 
        "accumulated_operating_revenue": 4516424, 
        "long_term_average": 410584, 
        "short_term_average": 425840
    }, 
    {
        "date": "2012-12-31", 
        "operating_revenue": 435442, 
        "accumulated_operating_revenue": 4951866, 
        "long_term_average": 412655, 
        "short_term_average": 434366
    }, 
    {
        "accumulated_operating_revenue_yoy": 40.449990112210465, 
        "accumulated_operating_revenue": 440336, 
        "long_term_average": 423223, 
        "date": "2013-01-31", 
        "operating_revenue": 440336, 
        "short_term_average": 434299
    }, 
    {
        "accumulated_operating_revenue_yoy": 12.105371264249769, 
        "accumulated_operating_revenue": 764099, 
        "long_term_average": 419531, 
        "date": "2013-02-28", 
        "operating_revenue": 323763, 
        "short_term_average": 399847
    }, 
    {
        "accumulated_operating_revenue_yoy": 11.943869272083191, 
        "accumulated_operating_revenue": 1224526, 
        "long_term_average": 423543, 
        "date": "2013-03-31", 
        "operating_revenue": 460427, 
        "short_term_average": 408175
    }, 
    {
        "accumulated_operating_revenue_yoy": 14.181596217952276, 
        "accumulated_operating_revenue": 1687282, 
        "long_term_average": 430119, 
        "date": "2013-04-30", 
        "operating_revenue": 462756, 
        "short_term_average": 415648
    }, 
    {
        "accumulated_operating_revenue_yoy": 12.856302941880976, 
        "accumulated_operating_revenue": 2124907, 
        "long_term_average": 432827, 
        "date": "2013-05-31", 
        "operating_revenue": 437625, 
        "short_term_average": 453602
    }, 
    {
        "accumulated_operating_revenue_yoy": 8.615166065487259, 
        "accumulated_operating_revenue": 2498668, 
        "long_term_average": 429171, 
        "date": "2013-06-30", 
        "operating_revenue": 373761, 
        "short_term_average": 424714
    }, 
    {
        "accumulated_operating_revenue_yoy": 4.938976078507425, 
        "accumulated_operating_revenue": 2911173, 
        "long_term_average": 424073, 
        "date": "2013-07-31", 
        "operating_revenue": 412505, 
        "short_term_average": 407963
    }, 
    {
        "accumulated_operating_revenue_yoy": 2.3833686899545925, 
        "accumulated_operating_revenue": 3316098, 
        "long_term_average": 419088, 
        "date": "2013-08-31", 
        "operating_revenue": 404925, 
        "short_term_average": 397063
    }, 
    {
        "accumulated_operating_revenue_yoy": 2.163826255875956, 
        "accumulated_operating_revenue": 3727721, 
        "long_term_average": 419234, 
        "date": "2013-09-30", 
        "operating_revenue": 411623, 
        "short_term_average": 409684
    }, 
    {
        "accumulated_operating_revenue_yoy": 0.6593298028221918, 
        "accumulated_operating_revenue": 4116266, 
        "long_term_average": 414902, 
        "date": "2013-10-31", 
        "operating_revenue": 388545, 
        "short_term_average": 401697
    }, 
    {
        "accumulated_operating_revenue_yoy": 0.04696193271490896, 
        "accumulated_operating_revenue": 4518545, 
        "long_term_average": 412832, 
        "date": "2013-11-30", 
        "operating_revenue": 402279, 
        "short_term_average": 400815
    }, 
    {
        "accumulated_operating_revenue_yoy": -1.6836279495446766, 
        "accumulated_operating_revenue": 4868495, 
        "long_term_average": 405707, 
        "date": "2013-12-31", 
        "operating_revenue": 349950, 
        "short_term_average": 380258
    }, 
    {
        "accumulated_operating_revenue_yoy": -8.294802151084626, 
        "accumulated_operating_revenue": 403811, 
        "long_term_average": 402664, 
        "date": "2014-01-31", 
        "operating_revenue": 403811, 
        "short_term_average": 385346
    }, 
    {
        "accumulated_operating_revenue_yoy": -5.504784065939099, 
        "accumulated_operating_revenue": 722037, 
        "long_term_average": 402202, 
        "date": "2014-02-28", 
        "operating_revenue": 318226, 
        "short_term_average": 357329
    }, 
    {
        "accumulated_operating_revenue_yoy": -11.177059531606517, 
        "accumulated_operating_revenue": 1087660, 
        "long_term_average": 394302, 
        "date": "2014-03-31", 
        "operating_revenue": 365623, 
        "short_term_average": 362553
    }, 
    {
        "accumulated_operating_revenue_yoy": -11.917806270676746, 
        "accumulated_operating_revenue": 1486195, 
        "long_term_average": 388950, 
        "date": "2014-04-30", 
        "operating_revenue": 398535, 
        "short_term_average": 360794
    }, 
    {
        "accumulated_operating_revenue_yoy": -13.516544488770569, 
        "accumulated_operating_revenue": 1837693, 
        "long_term_average": 381773, 
        "date": "2014-05-31", 
        "operating_revenue": 351498, 
        "short_term_average": 371885
    }, 
    {
        "accumulated_operating_revenue_yoy": -11.225981202784844, 
        "accumulated_operating_revenue": 2218168, 
        "long_term_average": 382332, 
        "date": "2014-06-30", 
        "operating_revenue": 380475, 
        "short_term_average": 376836
    }, 
    {
        "accumulated_operating_revenue_yoy": -10.557016020689943, 
        "accumulated_operating_revenue": 2603840, 
        "long_term_average": 380096, 
        "date": "2014-07-31", 
        "operating_revenue": 385672, 
        "short_term_average": 372548
    }, 
    {
        "accumulated_operating_revenue_yoy": -10.263990991822316, 
        "accumulated_operating_revenue": 2975734, 
        "long_term_average": 377344, 
        "date": "2014-08-31", 
        "operating_revenue": 371894, 
        "short_term_average": 379347
    }, 
    {
        "accumulated_operating_revenue_yoy": -10.99999168392699, 
        "accumulated_operating_revenue": 3317672, 
        "long_term_average": 371537, 
        "date": "2014-09-30", 
        "operating_revenue": 341938, 
        "short_term_average": 366501
    }, 
    {
        "accumulated_operating_revenue_yoy": -10.865770093575101, 
        "accumulated_operating_revenue": 3669002, 
        "long_term_average": 368435, 
        "date": "2014-10-31", 
        "operating_revenue": 351330, 
        "short_term_average": 355054
    }, 
    {
        "accumulated_operating_revenue_yoy": -11.64509814553136, 
        "accumulated_operating_revenue": 3992356, 
        "long_term_average": 361858, 
        "date": "2014-11-30", 
        "operating_revenue": 323354, 
        "short_term_average": 338874
    }, 
    {
        "accumulated_operating_revenue_yoy": -11.138596219160132, 
        "accumulated_operating_revenue": 4326213, 
        "long_term_average": 360517, 
        "date": "2014-12-31", 
        "operating_revenue": 333857, 
        "short_term_average": 336180
    }, 
    {
        "accumulated_operating_revenue_yoy": -5.2613722756438035, 
        "accumulated_operating_revenue": 382565, 
        "long_term_average": 358747, 
        "date": "2015-01-31", 
        "operating_revenue": 382565, 
        "short_term_average": 346592
    }, 
    {
        "accumulated_operating_revenue_yoy": -16.024248064849864, 
        "accumulated_operating_revenue": 606336, 
        "long_term_average": 350876, 
        "date": "2015-02-28", 
        "operating_revenue": 223771, 
        "short_term_average": 313397
    }, 
    {
        "accumulated_operating_revenue_yoy": -9.404133644705146, 
        "accumulated_operating_revenue": 985375, 
        "long_term_average": 351994, 
        "date": "2015-03-31", 
        "operating_revenue": 379039, 
        "short_term_average": 328458
    }, 
    {
        "accumulated_operating_revenue_yoy": -10.850460403917387, 
        "accumulated_operating_revenue": 1324936, 
        "long_term_average": 347079, 
        "date": "2015-04-30", 
        "operating_revenue": 339561, 
        "short_term_average": 314123
    }, 
    {
        "accumulated_operating_revenue_yoy": -10.574562780616784, 
        "accumulated_operating_revenue": 1643365, 
        "long_term_average": 344323, 
        "date": "2015-05-31", 
        "operating_revenue": 318429, 
        "short_term_average": 345676
    }, 
    {
        "accumulated_operating_revenue_yoy": -11.048757352914658, 
        "accumulated_operating_revenue": 1973088, 
        "long_term_average": 340094, 
        "date": "2015-06-30", 
        "operating_revenue": 329723, 
        "short_term_average": 329237
    }, 
    {
        "accumulated_operating_revenue_yoy": -9.82233931424358, 
        "accumulated_operating_revenue": 2348082, 
        "long_term_average": 339204, 
        "date": "2015-07-31", 
        "operating_revenue": 374994, 
        "short_term_average": 341048
    }, 
    {
        "accumulated_operating_revenue_yoy": -9.533278176073534, 
        "accumulated_operating_revenue": 2692049, 
        "long_term_average": 336877, 
        "date": "2015-08-31", 
        "operating_revenue": 343967, 
        "short_term_average": 349561
    }, 
    {
        "accumulated_operating_revenue_yoy": -5.521311329148873, 
        "accumulated_operating_revenue": 3134493, 
        "long_term_average": 345252, 
        "date": "2015-09-30", 
        "operating_revenue": 442444, 
        "short_term_average": 387135
    }, 
    {
        "accumulated_operating_revenue_yoy": -3.403105258596207, 
        "accumulated_operating_revenue": 3544142, 
        "long_term_average": 350112, 
        "date": "2015-10-31", 
        "operating_revenue": 409649, 
        "short_term_average": 398686
    }
]