[
    {
        "date": "2012-01-31", 
        "operating_revenue": 8830, 
        "accumulated_operating_revenue": 8830, 
        "long_term_average": 8830, 
        "short_term_average": 8830
    }, 
    {
        "date": "2012-02-29", 
        "operating_revenue": 16377, 
        "accumulated_operating_revenue": 25207, 
        "long_term_average": 12603, 
        "short_term_average": 12603
    }, 
    {
        "date": "2012-03-31", 
        "operating_revenue": 24328, 
        "accumulated_operating_revenue": 49535, 
        "long_term_average": 16511, 
        "short_term_average": 16511
    }, 
    {
        "date": "2012-04-30", 
        "operating_revenue": 10583, 
        "accumulated_operating_revenue": 60118, 
        "long_term_average": 15029, 
        "short_term_average": 17096
    }, 
    {
        "date": "2012-05-31", 
        "operating_revenue": 14422, 
        "accumulated_operating_revenue": 74540, 
        "long_term_average": 14908, 
        "short_term_average": 16444
    }, 
    {
        "date": "2012-06-30", 
        "operating_revenue": 24991, 
        "accumulated_operating_revenue": 99531, 
        "long_term_average": 16588, 
        "short_term_average": 16665
    }, 
    {
        "date": "2012-07-31", 
        "operating_revenue": 12654, 
        "accumulated_operating_revenue": 112185, 
        "long_term_average": 16026, 
        "short_term_average": 17355
    }, 
    {
        "date": "2012-08-31", 
        "operating_revenue": 34347, 
        "accumulated_operating_revenue": 146532, 
        "long_term_average": 18316, 
        "short_term_average": 23997
    }, 
    {
        "date": "2012-09-30", 
        "operating_revenue": 12664, 
        "accumulated_operating_revenue": 159196, 
        "long_term_average": 17688, 
        "short_term_average": 19888
    }, 
    {
        "date": "2012-10-31", 
        "operating_revenue": 14349, 
        "accumulated_operating_revenue": 173545, 
        "long_term_average": 17354, 
        "short_term_average": 20453
    }, 
    {
        "date": "2012-11-30", 
        "operating_revenue": 10453, 
        "accumulated_operating_revenue": 183998, 
        "long_term_average": 16727, 
        "short_term_average": 12488
    }, 
    {
        "date": "2012-12-31", 
        "operating_revenue": 18455, 
        "accumulated_operating_revenue": 202453, 
        "long_term_average": 16871, 
        "short_term_average": 14419
    }, 
    {
        "accumulated_operating_revenue_yoy": 49.41109852774632, 
        "accumulated_operating_revenue": 13193, 
        "long_term_average": 17234, 
        "date": "2013-01-31", 
        "operating_revenue": 13193, 
        "short_term_average": 14033
    }, 
    {
        "accumulated_operating_revenue_yoy": 46.0745031142143, 
        "accumulated_operating_revenue": 36821, 
        "long_term_average": 17838, 
        "date": "2013-02-28", 
        "operating_revenue": 23628, 
        "short_term_average": 18425
    }, 
    {
        "accumulated_operating_revenue_yoy": -1.4656303623700413, 
        "accumulated_operating_revenue": 48809, 
        "long_term_average": 16810, 
        "date": "2013-03-31", 
        "operating_revenue": 11988, 
        "short_term_average": 16269
    }, 
    {
        "accumulated_operating_revenue_yoy": 21.783825143883696, 
        "accumulated_operating_revenue": 73214, 
        "long_term_average": 17962, 
        "date": "2013-04-30", 
        "operating_revenue": 24405, 
        "short_term_average": 20007
    }, 
    {
        "accumulated_operating_revenue_yoy": 24.867185403810037, 
        "accumulated_operating_revenue": 93076, 
        "long_term_average": 18415, 
        "date": "2013-05-31", 
        "operating_revenue": 19862, 
        "short_term_average": 18751
    }, 
    {
        "accumulated_operating_revenue_yoy": 26.57865388672876, 
        "accumulated_operating_revenue": 125985, 
        "long_term_average": 19075, 
        "date": "2013-06-30", 
        "operating_revenue": 32909, 
        "short_term_average": 25725
    }, 
    {
        "accumulated_operating_revenue_yoy": 26.266434906627445, 
        "accumulated_operating_revenue": 141652, 
        "long_term_average": 19326, 
        "date": "2013-07-31", 
        "operating_revenue": 15667, 
        "short_term_average": 22812
    }, 
    {
        "accumulated_operating_revenue_yoy": 8.959817650752054, 
        "accumulated_operating_revenue": 159661, 
        "long_term_average": 17965, 
        "date": "2013-08-31", 
        "operating_revenue": 18009, 
        "short_term_average": 22195
    }, 
    {
        "accumulated_operating_revenue_yoy": 22.415136058694944, 
        "accumulated_operating_revenue": 194880, 
        "long_term_average": 19844, 
        "date": "2013-09-30", 
        "operating_revenue": 35219, 
        "short_term_average": 22965
    }, 
    {
        "accumulated_operating_revenue_yoy": 20.600996859604138, 
        "accumulated_operating_revenue": 209297, 
        "long_term_average": 19850, 
        "date": "2013-10-31", 
        "operating_revenue": 14417, 
        "short_term_average": 22548
    }, 
    {
        "accumulated_operating_revenue_yoy": 30.2307633778628, 
        "accumulated_operating_revenue": 239622, 
        "long_term_average": 21506, 
        "date": "2013-11-30", 
        "operating_revenue": 30325, 
        "short_term_average": 26653
    }, 
    {
        "accumulated_operating_revenue_yoy": 29.392500975535064, 
        "accumulated_operating_revenue": 261959, 
        "long_term_average": 21829, 
        "date": "2013-12-31", 
        "operating_revenue": 22337, 
        "short_term_average": 22359
    }, 
    {
        "accumulated_operating_revenue_yoy": 69.64299249602061, 
        "accumulated_operating_revenue": 22381, 
        "long_term_average": 22595, 
        "date": "2014-01-31", 
        "operating_revenue": 22381, 
        "short_term_average": 25014
    }, 
    {
        "accumulated_operating_revenue_yoy": 3.462697916949567, 
        "accumulated_operating_revenue": 38096, 
        "long_term_average": 21936, 
        "date": "2014-02-28", 
        "operating_revenue": 15715, 
        "short_term_average": 20144
    }, 
    {
        "accumulated_operating_revenue_yoy": 34.342027085168716, 
        "accumulated_operating_revenue": 65571, 
        "long_term_average": 23226, 
        "date": "2014-03-31", 
        "operating_revenue": 27475, 
        "short_term_average": 21857
    }, 
    {
        "accumulated_operating_revenue_yoy": 11.530581582757396, 
        "accumulated_operating_revenue": 81656, 
        "long_term_average": 22533, 
        "date": "2014-04-30", 
        "operating_revenue": 16085, 
        "short_term_average": 19758
    }, 
    {
        "accumulated_operating_revenue_yoy": -1.5363788731789074, 
        "accumulated_operating_revenue": 91646, 
        "long_term_average": 21710, 
        "date": "2014-05-31", 
        "operating_revenue": 9990, 
        "short_term_average": 17850
    }, 
    {
        "accumulated_operating_revenue_yoy": -13.792118109298727, 
        "accumulated_operating_revenue": 108609, 
        "long_term_average": 20381, 
        "date": "2014-06-30", 
        "operating_revenue": 16963, 
        "short_term_average": 14346
    }, 
    {
        "accumulated_operating_revenue_yoy": -15.480190890351, 
        "accumulated_operating_revenue": 119724, 
        "long_term_average": 20002, 
        "date": "2014-07-31", 
        "operating_revenue": 11115, 
        "short_term_average": 12689
    }, 
    {
        "accumulated_operating_revenue_yoy": -18.53990642674166, 
        "accumulated_operating_revenue": 130060, 
        "long_term_average": 19363, 
        "date": "2014-08-31", 
        "operating_revenue": 10336, 
        "short_term_average": 12804
    }, 
    {
        "accumulated_operating_revenue_yoy": -23.607861247947454, 
        "accumulated_operating_revenue": 148873, 
        "long_term_average": 17996, 
        "date": "2014-09-30", 
        "operating_revenue": 18813, 
        "short_term_average": 13421
    }, 
    {
        "accumulated_operating_revenue_yoy": -16.934786451788604, 
        "accumulated_operating_revenue": 173853, 
        "long_term_average": 18876, 
        "date": "2014-10-31", 
        "operating_revenue": 24980, 
        "short_term_average": 18043
    }, 
    {
        "accumulated_operating_revenue_yoy": -18.441545434058643, 
        "accumulated_operating_revenue": 195432, 
        "long_term_average": 18147, 
        "date": "2014-11-30", 
        "operating_revenue": 21579, 
        "short_term_average": 21790
    }, 
    {
        "accumulated_operating_revenue_yoy": -14.718333785057967, 
        "accumulated_operating_revenue": 223403, 
        "long_term_average": 18616, 
        "date": "2014-12-31", 
        "operating_revenue": 27971, 
        "short_term_average": 24843
    }, 
    {
        "accumulated_operating_revenue_yoy": 24.221437826728028, 
        "accumulated_operating_revenue": 27802, 
        "long_term_average": 19068, 
        "date": "2015-01-31", 
        "operating_revenue": 27802, 
        "short_term_average": 25784
    }, 
    {
        "accumulated_operating_revenue_yoy": 10.352792944141118, 
        "accumulated_operating_revenue": 42040, 
        "long_term_average": 18945, 
        "date": "2015-02-28", 
        "operating_revenue": 14238, 
        "short_term_average": 23337
    }, 
    {
        "accumulated_operating_revenue_yoy": -2.7207149502066463, 
        "accumulated_operating_revenue": 63787, 
        "long_term_average": 18468, 
        "date": "2015-03-31", 
        "operating_revenue": 21747, 
        "short_term_average": 21262
    }, 
    {
        "accumulated_operating_revenue_yoy": -11.592534535122955, 
        "accumulated_operating_revenue": 72190, 
        "long_term_average": 17828, 
        "date": "2015-04-30", 
        "operating_revenue": 8403, 
        "short_term_average": 14796
    }, 
    {
        "accumulated_operating_revenue_yoy": -5.181895554634135, 
        "accumulated_operating_revenue": 86897, 
        "long_term_average": 18221, 
        "date": "2015-05-31", 
        "operating_revenue": 14707, 
        "short_term_average": 14952
    }, 
    {
        "accumulated_operating_revenue_yoy": -2.7373422092091815, 
        "accumulated_operating_revenue": 105636, 
        "long_term_average": 18369, 
        "date": "2015-06-30", 
        "operating_revenue": 18739, 
        "short_term_average": 13949
    }, 
    {
        "accumulated_operating_revenue_yoy": 3.457118038154422, 
        "accumulated_operating_revenue": 123863, 
        "long_term_average": 18961, 
        "date": "2015-07-31", 
        "operating_revenue": 18227, 
        "short_term_average": 17224
    }, 
    {
        "accumulated_operating_revenue_yoy": 4.056589266492388, 
        "accumulated_operating_revenue": 135336, 
        "long_term_average": 19056, 
        "date": "2015-08-31", 
        "operating_revenue": 11473, 
        "short_term_average": 16146
    }, 
    {
        "accumulated_operating_revenue_yoy": 1.7303339087678762, 
        "accumulated_operating_revenue": 151449, 
        "long_term_average": 18831, 
        "date": "2015-09-30", 
        "operating_revenue": 16113, 
        "short_term_average": 15271
    }
]