[
    {
        "date": "2012-01-31", 
        "operating_revenue": 19481, 
        "accumulated_operating_revenue": 19481, 
        "long_term_average": 19481, 
        "short_term_average": 19481
    }, 
    {
        "date": "2012-02-29", 
        "operating_revenue": 15821, 
        "accumulated_operating_revenue": 35302, 
        "long_term_average": 17651, 
        "short_term_average": 17651
    }, 
    {
        "date": "2012-03-31", 
        "operating_revenue": 18337, 
        "accumulated_operating_revenue": 53639, 
        "long_term_average": 17879, 
        "short_term_average": 17879
    }, 
    {
        "date": "2012-04-30", 
        "operating_revenue": 16485, 
        "accumulated_operating_revenue": 70124, 
        "long_term_average": 17531, 
        "short_term_average": 16881
    }, 
    {
        "date": "2012-05-31", 
        "operating_revenue": 14586, 
        "accumulated_operating_revenue": 84710, 
        "long_term_average": 16942, 
        "short_term_average": 16469
    }, 
    {
        "date": "2012-06-30", 
        "operating_revenue": 11874, 
        "accumulated_operating_revenue": 96584, 
        "long_term_average": 16097, 
        "short_term_average": 14315
    }, 
    {
        "date": "2012-07-31", 
        "operating_revenue": 11138, 
        "accumulated_operating_revenue": 107722, 
        "long_term_average": 15388, 
        "short_term_average": 12532
    }, 
    {
        "date": "2012-08-31", 
        "operating_revenue": 8406, 
        "accumulated_operating_revenue": 116128, 
        "long_term_average": 14516, 
        "short_term_average": 10472
    }, 
    {
        "date": "2012-09-30", 
        "operating_revenue": 6480, 
        "accumulated_operating_revenue": 122608, 
        "long_term_average": 13623, 
        "short_term_average": 8674
    }, 
    {
        "date": "2012-10-31", 
        "operating_revenue": 4919, 
        "accumulated_operating_revenue": 127527, 
        "long_term_average": 12752, 
        "short_term_average": 6601
    }, 
    {
        "date": "2012-11-30", 
        "operating_revenue": 7709, 
        "accumulated_operating_revenue": 135236, 
        "long_term_average": 12294, 
        "short_term_average": 6369
    }, 
    {
        "date": "2012-12-31", 
        "operating_revenue": 2164, 
        "accumulated_operating_revenue": 137400, 
        "long_term_average": 11450, 
        "short_term_average": 4930
    }, 
    {
        "accumulated_operating_revenue_yoy": -64.18561675478671, 
        "accumulated_operating_revenue": 6977, 
        "long_term_average": 10408, 
        "date": "2013-01-31", 
        "operating_revenue": 6977, 
        "short_term_average": 5616
    }, 
    {
        "accumulated_operating_revenue_yoy": -60.673616225709594, 
        "accumulated_operating_revenue": 13883, 
        "long_term_average": 9665, 
        "date": "2013-02-28", 
        "operating_revenue": 6906, 
        "short_term_average": 5349
    }, 
    {
        "accumulated_operating_revenue_yoy": -57.558865750666484, 
        "accumulated_operating_revenue": 22765, 
        "long_term_average": 8877, 
        "date": "2013-03-31", 
        "operating_revenue": 8882, 
        "short_term_average": 7588
    }, 
    {
        "accumulated_operating_revenue_yoy": -54.8699446694427, 
        "accumulated_operating_revenue": 31647, 
        "long_term_average": 8243, 
        "date": "2013-04-30", 
        "operating_revenue": 8882, 
        "short_term_average": 8223
    }, 
    {
        "accumulated_operating_revenue_yoy": -55.986306221225355, 
        "accumulated_operating_revenue": 37284, 
        "long_term_average": 7497, 
        "date": "2013-05-31", 
        "operating_revenue": 5637, 
        "short_term_average": 7800
    }, 
    {
        "accumulated_operating_revenue_yoy": -55.271059388718626, 
        "accumulated_operating_revenue": 43201, 
        "long_term_average": 7001, 
        "date": "2013-06-30", 
        "operating_revenue": 5917, 
        "short_term_average": 6812
    }, 
    {
        "accumulated_operating_revenue_yoy": -51.02393197304171, 
        "accumulated_operating_revenue": 52758, 
        "long_term_average": 6869, 
        "date": "2013-07-31", 
        "operating_revenue": 9557, 
        "short_term_average": 7037
    }, 
    {
        "accumulated_operating_revenue_yoy": -46.17232708735189, 
        "accumulated_operating_revenue": 62509, 
        "long_term_average": 6981, 
        "date": "2013-08-31", 
        "operating_revenue": 9751, 
        "short_term_average": 8408
    }, 
    {
        "accumulated_operating_revenue_yoy": -39.44522380268824, 
        "accumulated_operating_revenue": 74245, 
        "long_term_average": 7419, 
        "date": "2013-09-30", 
        "operating_revenue": 11736, 
        "short_term_average": 10348
    }, 
    {
        "accumulated_operating_revenue_yoy": -31.589388913720235, 
        "accumulated_operating_revenue": 87242, 
        "long_term_average": 8092, 
        "date": "2013-10-31", 
        "operating_revenue": 12997, 
        "short_term_average": 11494
    }, 
    {
        "accumulated_operating_revenue_yoy": -28.777840220059748, 
        "accumulated_operating_revenue": 96318, 
        "long_term_average": 8206, 
        "date": "2013-11-30", 
        "operating_revenue": 9076, 
        "short_term_average": 11269
    }, 
    {
        "accumulated_operating_revenue_yoy": -26.743813682678315, 
        "accumulated_operating_revenue": 100654, 
        "long_term_average": 8387, 
        "date": "2013-12-31", 
        "operating_revenue": 4336, 
        "short_term_average": 8803
    }, 
    {
        "accumulated_operating_revenue_yoy": -26.917013042855096, 
        "accumulated_operating_revenue": 5099, 
        "long_term_average": 8231, 
        "date": "2014-01-31", 
        "operating_revenue": 5099, 
        "short_term_average": 6170
    }, 
    {
        "accumulated_operating_revenue_yoy": -3.637542317942808, 
        "accumulated_operating_revenue": 13378, 
        "long_term_average": 8345, 
        "date": "2014-02-28", 
        "operating_revenue": 8279, 
        "short_term_average": 5904
    }, 
    {
        "accumulated_operating_revenue_yoy": -4.8671205798374695, 
        "accumulated_operating_revenue": 21657, 
        "long_term_average": 8295, 
        "date": "2014-03-31", 
        "operating_revenue": 8279, 
        "short_term_average": 7219
    }, 
    {
        "accumulated_operating_revenue_yoy": 2.1866211647233547, 
        "accumulated_operating_revenue": 32339, 
        "long_term_average": 8445, 
        "date": "2014-04-30", 
        "operating_revenue": 10682, 
        "short_term_average": 9080
    }, 
    {
        "accumulated_operating_revenue_yoy": 15.921038515180774, 
        "accumulated_operating_revenue": 43220, 
        "long_term_average": 8882, 
        "date": "2014-05-31", 
        "operating_revenue": 10881, 
        "short_term_average": 9947
    }, 
    {
        "accumulated_operating_revenue_yoy": 21.916159348163237, 
        "accumulated_operating_revenue": 52669, 
        "long_term_average": 9176, 
        "date": "2014-06-30", 
        "operating_revenue": 9449, 
        "short_term_average": 10337
    }, 
    {
        "accumulated_operating_revenue_yoy": 10.605026725804617, 
        "accumulated_operating_revenue": 58353, 
        "long_term_average": 8854, 
        "date": "2014-07-31", 
        "operating_revenue": 5684, 
        "short_term_average": 8671
    }, 
    {
        "accumulated_operating_revenue_yoy": -4.69212433409589, 
        "accumulated_operating_revenue": 59576, 
        "long_term_average": 8143, 
        "date": "2014-08-31", 
        "operating_revenue": 1223, 
        "short_term_average": 5452
    }, 
    {
        "accumulated_operating_revenue_yoy": -5.348508317058387, 
        "accumulated_operating_revenue": 70274, 
        "long_term_average": 8056, 
        "date": "2014-09-30", 
        "operating_revenue": 10698, 
        "short_term_average": 5868
    }, 
    {
        "accumulated_operating_revenue_yoy": -6.514064326815067, 
        "accumulated_operating_revenue": 81559, 
        "long_term_average": 7914, 
        "date": "2014-10-31", 
        "operating_revenue": 11285, 
        "short_term_average": 7735
    }, 
    {
        "accumulated_operating_revenue_yoy": -12.091197906933283, 
        "accumulated_operating_revenue": 84672, 
        "long_term_average": 7417, 
        "date": "2014-11-30", 
        "operating_revenue": 3113, 
        "short_term_average": 8365
    }, 
    {
        "accumulated_operating_revenue_yoy": -5.647068174141117, 
        "accumulated_operating_revenue": 94970, 
        "long_term_average": 7914, 
        "date": "2014-12-31", 
        "operating_revenue": 10298, 
        "short_term_average": 8232
    }, 
    {
        "accumulated_operating_revenue_yoy": 28.92724063541871, 
        "accumulated_operating_revenue": 6574, 
        "long_term_average": 8037, 
        "date": "2015-01-31", 
        "operating_revenue": 6574, 
        "short_term_average": 6661
    }, 
    {
        "accumulated_operating_revenue_yoy": -26.356705038122293, 
        "accumulated_operating_revenue": 9852, 
        "long_term_average": 7620, 
        "date": "2015-02-28", 
        "operating_revenue": 3278, 
        "short_term_average": 6716
    }, 
    {
        "accumulated_operating_revenue_yoy": -31.29704021794339, 
        "accumulated_operating_revenue": 14879, 
        "long_term_average": 7349, 
        "date": "2015-03-31", 
        "operating_revenue": 5027, 
        "short_term_average": 4959
    }, 
    {
        "accumulated_operating_revenue_yoy": -28.890812950307676, 
        "accumulated_operating_revenue": 22996, 
        "long_term_average": 7135, 
        "date": "2015-04-30", 
        "operating_revenue": 8117, 
        "short_term_average": 5474
    }, 
    {
        "accumulated_operating_revenue_yoy": -34.18093475242943, 
        "accumulated_operating_revenue": 28447, 
        "long_term_average": 6683, 
        "date": "2015-05-31", 
        "operating_revenue": 5451, 
        "short_term_average": 6198
    }, 
    {
        "accumulated_operating_revenue_yoy": -36.199662040289354, 
        "accumulated_operating_revenue": 33603, 
        "long_term_average": 6325, 
        "date": "2015-06-30", 
        "operating_revenue": 5156, 
        "short_term_average": 6241
    }, 
    {
        "accumulated_operating_revenue_yoy": -37.987764125237774, 
        "accumulated_operating_revenue": 36186, 
        "long_term_average": 6066, 
        "date": "2015-07-31", 
        "operating_revenue": 2583, 
        "short_term_average": 4396
    }, 
    {
        "accumulated_operating_revenue_yoy": -30.16818853229488, 
        "accumulated_operating_revenue": 41603, 
        "long_term_average": 6416, 
        "date": "2015-08-31", 
        "operating_revenue": 5417, 
        "short_term_average": 4385
    }, 
    {
        "accumulated_operating_revenue_yoy": -36.868543131172274, 
        "accumulated_operating_revenue": 44365, 
        "long_term_average": 5755, 
        "date": "2015-09-30", 
        "operating_revenue": 2762, 
        "short_term_average": 3587
    }
]