[
    {
        "date": "2011-09-30", 
        "operating_revenue": 663219, 
        "accumulated_operating_revenue": 663219, 
        "long_term_average": 663219, 
        "short_term_average": 663219
    }, 
    {
        "date": "2011-10-31", 
        "operating_revenue": 515363, 
        "accumulated_operating_revenue": 1178582, 
        "long_term_average": 589291, 
        "short_term_average": 589291
    }, 
    {
        "date": "2011-11-30", 
        "operating_revenue": 419969, 
        "accumulated_operating_revenue": 1598551, 
        "long_term_average": 532850, 
        "short_term_average": 532850
    }, 
    {
        "date": "2011-12-31", 
        "operating_revenue": 421844, 
        "accumulated_operating_revenue": 2020395, 
        "long_term_average": 505098, 
        "short_term_average": 452392
    }, 
    {
        "date": "2012-01-31", 
        "operating_revenue": 447417, 
        "accumulated_operating_revenue": 447417, 
        "long_term_average": 493562, 
        "short_term_average": 429743
    }, 
    {
        "date": "2012-02-29", 
        "operating_revenue": 487784, 
        "accumulated_operating_revenue": 935201, 
        "long_term_average": 492599, 
        "short_term_average": 452348
    }, 
    {
        "date": "2012-03-31", 
        "operating_revenue": 585661, 
        "accumulated_operating_revenue": 1520862, 
        "long_term_average": 505893, 
        "short_term_average": 506954
    }, 
    {
        "date": "2012-04-30", 
        "operating_revenue": 700026, 
        "accumulated_operating_revenue": 2220888, 
        "long_term_average": 530160, 
        "short_term_average": 591157
    }, 
    {
        "date": "2012-05-31", 
        "operating_revenue": 761992, 
        "accumulated_operating_revenue": 2982880, 
        "long_term_average": 555919, 
        "short_term_average": 682559
    }, 
    {
        "date": "2012-06-30", 
        "operating_revenue": 625032, 
        "accumulated_operating_revenue": 3607912, 
        "long_term_average": 562830, 
        "short_term_average": 695683
    }, 
    {
        "date": "2012-07-31", 
        "operating_revenue": 674528, 
        "accumulated_operating_revenue": 4282440, 
        "long_term_average": 572985, 
        "short_term_average": 687184
    }, 
    {
        "date": "2012-08-31", 
        "operating_revenue": 592872, 
        "accumulated_operating_revenue": 4875312, 
        "long_term_average": 574642, 
        "short_term_average": 630810
    }, 
    {
        "accumulated_operating_revenue_yoy": 738.5160859384306, 
        "accumulated_operating_revenue": 5561198, 
        "long_term_average": 576531, 
        "date": "2012-09-30", 
        "operating_revenue": 685886, 
        "short_term_average": 651095
    }, 
    {
        "accumulated_operating_revenue_yoy": 436.58235065527896, 
        "accumulated_operating_revenue": 6324063, 
        "long_term_average": 597156, 
        "date": "2012-10-31", 
        "operating_revenue": 762865, 
        "short_term_average": 680541
    }, 
    {
        "accumulated_operating_revenue_yoy": 347.4935113111812, 
        "accumulated_operating_revenue": 7153412, 
        "long_term_average": 631271, 
        "date": "2012-11-30", 
        "operating_revenue": 829349, 
        "short_term_average": 759366
    }, 
    {
        "accumulated_operating_revenue_yoy": 288.6950324070293, 
        "accumulated_operating_revenue": 7853175, 
        "long_term_average": 654431, 
        "date": "2012-12-31", 
        "operating_revenue": 699763, 
        "short_term_average": 763992
    }, 
    {
        "accumulated_operating_revenue_yoy": 74.10938788646833, 
        "accumulated_operating_revenue": 778995, 
        "long_term_average": 682062, 
        "date": "2013-01-31", 
        "operating_revenue": 778995, 
        "short_term_average": 769369
    }, 
    {
        "accumulated_operating_revenue_yoy": 47.24984254721713, 
        "accumulated_operating_revenue": 1377082, 
        "long_term_average": 691254, 
        "date": "2013-02-28", 
        "operating_revenue": 598087, 
        "short_term_average": 692281
    }, 
    {
        "accumulated_operating_revenue_yoy": 33.153566858794555, 
        "accumulated_operating_revenue": 2025082, 
        "long_term_average": 696449, 
        "date": "2013-03-31", 
        "operating_revenue": 648000, 
        "short_term_average": 675027
    }, 
    {
        "accumulated_operating_revenue_yoy": 23.659545190932636, 
        "accumulated_operating_revenue": 2746340, 
        "long_term_average": 698218, 
        "date": "2013-04-30", 
        "operating_revenue": 721258, 
        "short_term_average": 655781
    }, 
    {
        "accumulated_operating_revenue_yoy": 21.096390065976507, 
        "accumulated_operating_revenue": 3612160, 
        "long_term_average": 706871, 
        "date": "2013-05-31", 
        "operating_revenue": 865820, 
        "short_term_average": 745026
    }, 
    {
        "accumulated_operating_revenue_yoy": 24.024671333447156, 
        "accumulated_operating_revenue": 4474701, 
        "long_term_average": 726663, 
        "date": "2013-06-30", 
        "operating_revenue": 862541, 
        "short_term_average": 816539
    }, 
    {
        "accumulated_operating_revenue_yoy": 25.84061889950589, 
        "accumulated_operating_revenue": 5389049, 
        "long_term_average": 746648, 
        "date": "2013-07-31", 
        "operating_revenue": 914348, 
        "short_term_average": 880903
    }, 
    {
        "accumulated_operating_revenue_yoy": 30.005566823210494, 
        "accumulated_operating_revenue": 6338177, 
        "long_term_average": 776336, 
        "date": "2013-08-31", 
        "operating_revenue": 949128, 
        "short_term_average": 908672
    }, 
    {
        "accumulated_operating_revenue_yoy": 32.3713523596894, 
        "accumulated_operating_revenue": 7361433, 
        "long_term_average": 804450, 
        "date": "2013-09-30", 
        "operating_revenue": 1023256, 
        "short_term_average": 962244
    }, 
    {
        "accumulated_operating_revenue_yoy": 31.883126401492206, 
        "accumulated_operating_revenue": 8340372, 
        "long_term_average": 822457, 
        "date": "2013-10-31", 
        "operating_revenue": 978939, 
        "short_term_average": 983774
    }, 
    {
        "accumulated_operating_revenue_yoy": 29.803721636612014, 
        "accumulated_operating_revenue": 9285395, 
        "long_term_average": 832096, 
        "date": "2013-11-30", 
        "operating_revenue": 945023, 
        "short_term_average": 982406
    }, 
    {
        "accumulated_operating_revenue_yoy": 29.097199540313312, 
        "accumulated_operating_revenue": 10138229, 
        "long_term_average": 844852, 
        "date": "2013-12-31", 
        "operating_revenue": 852834, 
        "short_term_average": 925598
    }, 
    {
        "accumulated_operating_revenue_yoy": 10.619708727270394, 
        "accumulated_operating_revenue": 861722, 
        "long_term_average": 851746, 
        "date": "2014-01-31", 
        "operating_revenue": 861722, 
        "short_term_average": 886526
    }, 
    {
        "accumulated_operating_revenue_yoy": 11.504180578934298, 
        "accumulated_operating_revenue": 1535504, 
        "long_term_average": 858054, 
        "date": "2014-02-28", 
        "operating_revenue": 673782, 
        "short_term_average": 796112
    }, 
    {
        "accumulated_operating_revenue_yoy": 8.571899804551125, 
        "accumulated_operating_revenue": 2198670, 
        "long_term_average": 859318, 
        "date": "2014-03-31", 
        "operating_revenue": 663166, 
        "short_term_average": 732890
    }, 
    {
        "accumulated_operating_revenue_yoy": 10.32643445458319, 
        "accumulated_operating_revenue": 3029939, 
        "long_term_average": 868485, 
        "date": "2014-04-30", 
        "operating_revenue": 831269, 
        "short_term_average": 722739
    }, 
    {
        "accumulated_operating_revenue_yoy": 9.086806785967399, 
        "accumulated_operating_revenue": 3940390, 
        "long_term_average": 872204, 
        "date": "2014-05-31", 
        "operating_revenue": 910451, 
        "short_term_average": 801628
    }, 
    {
        "accumulated_operating_revenue_yoy": 8.784564599958745, 
        "accumulated_operating_revenue": 4867784, 
        "long_term_average": 877609, 
        "date": "2014-06-30", 
        "operating_revenue": 927394, 
        "short_term_average": 889704
    }, 
    {
        "accumulated_operating_revenue_yoy": 7.641775014478435, 
        "accumulated_operating_revenue": 5800868, 
        "long_term_average": 879170, 
        "date": "2014-07-31", 
        "operating_revenue": 933084, 
        "short_term_average": 923643
    }, 
    {
        "accumulated_operating_revenue_yoy": 6.227831756670727, 
        "accumulated_operating_revenue": 6732908, 
        "long_term_average": 877746, 
        "date": "2014-08-31", 
        "operating_revenue": 932040, 
        "short_term_average": 930839
    }, 
    {
        "accumulated_operating_revenue_yoy": 3.782673835379606, 
        "accumulated_operating_revenue": 7639892, 
        "long_term_average": 868057, 
        "date": "2014-09-30", 
        "operating_revenue": 906984, 
        "short_term_average": 924036
    }, 
    {
        "accumulated_operating_revenue_yoy": 2.187876032388004, 
        "accumulated_operating_revenue": 8522849, 
        "long_term_average": 860058, 
        "date": "2014-10-31", 
        "operating_revenue": 882957, 
        "short_term_average": 907327
    }, 
    {
        "accumulated_operating_revenue_yoy": 0.38199775023033483, 
        "accumulated_operating_revenue": 9320865, 
        "long_term_average": 847808, 
        "date": "2014-11-30", 
        "operating_revenue": 798016, 
        "short_term_average": 862652
    }, 
    {
        "accumulated_operating_revenue_yoy": -0.10365715747789875, 
        "accumulated_operating_revenue": 10127720, 
        "long_term_average": 843976, 
        "date": "2014-12-31", 
        "operating_revenue": 806855, 
        "short_term_average": 829276
    }, 
    {
        "accumulated_operating_revenue_yoy": -12.244320093951414, 
        "accumulated_operating_revenue": 756210, 
        "long_term_average": 835184, 
        "date": "2015-01-31", 
        "operating_revenue": 756210, 
        "short_term_average": 787027
    }, 
    {
        "accumulated_operating_revenue_yoy": -16.61285154581167, 
        "accumulated_operating_revenue": 1280413, 
        "long_term_average": 822719, 
        "date": "2015-02-28", 
        "operating_revenue": 524203, 
        "short_term_average": 695756
    }, 
    {
        "accumulated_operating_revenue_yoy": -13.366398777442726, 
        "accumulated_operating_revenue": 1904787, 
        "long_term_average": 819486, 
        "date": "2015-03-31", 
        "operating_revenue": 624374, 
        "short_term_average": 634929
    }, 
    {
        "accumulated_operating_revenue_yoy": -12.889071364142973, 
        "accumulated_operating_revenue": 2639408, 
        "long_term_average": 811432, 
        "date": "2015-04-30", 
        "operating_revenue": 734621, 
        "short_term_average": 627732
    }, 
    {
        "accumulated_operating_revenue_yoy": -12.223612383545792, 
        "accumulated_operating_revenue": 3458732, 
        "long_term_average": 803838, 
        "date": "2015-05-31", 
        "operating_revenue": 819324, 
        "short_term_average": 726106
    }, 
    {
        "accumulated_operating_revenue_yoy": -10.611522614807887, 
        "accumulated_operating_revenue": 4351238, 
        "long_term_average": 800931, 
        "date": "2015-06-30", 
        "operating_revenue": 892506, 
        "short_term_average": 815483
    }, 
    {
        "accumulated_operating_revenue_yoy": -8.42484262699996, 
        "accumulated_operating_revenue": 5312154, 
        "long_term_average": 803250, 
        "date": "2015-07-31", 
        "operating_revenue": 960916, 
        "short_term_average": 890915
    }, 
    {
        "accumulated_operating_revenue_yoy": -5.963366794852982, 
        "accumulated_operating_revenue": 6331400, 
        "long_term_average": 810517, 
        "date": "2015-08-31", 
        "operating_revenue": 1019246, 
        "short_term_average": 957556
    }
]