[
    {
        "date": "2012-01-31", 
        "operating_revenue": 60445, 
        "accumulated_operating_revenue": 60445, 
        "long_term_average": 60445, 
        "short_term_average": 60445
    }, 
    {
        "date": "2012-02-29", 
        "operating_revenue": 65667, 
        "accumulated_operating_revenue": 126112, 
        "long_term_average": 63056, 
        "short_term_average": 63056
    }, 
    {
        "date": "2012-03-31", 
        "operating_revenue": 74536, 
        "accumulated_operating_revenue": 200648, 
        "long_term_average": 66882, 
        "short_term_average": 66882
    }, 
    {
        "date": "2012-04-30", 
        "operating_revenue": 50619, 
        "accumulated_operating_revenue": 251267, 
        "long_term_average": 62816, 
        "short_term_average": 63607
    }, 
    {
        "date": "2012-05-31", 
        "operating_revenue": 67083, 
        "accumulated_operating_revenue": 318350, 
        "long_term_average": 63670, 
        "short_term_average": 64079
    }, 
    {
        "date": "2012-06-30", 
        "operating_revenue": 44182, 
        "accumulated_operating_revenue": 362532, 
        "long_term_average": 60422, 
        "short_term_average": 53961
    }, 
    {
        "date": "2012-07-31", 
        "operating_revenue": 60268, 
        "accumulated_operating_revenue": 422800, 
        "long_term_average": 60400, 
        "short_term_average": 57177
    }, 
    {
        "date": "2012-08-31", 
        "operating_revenue": 54575, 
        "accumulated_operating_revenue": 477375, 
        "long_term_average": 59671, 
        "short_term_average": 53008
    }, 
    {
        "date": "2012-09-30", 
        "operating_revenue": 58288, 
        "accumulated_operating_revenue": 535663, 
        "long_term_average": 59518, 
        "short_term_average": 57710
    }, 
    {
        "date": "2012-10-31", 
        "operating_revenue": 49984, 
        "accumulated_operating_revenue": 585647, 
        "long_term_average": 58564, 
        "short_term_average": 54282
    }, 
    {
        "date": "2012-11-30", 
        "operating_revenue": 55916, 
        "accumulated_operating_revenue": 641563, 
        "long_term_average": 58323, 
        "short_term_average": 54729
    }, 
    {
        "date": "2012-12-31", 
        "operating_revenue": 45848, 
        "accumulated_operating_revenue": 687411, 
        "long_term_average": 57284, 
        "short_term_average": 50582
    }, 
    {
        "accumulated_operating_revenue_yoy": 1.897592853006866, 
        "accumulated_operating_revenue": 61592, 
        "long_term_average": 57379, 
        "date": "2013-01-31", 
        "operating_revenue": 61592, 
        "short_term_average": 54452
    }, 
    {
        "accumulated_operating_revenue_yoy": -20.932187262116216, 
        "accumulated_operating_revenue": 99714, 
        "long_term_average": 55084, 
        "date": "2013-02-28", 
        "operating_revenue": 38122, 
        "short_term_average": 48520
    }, 
    {
        "accumulated_operating_revenue_yoy": -25.923507834615844, 
        "accumulated_operating_revenue": 148633, 
        "long_term_average": 52949, 
        "date": "2013-03-31", 
        "operating_revenue": 48919, 
        "short_term_average": 49544
    }, 
    {
        "accumulated_operating_revenue_yoy": -20.51562680336057, 
        "accumulated_operating_revenue": 199718, 
        "long_term_average": 52988, 
        "date": "2013-04-30", 
        "operating_revenue": 51085, 
        "short_term_average": 46042
    }, 
    {
        "accumulated_operating_revenue_yoy": -18.16491283178891, 
        "accumulated_operating_revenue": 260522, 
        "long_term_average": 52465, 
        "date": "2013-05-31", 
        "operating_revenue": 60804, 
        "short_term_average": 53602
    }, 
    {
        "accumulated_operating_revenue_yoy": -14.001522624209725, 
        "accumulated_operating_revenue": 311772, 
        "long_term_average": 53054, 
        "date": "2013-06-30", 
        "operating_revenue": 51250, 
        "short_term_average": 54379
    }, 
    {
        "accumulated_operating_revenue_yoy": -13.8561967833491, 
        "accumulated_operating_revenue": 364216, 
        "long_term_average": 52402, 
        "date": "2013-07-31", 
        "operating_revenue": 52444, 
        "short_term_average": 54832
    }, 
    {
        "accumulated_operating_revenue_yoy": -12.356952081696779, 
        "accumulated_operating_revenue": 418386, 
        "long_term_average": 52368, 
        "date": "2013-08-31", 
        "operating_revenue": 54170, 
        "short_term_average": 52621
    }, 
    {
        "accumulated_operating_revenue_yoy": -12.4186288767378, 
        "accumulated_operating_revenue": 469141, 
        "long_term_average": 51740, 
        "date": "2013-09-30", 
        "operating_revenue": 50755, 
        "short_term_average": 52456
    }, 
    {
        "accumulated_operating_revenue_yoy": -10.463811818382062, 
        "accumulated_operating_revenue": 524366, 
        "long_term_average": 52177, 
        "date": "2013-10-31", 
        "operating_revenue": 55225, 
        "short_term_average": 53383
    }, 
    {
        "accumulated_operating_revenue_yoy": -9.299164696218455, 
        "accumulated_operating_revenue": 581903, 
        "long_term_average": 52312, 
        "date": "2013-11-30", 
        "operating_revenue": 57537, 
        "short_term_average": 54505
    }, 
    {
        "accumulated_operating_revenue_yoy": -6.936607066223846, 
        "accumulated_operating_revenue": 639728, 
        "long_term_average": 53310, 
        "date": "2013-12-31", 
        "operating_revenue": 57825, 
        "short_term_average": 56862
    }, 
    {
        "accumulated_operating_revenue_yoy": -6.395311079360956, 
        "accumulated_operating_revenue": 57653, 
        "long_term_average": 52982, 
        "date": "2014-01-31", 
        "operating_revenue": 57653, 
        "short_term_average": 57671
    }, 
    {
        "accumulated_operating_revenue_yoy": 4.454740557995868, 
        "accumulated_operating_revenue": 104156, 
        "long_term_average": 53680, 
        "date": "2014-02-28", 
        "operating_revenue": 46503, 
        "short_term_average": 53993
    }, 
    {
        "accumulated_operating_revenue_yoy": 3.3451521532903192, 
        "accumulated_operating_revenue": 153605, 
        "long_term_average": 53725, 
        "date": "2014-03-31", 
        "operating_revenue": 49449, 
        "short_term_average": 51201
    }, 
    {
        "accumulated_operating_revenue_yoy": 4.822800148208975, 
        "accumulated_operating_revenue": 209350, 
        "long_term_average": 54113, 
        "date": "2014-04-30", 
        "operating_revenue": 55745, 
        "short_term_average": 50565
    }, 
    {
        "accumulated_operating_revenue_yoy": 0.2990150543908, 
        "accumulated_operating_revenue": 261301, 
        "long_term_average": 53375, 
        "date": "2014-05-31", 
        "operating_revenue": 51951, 
        "short_term_average": 52381
    }, 
    {
        "accumulated_operating_revenue_yoy": 3.9952272814749237, 
        "accumulated_operating_revenue": 324228, 
        "long_term_average": 54348, 
        "date": "2014-06-30", 
        "operating_revenue": 62927, 
        "short_term_average": 56874
    }, 
    {
        "accumulated_operating_revenue_yoy": 4.249676016429811, 
        "accumulated_operating_revenue": 379694, 
        "long_term_average": 54600, 
        "date": "2014-07-31", 
        "operating_revenue": 55466, 
        "short_term_average": 56781
    }, 
    {
        "accumulated_operating_revenue_yoy": 5.633792717729561, 
        "accumulated_operating_revenue": 441957, 
        "long_term_average": 55274, 
        "date": "2014-08-31", 
        "operating_revenue": 62263, 
        "short_term_average": 60218
    }, 
    {
        "accumulated_operating_revenue_yoy": 4.713081994538956, 
        "accumulated_operating_revenue": 491252, 
        "long_term_average": 55153, 
        "date": "2014-09-30", 
        "operating_revenue": 49295, 
        "short_term_average": 55674
    }, 
    {
        "accumulated_operating_revenue_yoy": 4.830786130298303, 
        "accumulated_operating_revenue": 549697, 
        "long_term_average": 55421, 
        "date": "2014-10-31", 
        "operating_revenue": 58445, 
        "short_term_average": 56667
    }, 
    {
        "accumulated_operating_revenue_yoy": 4.370659714763457, 
        "accumulated_operating_revenue": 607336, 
        "long_term_average": 55430, 
        "date": "2014-11-30", 
        "operating_revenue": 57639, 
        "short_term_average": 55126
    }, 
    {
        "accumulated_operating_revenue_yoy": 4.074856814146012, 
        "accumulated_operating_revenue": 665796, 
        "long_term_average": 55483, 
        "date": "2014-12-31", 
        "operating_revenue": 58460, 
        "short_term_average": 58181
    }, 
    {
        "accumulated_operating_revenue_yoy": 23.610219763065235, 
        "accumulated_operating_revenue": 71265, 
        "long_term_average": 56617, 
        "date": "2015-01-31", 
        "operating_revenue": 71265, 
        "short_term_average": 62454
    }, 
    {
        "accumulated_operating_revenue_yoy": 19.983486308998042, 
        "accumulated_operating_revenue": 124970, 
        "long_term_average": 57217, 
        "date": "2015-02-28", 
        "operating_revenue": 53705, 
        "short_term_average": 61143
    }, 
    {
        "accumulated_operating_revenue_yoy": 15.952605709449564, 
        "accumulated_operating_revenue": 178109, 
        "long_term_average": 57525, 
        "date": "2015-03-31", 
        "operating_revenue": 53139, 
        "short_term_average": 59369
    }, 
    {
        "accumulated_operating_revenue_yoy": 17.625985192261762, 
        "accumulated_operating_revenue": 246250, 
        "long_term_average": 58558, 
        "date": "2015-04-30", 
        "operating_revenue": 68141, 
        "short_term_average": 58328
    }, 
    {
        "accumulated_operating_revenue_yoy": 13.228805094507868, 
        "accumulated_operating_revenue": 295868, 
        "long_term_average": 58363, 
        "date": "2015-05-31", 
        "operating_revenue": 49618, 
        "short_term_average": 56966
    }, 
    {
        "accumulated_operating_revenue_yoy": 4.932639994078241, 
        "accumulated_operating_revenue": 340221, 
        "long_term_average": 56815, 
        "date": "2015-06-30", 
        "operating_revenue": 44353, 
        "short_term_average": 54037
    }, 
    {
        "accumulated_operating_revenue_yoy": 6.787571044051262, 
        "accumulated_operating_revenue": 405466, 
        "long_term_average": 57630, 
        "date": "2015-07-31", 
        "operating_revenue": 65245, 
        "short_term_average": 53072
    }, 
    {
        "accumulated_operating_revenue_yoy": 2.6237846668341036, 
        "accumulated_operating_revenue": 453553, 
        "long_term_average": 56449, 
        "date": "2015-08-31", 
        "operating_revenue": 48087, 
        "short_term_average": 52561
    }, 
    {
        "accumulated_operating_revenue_yoy": 4.24670026788695, 
        "accumulated_operating_revenue": 512114, 
        "long_term_average": 57221, 
        "date": "2015-09-30", 
        "operating_revenue": 58561, 
        "short_term_average": 57297
    }, 
    {
        "accumulated_operating_revenue_yoy": 6.180313882011363, 
        "accumulated_operating_revenue": 583670, 
        "long_term_average": 58314, 
        "date": "2015-10-31", 
        "operating_revenue": 71556, 
        "short_term_average": 59401
    }
]