[
    {
        "date": "2011-09-30", 
        "operating_revenue": 304353, 
        "accumulated_operating_revenue": 304353, 
        "long_term_average": 304353, 
        "short_term_average": 304353
    }, 
    {
        "date": "2011-10-31", 
        "operating_revenue": 243561, 
        "accumulated_operating_revenue": 547914, 
        "long_term_average": 273957, 
        "short_term_average": 273957
    }, 
    {
        "date": "2011-11-30", 
        "operating_revenue": 268838, 
        "accumulated_operating_revenue": 816752, 
        "long_term_average": 272250, 
        "short_term_average": 272250
    }, 
    {
        "date": "2011-12-31", 
        "operating_revenue": 260285, 
        "accumulated_operating_revenue": 1077037, 
        "long_term_average": 269259, 
        "short_term_average": 257561
    }, 
    {
        "date": "2012-01-31", 
        "operating_revenue": 200278, 
        "accumulated_operating_revenue": 200278, 
        "long_term_average": 255463, 
        "short_term_average": 243133
    }, 
    {
        "date": "2012-02-29", 
        "operating_revenue": 250994, 
        "accumulated_operating_revenue": 451272, 
        "long_term_average": 254718, 
        "short_term_average": 237185
    }, 
    {
        "date": "2012-03-31", 
        "operating_revenue": 277921, 
        "accumulated_operating_revenue": 729193, 
        "long_term_average": 258032, 
        "short_term_average": 243064
    }, 
    {
        "date": "2012-04-30", 
        "operating_revenue": 260701, 
        "accumulated_operating_revenue": 989894, 
        "long_term_average": 258366, 
        "short_term_average": 263205
    }, 
    {
        "date": "2012-05-31", 
        "operating_revenue": 265899, 
        "accumulated_operating_revenue": 1255793, 
        "long_term_average": 259203, 
        "short_term_average": 268173
    }, 
    {
        "date": "2012-06-30", 
        "operating_revenue": 246233, 
        "accumulated_operating_revenue": 1502026, 
        "long_term_average": 257906, 
        "short_term_average": 257611
    }, 
    {
        "date": "2012-07-31", 
        "operating_revenue": 255159, 
        "accumulated_operating_revenue": 1757185, 
        "long_term_average": 257656, 
        "short_term_average": 255763
    }, 
    {
        "date": "2012-08-31", 
        "operating_revenue": 263361, 
        "accumulated_operating_revenue": 2020546, 
        "long_term_average": 258131, 
        "short_term_average": 254917
    }, 
    {
        "accumulated_operating_revenue_yoy": 650.9125916287995, 
        "accumulated_operating_revenue": 2285425, 
        "long_term_average": 254842, 
        "date": "2012-09-30", 
        "operating_revenue": 264879, 
        "short_term_average": 261133
    }, 
    {
        "accumulated_operating_revenue_yoy": 367.84404121814737, 
        "accumulated_operating_revenue": 2563383, 
        "long_term_average": 257708, 
        "date": "2012-10-31", 
        "operating_revenue": 277958, 
        "short_term_average": 268732
    }, 
    {
        "accumulated_operating_revenue_yoy": 244.83588653593748, 
        "accumulated_operating_revenue": 2816454, 
        "long_term_average": 256394, 
        "date": "2012-11-30", 
        "operating_revenue": 253071, 
        "short_term_average": 265302
    }, 
    {
        "accumulated_operating_revenue_yoy": 186.6701886750409, 
        "accumulated_operating_revenue": 3087544, 
        "long_term_average": 257295, 
        "date": "2012-12-31", 
        "operating_revenue": 271090, 
        "short_term_average": 267373
    }, 
    {
        "accumulated_operating_revenue_yoy": 38.15296737534827, 
        "accumulated_operating_revenue": 276690, 
        "long_term_average": 263663, 
        "date": "2013-01-31", 
        "operating_revenue": 276690, 
        "short_term_average": 266950
    }, 
    {
        "accumulated_operating_revenue_yoy": 0.32020599549717244, 
        "accumulated_operating_revenue": 452717, 
        "long_term_average": 257415, 
        "date": "2013-02-28", 
        "operating_revenue": 176027, 
        "short_term_average": 241269
    }, 
    {
        "accumulated_operating_revenue_yoy": -7.439457043608483, 
        "accumulated_operating_revenue": 674945, 
        "long_term_average": 252774, 
        "date": "2013-03-31", 
        "operating_revenue": 222228, 
        "short_term_average": 224981
    }, 
    {
        "accumulated_operating_revenue_yoy": -6.51938490383819, 
        "accumulated_operating_revenue": 925359, 
        "long_term_average": 251917, 
        "date": "2013-04-30", 
        "operating_revenue": 250414, 
        "short_term_average": 216223
    }, 
    {
        "accumulated_operating_revenue_yoy": -6.227698354744771, 
        "accumulated_operating_revenue": 1177586, 
        "long_term_average": 250778, 
        "date": "2013-05-31", 
        "operating_revenue": 252227, 
        "short_term_average": 241623
    }, 
    {
        "accumulated_operating_revenue_yoy": -5.152174463025274, 
        "accumulated_operating_revenue": 1424639, 
        "long_term_average": 250846, 
        "date": "2013-06-30", 
        "operating_revenue": 247053, 
        "short_term_average": 249898
    }, 
    {
        "accumulated_operating_revenue_yoy": -4.119031291525935, 
        "accumulated_operating_revenue": 1684806, 
        "long_term_average": 251263, 
        "date": "2013-07-31", 
        "operating_revenue": 260167, 
        "short_term_average": 253149
    }, 
    {
        "accumulated_operating_revenue_yoy": -3.215418010775305, 
        "accumulated_operating_revenue": 1955577, 
        "long_term_average": 251881, 
        "date": "2013-08-31", 
        "operating_revenue": 270771, 
        "short_term_average": 259330
    }, 
    {
        "accumulated_operating_revenue_yoy": -2.563768226916219, 
        "accumulated_operating_revenue": 2226832, 
        "long_term_average": 252412, 
        "date": "2013-09-30", 
        "operating_revenue": 271255, 
        "short_term_average": 267397
    }, 
    {
        "accumulated_operating_revenue_yoy": -2.977939699217792, 
        "accumulated_operating_revenue": 2487047, 
        "long_term_average": 250934, 
        "date": "2013-10-31", 
        "operating_revenue": 260215, 
        "short_term_average": 267413
    }, 
    {
        "accumulated_operating_revenue_yoy": -2.3377978124265475, 
        "accumulated_operating_revenue": 2750611, 
        "long_term_average": 251808, 
        "date": "2013-11-30", 
        "operating_revenue": 263564, 
        "short_term_average": 265011
    }, 
    {
        "accumulated_operating_revenue_yoy": -2.7680577183677384, 
        "accumulated_operating_revenue": 3002079, 
        "long_term_average": 250173, 
        "date": "2013-12-31", 
        "operating_revenue": 251468, 
        "short_term_average": 258415
    }, 
    {
        "accumulated_operating_revenue_yoy": -6.793523437782357, 
        "accumulated_operating_revenue": 257893, 
        "long_term_average": 248606, 
        "date": "2014-01-31", 
        "operating_revenue": 257893, 
        "short_term_average": 257641
    }, 
    {
        "accumulated_operating_revenue_yoy": 3.105251183410387, 
        "accumulated_operating_revenue": 466775, 
        "long_term_average": 251344, 
        "date": "2014-02-28", 
        "operating_revenue": 208882, 
        "short_term_average": 239414
    }, 
    {
        "accumulated_operating_revenue_yoy": 7.401788293860981, 
        "accumulated_operating_revenue": 724903, 
        "long_term_average": 254336, 
        "date": "2014-03-31", 
        "operating_revenue": 258128, 
        "short_term_average": 241634
    }, 
    {
        "accumulated_operating_revenue_yoy": 8.440183755709946, 
        "accumulated_operating_revenue": 1003461, 
        "long_term_average": 256681, 
        "date": "2014-04-30", 
        "operating_revenue": 278558, 
        "short_term_average": 248522
    }, 
    {
        "accumulated_operating_revenue_yoy": 9.041377869641792, 
        "accumulated_operating_revenue": 1284056, 
        "long_term_average": 259045, 
        "date": "2014-05-31", 
        "operating_revenue": 280595, 
        "short_term_average": 272427
    }, 
    {
        "accumulated_operating_revenue_yoy": 8.438979980191473, 
        "accumulated_operating_revenue": 1544864, 
        "long_term_average": 260192, 
        "date": "2014-06-30", 
        "operating_revenue": 260808, 
        "short_term_average": 273320
    }, 
    {
        "accumulated_operating_revenue_yoy": 9.613213628156595, 
        "accumulated_operating_revenue": 1846770, 
        "long_term_average": 263670, 
        "date": "2014-07-31", 
        "operating_revenue": 301906, 
        "short_term_average": 281103
    }, 
    {
        "accumulated_operating_revenue_yoy": 9.335607853845694, 
        "accumulated_operating_revenue": 2138142, 
        "long_term_average": 265387, 
        "date": "2014-08-31", 
        "operating_revenue": 291372, 
        "short_term_average": 284695
    }, 
    {
        "accumulated_operating_revenue_yoy": 9.110925296564806, 
        "accumulated_operating_revenue": 2429717, 
        "long_term_average": 267080, 
        "date": "2014-09-30", 
        "operating_revenue": 291575, 
        "short_term_average": 294951
    }, 
    {
        "accumulated_operating_revenue_yoy": 7.353379328979308, 
        "accumulated_operating_revenue": 2669929, 
        "long_term_average": 265413, 
        "date": "2014-10-31", 
        "operating_revenue": 240212, 
        "short_term_average": 274386
    }, 
    {
        "accumulated_operating_revenue_yoy": 5.822415456056854, 
        "accumulated_operating_revenue": 2910763, 
        "long_term_average": 263519, 
        "date": "2014-11-30", 
        "operating_revenue": 240834, 
        "short_term_average": 257540
    }, 
    {
        "accumulated_operating_revenue_yoy": 5.395760737808699, 
        "accumulated_operating_revenue": 3164064, 
        "long_term_average": 263672, 
        "date": "2014-12-31", 
        "operating_revenue": 253301, 
        "short_term_average": 244782
    }, 
    {
        "accumulated_operating_revenue_yoy": 11.048380529909691, 
        "accumulated_operating_revenue": 286386, 
        "long_term_average": 266046, 
        "date": "2015-01-31", 
        "operating_revenue": 286386, 
        "short_term_average": 260173
    }, 
    {
        "accumulated_operating_revenue_yoy": 1.5279310160141395, 
        "accumulated_operating_revenue": 473907, 
        "long_term_average": 264266, 
        "date": "2015-02-28", 
        "operating_revenue": 187521, 
        "short_term_average": 242402
    }, 
    {
        "accumulated_operating_revenue_yoy": -2.4072186209741164, 
        "accumulated_operating_revenue": 707453, 
        "long_term_average": 262217, 
        "date": "2015-03-31", 
        "operating_revenue": 233546, 
        "short_term_average": 235817
    }, 
    {
        "accumulated_operating_revenue_yoy": -6.066204864962365, 
        "accumulated_operating_revenue": 942589, 
        "long_term_average": 258599, 
        "date": "2015-04-30", 
        "operating_revenue": 235136, 
        "short_term_average": 218734
    }, 
    {
        "accumulated_operating_revenue_yoy": -6.2915480321730515, 
        "accumulated_operating_revenue": 1203269, 
        "long_term_average": 256939, 
        "date": "2015-05-31", 
        "operating_revenue": 260680, 
        "short_term_average": 243120
    }, 
    {
        "accumulated_operating_revenue_yoy": -6.449499761791329, 
        "accumulated_operating_revenue": 1445228, 
        "long_term_average": 255369, 
        "date": "2015-06-30", 
        "operating_revenue": 241959, 
        "short_term_average": 245925
    }, 
    {
        "accumulated_operating_revenue_yoy": -6.542720533688548, 
        "accumulated_operating_revenue": 1725941, 
        "long_term_average": 253602, 
        "date": "2015-07-31", 
        "operating_revenue": 280713, 
        "short_term_average": 261117
    }, 
    {
        "accumulated_operating_revenue_yoy": -6.011060069911165, 
        "accumulated_operating_revenue": 2009617, 
        "long_term_average": 252961, 
        "date": "2015-08-31", 
        "operating_revenue": 283676, 
        "short_term_average": 268782
    }
]