[
    {
        "date": "2011-09-30", 
        "operating_revenue": 1153960, 
        "accumulated_operating_revenue": 1153960, 
        "long_term_average": 1153960, 
        "short_term_average": 1153960
    }, 
    {
        "date": "2011-10-31", 
        "operating_revenue": 1130967, 
        "accumulated_operating_revenue": 2284927, 
        "long_term_average": 1142463, 
        "short_term_average": 1142463
    }, 
    {
        "date": "2011-11-30", 
        "operating_revenue": 1180530, 
        "accumulated_operating_revenue": 3465457, 
        "long_term_average": 1155152, 
        "short_term_average": 1155152
    }, 
    {
        "date": "2011-12-31", 
        "operating_revenue": 1292218, 
        "accumulated_operating_revenue": 4757675, 
        "long_term_average": 1189418, 
        "short_term_average": 1201238
    }, 
    {
        "date": "2012-01-31", 
        "operating_revenue": 1369442, 
        "accumulated_operating_revenue": 1369442, 
        "long_term_average": 1225423, 
        "short_term_average": 1280730
    }, 
    {
        "date": "2012-02-29", 
        "operating_revenue": 1219562, 
        "accumulated_operating_revenue": 2589004, 
        "long_term_average": 1224446, 
        "short_term_average": 1293740
    }, 
    {
        "date": "2012-03-31", 
        "operating_revenue": 1206768, 
        "accumulated_operating_revenue": 3795772, 
        "long_term_average": 1221921, 
        "short_term_average": 1265257
    }, 
    {
        "date": "2012-04-30", 
        "operating_revenue": 1159979, 
        "accumulated_operating_revenue": 4955751, 
        "long_term_average": 1214178, 
        "short_term_average": 1195436
    }, 
    {
        "date": "2012-05-31", 
        "operating_revenue": 1192366, 
        "accumulated_operating_revenue": 6148117, 
        "long_term_average": 1211754, 
        "short_term_average": 1186371
    }, 
    {
        "date": "2012-06-30", 
        "operating_revenue": 1206688, 
        "accumulated_operating_revenue": 7354805, 
        "long_term_average": 1211248, 
        "short_term_average": 1186344
    }, 
    {
        "date": "2012-07-31", 
        "operating_revenue": 1299606, 
        "accumulated_operating_revenue": 8654411, 
        "long_term_average": 1219280, 
        "short_term_average": 1232886
    }, 
    {
        "date": "2012-08-31", 
        "operating_revenue": 1292864, 
        "accumulated_operating_revenue": 9947275, 
        "long_term_average": 1225412, 
        "short_term_average": 1266386
    }, 
    {
        "accumulated_operating_revenue_yoy": 867.5935907657112, 
        "accumulated_operating_revenue": 11165643, 
        "long_term_average": 1230779, 
        "date": "2012-09-30", 
        "operating_revenue": 1218368, 
        "short_term_average": 1270279
    }, 
    {
        "accumulated_operating_revenue_yoy": 440.87329704625137, 
        "accumulated_operating_revenue": 12358560, 
        "long_term_average": 1235942, 
        "date": "2012-10-31", 
        "operating_revenue": 1192917, 
        "short_term_average": 1234716
    }, 
    {
        "accumulated_operating_revenue_yoy": 290.5528477196514, 
        "accumulated_operating_revenue": 13534441, 
        "long_term_average": 1235554, 
        "date": "2012-11-30", 
        "operating_revenue": 1175881, 
        "short_term_average": 1195722
    }, 
    {
        "accumulated_operating_revenue_yoy": 214.4566621301371, 
        "accumulated_operating_revenue": 14960826, 
        "long_term_average": 1246735, 
        "date": "2012-12-31", 
        "operating_revenue": 1426385, 
        "short_term_average": 1265061
    }, 
    {
        "accumulated_operating_revenue_yoy": 2.8044999350100257, 
        "accumulated_operating_revenue": 1407848, 
        "long_term_average": 1249936, 
        "date": "2013-01-31", 
        "operating_revenue": 1407848, 
        "short_term_average": 1336704
    }, 
    {
        "accumulated_operating_revenue_yoy": 2.8940859110298787, 
        "accumulated_operating_revenue": 2663932, 
        "long_term_average": 1252979, 
        "date": "2013-02-28", 
        "operating_revenue": 1256084, 
        "short_term_average": 1363439
    }, 
    {
        "accumulated_operating_revenue_yoy": 3.1165201703368903, 
        "accumulated_operating_revenue": 3914068, 
        "long_term_average": 1256593, 
        "date": "2013-03-31", 
        "operating_revenue": 1250136, 
        "short_term_average": 1304689
    }, 
    {
        "accumulated_operating_revenue_yoy": 3.78422967578476, 
        "accumulated_operating_revenue": 5143288, 
        "long_term_average": 1262363, 
        "date": "2013-04-30", 
        "operating_revenue": 1229220, 
        "short_term_average": 1245146
    }, 
    {
        "accumulated_operating_revenue_yoy": 5.167224371299375, 
        "accumulated_operating_revenue": 6465804, 
        "long_term_average": 1273209, 
        "date": "2013-05-31", 
        "operating_revenue": 1322516, 
        "short_term_average": 1267290
    }, 
    {
        "accumulated_operating_revenue_yoy": 4.970573658988919, 
        "accumulated_operating_revenue": 7720381, 
        "long_term_average": 1277200, 
        "date": "2013-06-30", 
        "operating_revenue": 1254577, 
        "short_term_average": 1268771
    }, 
    {
        "accumulated_operating_revenue_yoy": 4.945720742867423, 
        "accumulated_operating_revenue": 9082434, 
        "long_term_average": 1282404, 
        "date": "2013-07-31", 
        "operating_revenue": 1362053, 
        "short_term_average": 1313048
    }, 
    {
        "accumulated_operating_revenue_yoy": 5.91323754495578, 
        "accumulated_operating_revenue": 10535481, 
        "long_term_average": 1295752, 
        "date": "2013-08-31", 
        "operating_revenue": 1453047, 
        "short_term_average": 1356559
    }, 
    {
        "accumulated_operating_revenue_yoy": 6.215701146812593, 
        "accumulated_operating_revenue": 11859666, 
        "long_term_average": 1304570, 
        "date": "2013-09-30", 
        "operating_revenue": 1324185, 
        "short_term_average": 1379761
    }, 
    {
        "accumulated_operating_revenue_yoy": 7.2732988309317586, 
        "accumulated_operating_revenue": 13257435, 
        "long_term_average": 1321641, 
        "date": "2013-10-31", 
        "operating_revenue": 1397769, 
        "short_term_average": 1391667
    }, 
    {
        "accumulated_operating_revenue_yoy": 7.9734730086007986, 
        "accumulated_operating_revenue": 14613606, 
        "long_term_average": 1336665, 
        "date": "2013-11-30", 
        "operating_revenue": 1356171, 
        "short_term_average": 1359375
    }, 
    {
        "accumulated_operating_revenue_yoy": 8.987391471567145, 
        "accumulated_operating_revenue": 16305414, 
        "long_term_average": 1358784, 
        "date": "2013-12-31", 
        "operating_revenue": 1691808, 
        "short_term_average": 1481916
    }, 
    {
        "accumulated_operating_revenue_yoy": 26.52331785817787, 
        "accumulated_operating_revenue": 1781256, 
        "long_term_average": 1389901, 
        "date": "2014-01-31", 
        "operating_revenue": 1781256, 
        "short_term_average": 1609745
    }, 
    {
        "accumulated_operating_revenue_yoy": 22.550387922814846, 
        "accumulated_operating_revenue": 3264659, 
        "long_term_average": 1408845, 
        "date": "2014-02-28", 
        "operating_revenue": 1483403, 
        "short_term_average": 1652155
    }, 
    {
        "accumulated_operating_revenue_yoy": 22.48550612815107, 
        "accumulated_operating_revenue": 4794166, 
        "long_term_average": 1432126, 
        "date": "2014-03-31", 
        "operating_revenue": 1529507, 
        "short_term_average": 1598055
    }, 
    {
        "accumulated_operating_revenue_yoy": 22.182191625279394, 
        "accumulated_operating_revenue": 6284182, 
        "long_term_average": 1453859, 
        "date": "2014-04-30", 
        "operating_revenue": 1490016, 
        "short_term_average": 1500975
    }, 
    {
        "accumulated_operating_revenue_yoy": 21.772497279533994, 
        "accumulated_operating_revenue": 7873571, 
        "long_term_average": 1476098, 
        "date": "2014-05-31", 
        "operating_revenue": 1589389, 
        "short_term_average": 1536304
    }, 
    {
        "accumulated_operating_revenue_yoy": 22.686095414203002, 
        "accumulated_operating_revenue": 9471834, 
        "long_term_average": 1504738, 
        "date": "2014-06-30", 
        "operating_revenue": 1598263, 
        "short_term_average": 1559222
    }, 
    {
        "accumulated_operating_revenue_yoy": 23.371829621883297, 
        "accumulated_operating_revenue": 11205165, 
        "long_term_average": 1535678, 
        "date": "2014-07-31", 
        "operating_revenue": 1733331, 
        "short_term_average": 1640327
    }, 
    {
        "accumulated_operating_revenue_yoy": 22.85831088300572, 
        "accumulated_operating_revenue": 12943714, 
        "long_term_average": 1559470, 
        "date": "2014-08-31", 
        "operating_revenue": 1738549, 
        "short_term_average": 1690047
    }, 
    {
        "accumulated_operating_revenue_yoy": 23.12367818790175, 
        "accumulated_operating_revenue": 14602057, 
        "long_term_average": 1587317, 
        "date": "2014-09-30", 
        "operating_revenue": 1658343, 
        "short_term_average": 1710074
    }, 
    {
        "accumulated_operating_revenue_yoy": 22.686726353928947, 
        "accumulated_operating_revenue": 16265113, 
        "long_term_average": 1609424, 
        "date": "2014-10-31", 
        "operating_revenue": 1663056, 
        "short_term_average": 1686649
    }, 
    {
        "accumulated_operating_revenue_yoy": 22.652170860498085, 
        "accumulated_operating_revenue": 17923905, 
        "long_term_average": 1634642, 
        "date": "2014-11-30", 
        "operating_revenue": 1658792, 
        "short_term_average": 1660063
    }, 
    {
        "accumulated_operating_revenue_yoy": 21.95457287990357, 
        "accumulated_operating_revenue": 19885198, 
        "long_term_average": 1657099, 
        "date": "2014-12-31", 
        "operating_revenue": 1961293, 
        "short_term_average": 1761047
    }, 
    {
        "accumulated_operating_revenue_yoy": 4.457192003844479, 
        "accumulated_operating_revenue": 1860650, 
        "long_term_average": 1663716, 
        "date": "2015-01-31", 
        "operating_revenue": 1860650, 
        "short_term_average": 1826911
    }, 
    {
        "accumulated_operating_revenue_yoy": 15.3000359302457, 
        "accumulated_operating_revenue": 3764153, 
        "long_term_average": 1698724, 
        "date": "2015-02-28", 
        "operating_revenue": 1903503, 
        "short_term_average": 1908482
    }, 
    {
        "accumulated_operating_revenue_yoy": 19.338692068651774, 
        "accumulated_operating_revenue": 5721295, 
        "long_term_average": 1734360, 
        "date": "2015-03-31", 
        "operating_revenue": 1957142, 
        "short_term_average": 1907098
    }, 
    {
        "accumulated_operating_revenue_yoy": 19.1150892829011, 
        "accumulated_operating_revenue": 7485409, 
        "long_term_average": 1757202, 
        "date": "2015-04-30", 
        "operating_revenue": 1764114, 
        "short_term_average": 1874919
    }, 
    {
        "accumulated_operating_revenue_yoy": 18.501007992434438, 
        "accumulated_operating_revenue": 9330261, 
        "long_term_average": 1778490, 
        "date": "2015-05-31", 
        "operating_revenue": 1844852, 
        "short_term_average": 1855369
    }, 
    {
        "accumulated_operating_revenue_yoy": 18.230798808340605, 
        "accumulated_operating_revenue": 11198625, 
        "long_term_average": 1800999, 
        "date": "2015-06-30", 
        "operating_revenue": 1868364, 
        "short_term_average": 1825776
    }, 
    {
        "accumulated_operating_revenue_yoy": 16.746946608996833, 
        "accumulated_operating_revenue": 13081688, 
        "long_term_average": 1813476, 
        "date": "2015-07-31", 
        "operating_revenue": 1883063, 
        "short_term_average": 1865426
    }, 
    {
        "accumulated_operating_revenue_yoy": 16.545382569485078, 
        "accumulated_operating_revenue": 15085301, 
        "long_term_average": 1835565, 
        "date": "2015-08-31", 
        "operating_revenue": 2003613, 
        "short_term_average": 1918346
    }
]