[
    {
        "date": "2012-01-31", 
        "operating_revenue": 2403561, 
        "accumulated_operating_revenue": 2403561, 
        "long_term_average": 2403561, 
        "short_term_average": 2403561
    }, 
    {
        "date": "2012-02-29", 
        "operating_revenue": 2288470, 
        "accumulated_operating_revenue": 4692031, 
        "long_term_average": 2346015, 
        "short_term_average": 2346015
    }, 
    {
        "date": "2012-03-31", 
        "operating_revenue": 2834894, 
        "accumulated_operating_revenue": 7526925, 
        "long_term_average": 2508975, 
        "short_term_average": 2508975
    }, 
    {
        "date": "2012-04-30", 
        "operating_revenue": 2276624, 
        "accumulated_operating_revenue": 9803549, 
        "long_term_average": 2450887, 
        "short_term_average": 2466662
    }, 
    {
        "date": "2012-05-31", 
        "operating_revenue": 2567196, 
        "accumulated_operating_revenue": 12370745, 
        "long_term_average": 2474149, 
        "short_term_average": 2559571
    }, 
    {
        "date": "2012-06-30", 
        "operating_revenue": 2459513, 
        "accumulated_operating_revenue": 14830258, 
        "long_term_average": 2471709, 
        "short_term_average": 2434444
    }, 
    {
        "date": "2012-07-31", 
        "operating_revenue": 2541124, 
        "accumulated_operating_revenue": 17371382, 
        "long_term_average": 2481626, 
        "short_term_average": 2522611
    }, 
    {
        "date": "2012-08-31", 
        "operating_revenue": 2530313, 
        "accumulated_operating_revenue": 19901695, 
        "long_term_average": 2487711, 
        "short_term_average": 2510316
    }, 
    {
        "date": "2012-09-30", 
        "operating_revenue": 2539036, 
        "accumulated_operating_revenue": 22440731, 
        "long_term_average": 2493414, 
        "short_term_average": 2536824
    }, 
    {
        "date": "2012-10-31", 
        "operating_revenue": 2703701, 
        "accumulated_operating_revenue": 25144432, 
        "long_term_average": 2514443, 
        "short_term_average": 2591016
    }, 
    {
        "date": "2012-11-30", 
        "operating_revenue": 2385416, 
        "accumulated_operating_revenue": 27529848, 
        "long_term_average": 2502713, 
        "short_term_average": 2542717
    }, 
    {
        "date": "2012-12-31", 
        "operating_revenue": 2196252, 
        "accumulated_operating_revenue": 29726100, 
        "long_term_average": 2477175, 
        "short_term_average": 2428456
    }, 
    {
        "accumulated_operating_revenue_yoy": -1.6409818598321406, 
        "accumulated_operating_revenue": 2364119, 
        "long_term_average": 2473888, 
        "date": "2013-01-31", 
        "operating_revenue": 2364119, 
        "short_term_average": 2315262
    }, 
    {
        "accumulated_operating_revenue_yoy": -11.492336687460078, 
        "accumulated_operating_revenue": 4152807, 
        "long_term_average": 2432239, 
        "date": "2013-02-28", 
        "operating_revenue": 1788688, 
        "short_term_average": 2116353
    }, 
    {
        "accumulated_operating_revenue_yoy": -13.079365079365079, 
        "accumulated_operating_revenue": 6542451, 
        "long_term_average": 2395135, 
        "date": "2013-03-31", 
        "operating_revenue": 2389644, 
        "short_term_average": 2180817
    }, 
    {
        "accumulated_operating_revenue_yoy": -8.528289092042076, 
        "accumulated_operating_revenue": 8967474, 
        "long_term_average": 2407502, 
        "date": "2013-04-30", 
        "operating_revenue": 2425023, 
        "short_term_average": 2201118
    }, 
    {
        "accumulated_operating_revenue_yoy": -6.032207437789721, 
        "accumulated_operating_revenue": 11624516, 
        "long_term_average": 2414989, 
        "date": "2013-05-31", 
        "operating_revenue": 2657042, 
        "short_term_average": 2490569
    }, 
    {
        "accumulated_operating_revenue_yoy": -3.4920565778424084, 
        "accumulated_operating_revenue": 14312377, 
        "long_term_average": 2434018, 
        "date": "2013-06-30", 
        "operating_revenue": 2687861, 
        "short_term_average": 2589975
    }, 
    {
        "accumulated_operating_revenue_yoy": -1.1642654568300899, 
        "accumulated_operating_revenue": 17169133, 
        "long_term_average": 2460320, 
        "date": "2013-07-31", 
        "operating_revenue": 2856756, 
        "short_term_average": 2733886
    }, 
    {
        "accumulated_operating_revenue_yoy": 2.8937032750225544, 
        "accumulated_operating_revenue": 20477591, 
        "long_term_average": 2525166, 
        "date": "2013-08-31", 
        "operating_revenue": 3308458, 
        "short_term_average": 2951025
    }, 
    {
        "accumulated_operating_revenue_yoy": 5.069032733381101, 
        "accumulated_operating_revenue": 23578259, 
        "long_term_average": 2571969, 
        "date": "2013-09-30", 
        "operating_revenue": 3100668, 
        "short_term_average": 3088627
    }, 
    {
        "accumulated_operating_revenue_yoy": 6.501200742971645, 
        "accumulated_operating_revenue": 26779122, 
        "long_term_average": 2613399, 
        "date": "2013-10-31", 
        "operating_revenue": 3200863, 
        "short_term_average": 3203329
    }, 
    {
        "accumulated_operating_revenue_yoy": 7.870126998158508, 
        "accumulated_operating_revenue": 29696482, 
        "long_term_average": 2657727, 
        "date": "2013-11-30", 
        "operating_revenue": 2917360, 
        "short_term_average": 3072963
    }, 
    {
        "accumulated_operating_revenue_yoy": 8.832228243866501, 
        "accumulated_operating_revenue": 32351577, 
        "long_term_average": 2695964, 
        "date": "2013-12-31", 
        "operating_revenue": 2655095, 
        "short_term_average": 2924439
    }, 
    {
        "accumulated_operating_revenue_yoy": 11.45086182209948, 
        "accumulated_operating_revenue": 2634831, 
        "long_term_average": 2718524, 
        "date": "2014-01-31", 
        "operating_revenue": 2634831, 
        "short_term_average": 2735762
    }, 
    {
        "accumulated_operating_revenue_yoy": 19.16424240278925, 
        "accumulated_operating_revenue": 4948661, 
        "long_term_average": 2762285, 
        "date": "2014-02-28", 
        "operating_revenue": 2313830, 
        "short_term_average": 2534585
    }, 
    {
        "accumulated_operating_revenue_yoy": 19.900599943354564, 
        "accumulated_operating_revenue": 7844438, 
        "long_term_average": 2804463, 
        "date": "2014-03-31", 
        "operating_revenue": 2895777, 
        "short_term_average": 2614812
    }, 
    {
        "accumulated_operating_revenue_yoy": 23.2258716334165, 
        "accumulated_operating_revenue": 11050248, 
        "long_term_average": 2869529, 
        "date": "2014-04-30", 
        "operating_revenue": 3205810, 
        "short_term_average": 2805139
    }, 
    {
        "accumulated_operating_revenue_yoy": 23.316996595815258, 
        "accumulated_operating_revenue": 14335004, 
        "long_term_average": 2921838, 
        "date": "2014-05-31", 
        "operating_revenue": 3284756, 
        "short_term_average": 3128781
    }, 
    {
        "accumulated_operating_revenue_yoy": 21.354950334245668, 
        "accumulated_operating_revenue": 17368778, 
        "long_term_average": 2950664, 
        "date": "2014-06-30", 
        "operating_revenue": 3033774, 
        "short_term_average": 3174780
    }, 
    {
        "accumulated_operating_revenue_yoy": 19.591420254010497, 
        "accumulated_operating_revenue": 20532810, 
        "long_term_average": 2976271, 
        "date": "2014-07-31", 
        "operating_revenue": 3164032, 
        "short_term_average": 3160854
    }, 
    {
        "accumulated_operating_revenue_yoy": 15.120469981063692, 
        "accumulated_operating_revenue": 23573899, 
        "long_term_average": 2953990, 
        "date": "2014-08-31", 
        "operating_revenue": 3041089, 
        "short_term_average": 3079631
    }, 
    {
        "accumulated_operating_revenue_yoy": 12.898306019965258, 
        "accumulated_operating_revenue": 26619455, 
        "long_term_average": 2949397, 
        "date": "2014-09-30", 
        "operating_revenue": 3045556, 
        "short_term_average": 3083559
    }, 
    {
        "accumulated_operating_revenue_yoy": 11.174727834616833, 
        "accumulated_operating_revenue": 29771616, 
        "long_term_average": 2945339, 
        "date": "2014-10-31", 
        "operating_revenue": 3152161, 
        "short_term_average": 3079602
    }, 
    {
        "accumulated_operating_revenue_yoy": 9.211670257776662, 
        "accumulated_operating_revenue": 32432024, 
        "long_term_average": 2923926, 
        "date": "2014-11-30", 
        "operating_revenue": 2660408, 
        "short_term_average": 2952708
    }, 
    {
        "accumulated_operating_revenue_yoy": 8.085989131225348, 
        "accumulated_operating_revenue": 34967522, 
        "long_term_average": 2913960, 
        "date": "2014-12-31", 
        "operating_revenue": 2535498, 
        "short_term_average": 2782689
    }, 
    {
        "accumulated_operating_revenue_yoy": 7.725353163068144, 
        "accumulated_operating_revenue": 2838381, 
        "long_term_average": 2930922, 
        "date": "2015-01-31", 
        "operating_revenue": 2838381, 
        "short_term_average": 2678095
    }, 
    {
        "accumulated_operating_revenue_yoy": 2.2310479541839703, 
        "accumulated_operating_revenue": 5059068, 
        "long_term_average": 2923160, 
        "date": "2015-02-28", 
        "operating_revenue": 2220687, 
        "short_term_average": 2531522
    }, 
    {
        "accumulated_operating_revenue_yoy": 2.4376507278150457, 
        "accumulated_operating_revenue": 8035658, 
        "long_term_average": 2929895, 
        "date": "2015-03-31", 
        "operating_revenue": 2976590, 
        "short_term_average": 2678552
    }, 
    {
        "accumulated_operating_revenue_yoy": -2.6522572163086298, 
        "accumulated_operating_revenue": 10757167, 
        "long_term_average": 2889536, 
        "date": "2015-04-30", 
        "operating_revenue": 2721509, 
        "short_term_average": 2639595
    }, 
    {
        "accumulated_operating_revenue_yoy": -7.187741280016385, 
        "accumulated_operating_revenue": 13304641, 
        "long_term_average": 2828096, 
        "date": "2015-05-31", 
        "operating_revenue": 2547474, 
        "short_term_average": 2748524
    }, 
    {
        "accumulated_operating_revenue_yoy": -9.482636026552933, 
        "accumulated_operating_revenue": 15721760, 
        "long_term_average": 2776708, 
        "date": "2015-06-30", 
        "operating_revenue": 2417119, 
        "short_term_average": 2562034
    }, 
    {
        "accumulated_operating_revenue_yoy": -12.278499630591234, 
        "accumulated_operating_revenue": 18011689, 
        "long_term_average": 2703866, 
        "date": "2015-07-31", 
        "operating_revenue": 2289929, 
        "short_term_average": 2418174
    }, 
    {
        "accumulated_operating_revenue_yoy": -13.765376699034809, 
        "accumulated_operating_revenue": 20328863, 
        "long_term_average": 2643540, 
        "date": "2015-08-31", 
        "operating_revenue": 2317174, 
        "short_term_average": 2341407
    }, 
    {
        "accumulated_operating_revenue_yoy": -14.299763086810005, 
        "accumulated_operating_revenue": 22812936, 
        "long_term_average": 2596750, 
        "date": "2015-09-30", 
        "operating_revenue": 2484073, 
        "short_term_average": 2363725
    }, 
    {
        "accumulated_operating_revenue_yoy": -15.229573026872306, 
        "accumulated_operating_revenue": 25237526, 
        "long_term_average": 2536119, 
        "date": "2015-10-31", 
        "operating_revenue": 2424590, 
        "short_term_average": 2408612
    }
]