[
    {
        "date": "2012-01-31", 
        "operating_revenue": 44273, 
        "accumulated_operating_revenue": 44273, 
        "long_term_average": 44273, 
        "short_term_average": 44273
    }, 
    {
        "date": "2012-02-29", 
        "operating_revenue": 68717, 
        "accumulated_operating_revenue": 112990, 
        "long_term_average": 56495, 
        "short_term_average": 56495
    }, 
    {
        "date": "2012-03-31", 
        "operating_revenue": 84629, 
        "accumulated_operating_revenue": 197619, 
        "long_term_average": 65873, 
        "short_term_average": 65873
    }, 
    {
        "date": "2012-04-30", 
        "operating_revenue": 61553, 
        "accumulated_operating_revenue": 259172, 
        "long_term_average": 64793, 
        "short_term_average": 71633
    }, 
    {
        "date": "2012-05-31", 
        "operating_revenue": 73440, 
        "accumulated_operating_revenue": 332612, 
        "long_term_average": 66522, 
        "short_term_average": 73207
    }, 
    {
        "date": "2012-06-30", 
        "operating_revenue": 74225, 
        "accumulated_operating_revenue": 406837, 
        "long_term_average": 67806, 
        "short_term_average": 69739
    }, 
    {
        "date": "2012-07-31", 
        "operating_revenue": 60044, 
        "accumulated_operating_revenue": 466881, 
        "long_term_average": 66697, 
        "short_term_average": 69236
    }, 
    {
        "date": "2012-08-31", 
        "operating_revenue": 72183, 
        "accumulated_operating_revenue": 539064, 
        "long_term_average": 67383, 
        "short_term_average": 68817
    }, 
    {
        "date": "2012-09-30", 
        "operating_revenue": 79555, 
        "accumulated_operating_revenue": 618619, 
        "long_term_average": 68735, 
        "short_term_average": 70594
    }, 
    {
        "date": "2012-10-31", 
        "operating_revenue": 75505, 
        "accumulated_operating_revenue": 694124, 
        "long_term_average": 69412, 
        "short_term_average": 75747
    }, 
    {
        "date": "2012-11-30", 
        "operating_revenue": 63103, 
        "accumulated_operating_revenue": 757227, 
        "long_term_average": 68838, 
        "short_term_average": 72721
    }, 
    {
        "date": "2012-12-31", 
        "operating_revenue": 73002, 
        "accumulated_operating_revenue": 830229, 
        "long_term_average": 69185, 
        "short_term_average": 70536
    }, 
    {
        "accumulated_operating_revenue_yoy": 31.38707564429788, 
        "accumulated_operating_revenue": 58169, 
        "long_term_average": 70343, 
        "date": "2013-01-31", 
        "operating_revenue": 58169, 
        "short_term_average": 64758
    }, 
    {
        "accumulated_operating_revenue_yoy": -8.97690061067351, 
        "accumulated_operating_revenue": 102847, 
        "long_term_average": 68340, 
        "date": "2013-02-28", 
        "operating_revenue": 44678, 
        "short_term_average": 58616
    }, 
    {
        "accumulated_operating_revenue_yoy": -14.668124016415426, 
        "accumulated_operating_revenue": 168632, 
        "long_term_average": 66770, 
        "date": "2013-03-31", 
        "operating_revenue": 65785, 
        "short_term_average": 56210
    }, 
    {
        "accumulated_operating_revenue_yoy": -11.118485021530104, 
        "accumulated_operating_revenue": 230356, 
        "long_term_average": 66784, 
        "date": "2013-04-30", 
        "operating_revenue": 61724, 
        "short_term_average": 57395
    }, 
    {
        "accumulated_operating_revenue_yoy": -6.410772912582829, 
        "accumulated_operating_revenue": 311289, 
        "long_term_average": 67408, 
        "date": "2013-05-31", 
        "operating_revenue": 80933, 
        "short_term_average": 69480
    }, 
    {
        "accumulated_operating_revenue_yoy": -8.209676111071511, 
        "accumulated_operating_revenue": 373437, 
        "long_term_average": 66402, 
        "date": "2013-06-30", 
        "operating_revenue": 62148, 
        "short_term_average": 68268
    }, 
    {
        "accumulated_operating_revenue_yoy": -7.796205028690395, 
        "accumulated_operating_revenue": 430482, 
        "long_term_average": 66152, 
        "date": "2013-07-31", 
        "operating_revenue": 57045, 
        "short_term_average": 66708
    }, 
    {
        "accumulated_operating_revenue_yoy": -6.006522416633276, 
        "accumulated_operating_revenue": 506685, 
        "long_term_average": 66487, 
        "date": "2013-08-31", 
        "operating_revenue": 76203, 
        "short_term_average": 65132
    }, 
    {
        "accumulated_operating_revenue_yoy": -7.091602424109185, 
        "accumulated_operating_revenue": 574749, 
        "long_term_average": 65529, 
        "date": "2013-09-30", 
        "operating_revenue": 68064, 
        "short_term_average": 67104
    }, 
    {
        "accumulated_operating_revenue_yoy": -6.528516518662371, 
        "accumulated_operating_revenue": 648808, 
        "long_term_average": 65409, 
        "date": "2013-10-31", 
        "operating_revenue": 74059, 
        "short_term_average": 72775
    }, 
    {
        "accumulated_operating_revenue_yoy": -4.35245969834673, 
        "accumulated_operating_revenue": 724269, 
        "long_term_average": 66439, 
        "date": "2013-11-30", 
        "operating_revenue": 75461, 
        "short_term_average": 72528
    }, 
    {
        "accumulated_operating_revenue_yoy": -2.9596653453444772, 
        "accumulated_operating_revenue": 805657, 
        "long_term_average": 67138, 
        "date": "2013-12-31", 
        "operating_revenue": 81388, 
        "short_term_average": 76969
    }, 
    {
        "accumulated_operating_revenue_yoy": 16.35751001392494, 
        "accumulated_operating_revenue": 67684, 
        "long_term_average": 67931, 
        "date": "2014-01-31", 
        "operating_revenue": 67684, 
        "short_term_average": 74844
    }, 
    {
        "accumulated_operating_revenue_yoy": 29.400954816377727, 
        "accumulated_operating_revenue": 133085, 
        "long_term_average": 69657, 
        "date": "2014-02-28", 
        "operating_revenue": 65401, 
        "short_term_average": 71491
    }, 
    {
        "accumulated_operating_revenue_yoy": 22.413895346079034, 
        "accumulated_operating_revenue": 206429, 
        "long_term_average": 70287, 
        "date": "2014-03-31", 
        "operating_revenue": 73344, 
        "short_term_average": 68809
    }, 
    {
        "accumulated_operating_revenue_yoy": 24.062755040025007, 
        "accumulated_operating_revenue": 285786, 
        "long_term_average": 71757, 
        "date": "2014-04-30", 
        "operating_revenue": 79357, 
        "short_term_average": 72700
    }, 
    {
        "accumulated_operating_revenue_yoy": 11.400017347223962, 
        "accumulated_operating_revenue": 346776, 
        "long_term_average": 70095, 
        "date": "2014-05-31", 
        "operating_revenue": 60990, 
        "short_term_average": 71230
    }, 
    {
        "accumulated_operating_revenue_yoy": 12.378527034011091, 
        "accumulated_operating_revenue": 419663, 
        "long_term_average": 70990, 
        "date": "2014-06-30", 
        "operating_revenue": 72887, 
        "short_term_average": 71078
    }, 
    {
        "accumulated_operating_revenue_yoy": 12.567772868551996, 
        "accumulated_operating_revenue": 484584, 
        "long_term_average": 71646, 
        "date": "2014-07-31", 
        "operating_revenue": 64921, 
        "short_term_average": 66266
    }, 
    {
        "accumulated_operating_revenue_yoy": 6.970010953551023, 
        "accumulated_operating_revenue": 542001, 
        "long_term_average": 70081, 
        "date": "2014-08-31", 
        "operating_revenue": 57417, 
        "short_term_average": 65075
    }, 
    {
        "accumulated_operating_revenue_yoy": 6.472216567579935, 
        "accumulated_operating_revenue": 611948, 
        "long_term_average": 70238, 
        "date": "2014-09-30", 
        "operating_revenue": 69947, 
        "short_term_average": 64095
    }, 
    {
        "accumulated_operating_revenue_yoy": 6.43780594567268, 
        "accumulated_operating_revenue": 690577, 
        "long_term_average": 70618, 
        "date": "2014-10-31", 
        "operating_revenue": 78629, 
        "short_term_average": 68664
    }, 
    {
        "accumulated_operating_revenue_yoy": 5.062345620204647, 
        "accumulated_operating_revenue": 760934, 
        "long_term_average": 70193, 
        "date": "2014-11-30", 
        "operating_revenue": 70357, 
        "short_term_average": 72977
    }, 
    {
        "accumulated_operating_revenue_yoy": 4.207497731664964, 
        "accumulated_operating_revenue": 839555, 
        "long_term_average": 69962, 
        "date": "2014-12-31", 
        "operating_revenue": 78621, 
        "short_term_average": 75869
    }, 
    {
        "accumulated_operating_revenue_yoy": -16.395307605933457, 
        "accumulated_operating_revenue": 56587, 
        "long_term_average": 69038, 
        "date": "2015-01-31", 
        "operating_revenue": 56587, 
        "short_term_average": 68521
    }, 
    {
        "accumulated_operating_revenue_yoy": -10.243829131757899, 
        "accumulated_operating_revenue": 119452, 
        "long_term_average": 68826, 
        "date": "2015-02-28", 
        "operating_revenue": 62865, 
        "short_term_average": 66024
    }, 
    {
        "accumulated_operating_revenue_yoy": -4.0188151858508245, 
        "accumulated_operating_revenue": 198133, 
        "long_term_average": 69271, 
        "date": "2015-03-31", 
        "operating_revenue": 78681, 
        "short_term_average": 66044
    }, 
    {
        "accumulated_operating_revenue_yoy": -6.927911094315327, 
        "accumulated_operating_revenue": 265987, 
        "long_term_average": 68313, 
        "date": "2015-04-30", 
        "operating_revenue": 67854, 
        "short_term_average": 69800
    }, 
    {
        "accumulated_operating_revenue_yoy": -6.2169815673518345, 
        "accumulated_operating_revenue": 325217, 
        "long_term_average": 68166, 
        "date": "2015-05-31", 
        "operating_revenue": 59230, 
        "short_term_average": 68588
    }, 
    {
        "accumulated_operating_revenue_yoy": -1.4478283765783497, 
        "accumulated_operating_revenue": 413587, 
        "long_term_average": 69456, 
        "date": "2015-06-30", 
        "operating_revenue": 88370, 
        "short_term_average": 71818
    }, 
    {
        "accumulated_operating_revenue_yoy": -2.8808214881217706, 
        "accumulated_operating_revenue": 470624, 
        "long_term_average": 68799, 
        "date": "2015-07-31", 
        "operating_revenue": 57037, 
        "short_term_average": 68212
    }, 
    {
        "accumulated_operating_revenue_yoy": -2.2610659389927323, 
        "accumulated_operating_revenue": 529746, 
        "long_term_average": 68941, 
        "date": "2015-08-31", 
        "operating_revenue": 59122, 
        "short_term_average": 68176
    }
]