[
    {
        "date": "2012-01-31", 
        "operating_revenue": 32867, 
        "accumulated_operating_revenue": 32867, 
        "long_term_average": 32867, 
        "short_term_average": 32867
    }, 
    {
        "date": "2012-02-29", 
        "operating_revenue": 36479, 
        "accumulated_operating_revenue": 69346, 
        "long_term_average": 34673, 
        "short_term_average": 34673
    }, 
    {
        "date": "2012-03-31", 
        "operating_revenue": 40152, 
        "accumulated_operating_revenue": 109498, 
        "long_term_average": 36499, 
        "short_term_average": 36499
    }, 
    {
        "date": "2012-04-30", 
        "operating_revenue": 31757, 
        "accumulated_operating_revenue": 141255, 
        "long_term_average": 35313, 
        "short_term_average": 36129
    }, 
    {
        "date": "2012-05-31", 
        "operating_revenue": 46934, 
        "accumulated_operating_revenue": 188189, 
        "long_term_average": 37637, 
        "short_term_average": 39614
    }, 
    {
        "date": "2012-06-30", 
        "operating_revenue": 38126, 
        "accumulated_operating_revenue": 226315, 
        "long_term_average": 37719, 
        "short_term_average": 38939
    }, 
    {
        "date": "2012-07-31", 
        "operating_revenue": 34993, 
        "accumulated_operating_revenue": 261308, 
        "long_term_average": 37329, 
        "short_term_average": 40017
    }, 
    {
        "date": "2012-08-31", 
        "operating_revenue": 46895, 
        "accumulated_operating_revenue": 308203, 
        "long_term_average": 38525, 
        "short_term_average": 40004
    }, 
    {
        "date": "2012-09-30", 
        "operating_revenue": 38640, 
        "accumulated_operating_revenue": 346843, 
        "long_term_average": 38538, 
        "short_term_average": 40176
    }, 
    {
        "date": "2012-10-31", 
        "operating_revenue": 50701, 
        "accumulated_operating_revenue": 397544, 
        "long_term_average": 39754, 
        "short_term_average": 45412
    }, 
    {
        "date": "2012-11-30", 
        "operating_revenue": 48379, 
        "accumulated_operating_revenue": 445923, 
        "long_term_average": 40538, 
        "short_term_average": 45906
    }, 
    {
        "date": "2012-12-31", 
        "operating_revenue": 43125, 
        "accumulated_operating_revenue": 489048, 
        "long_term_average": 40754, 
        "short_term_average": 47401
    }, 
    {
        "accumulated_operating_revenue_yoy": 33.836370827882064, 
        "accumulated_operating_revenue": 43988, 
        "long_term_average": 41680, 
        "date": "2013-01-31", 
        "operating_revenue": 43988, 
        "short_term_average": 45164
    }, 
    {
        "accumulated_operating_revenue_yoy": 24.52628846653015, 
        "accumulated_operating_revenue": 86354, 
        "long_term_average": 42171, 
        "date": "2013-02-28", 
        "operating_revenue": 42366, 
        "short_term_average": 43159
    }, 
    {
        "accumulated_operating_revenue_yoy": 26.570348316864234, 
        "accumulated_operating_revenue": 138592, 
        "long_term_average": 43178, 
        "date": "2013-03-31", 
        "operating_revenue": 52238, 
        "short_term_average": 46197
    }, 
    {
        "accumulated_operating_revenue_yoy": 34.2168418817033, 
        "accumulated_operating_revenue": 189588, 
        "long_term_average": 44781, 
        "date": "2013-04-30", 
        "operating_revenue": 50996, 
        "short_term_average": 48533
    }, 
    {
        "accumulated_operating_revenue_yoy": 26.675841839852488, 
        "accumulated_operating_revenue": 238390, 
        "long_term_average": 44937, 
        "date": "2013-05-31", 
        "operating_revenue": 48802, 
        "short_term_average": 50678
    }, 
    {
        "accumulated_operating_revenue_yoy": 36.188498331970926, 
        "accumulated_operating_revenue": 308215, 
        "long_term_average": 47579, 
        "date": "2013-06-30", 
        "operating_revenue": 69825, 
        "short_term_average": 56541
    }, 
    {
        "accumulated_operating_revenue_yoy": 48.049045570744106, 
        "accumulated_operating_revenue": 386864, 
        "long_term_average": 51217, 
        "date": "2013-07-31", 
        "operating_revenue": 78649, 
        "short_term_average": 65758
    }, 
    {
        "accumulated_operating_revenue_yoy": 46.2231061994854, 
        "accumulated_operating_revenue": 450664, 
        "long_term_average": 52625, 
        "date": "2013-08-31", 
        "operating_revenue": 63800, 
        "short_term_average": 70758
    }, 
    {
        "accumulated_operating_revenue_yoy": 47.26317094477905, 
        "accumulated_operating_revenue": 510772, 
        "long_term_average": 54414, 
        "date": "2013-09-30", 
        "operating_revenue": 60108, 
        "short_term_average": 67519
    }, 
    {
        "accumulated_operating_revenue_yoy": 48.88641257319944, 
        "accumulated_operating_revenue": 591889, 
        "long_term_average": 56949, 
        "date": "2013-10-31", 
        "operating_revenue": 81117, 
        "short_term_average": 68341
    }, 
    {
        "accumulated_operating_revenue_yoy": 50.5999914783494, 
        "accumulated_operating_revenue": 671560, 
        "long_term_average": 59557, 
        "date": "2013-11-30", 
        "operating_revenue": 79671, 
        "short_term_average": 73632
    }, 
    {
        "accumulated_operating_revenue_yoy": 55.45651960543751, 
        "accumulated_operating_revenue": 760257, 
        "long_term_average": 63354, 
        "date": "2013-12-31", 
        "operating_revenue": 88697, 
        "short_term_average": 83161
    }, 
    {
        "accumulated_operating_revenue_yoy": 82.56342638901518, 
        "accumulated_operating_revenue": 80306, 
        "long_term_average": 66381, 
        "date": "2014-01-31", 
        "operating_revenue": 80306, 
        "short_term_average": 82891
    }, 
    {
        "accumulated_operating_revenue_yoy": 87.79095351691873, 
        "accumulated_operating_revenue": 162165, 
        "long_term_average": 69672, 
        "date": "2014-02-28", 
        "operating_revenue": 81859, 
        "short_term_average": 83620
    }, 
    {
        "accumulated_operating_revenue_yoy": 75.05483722004156, 
        "accumulated_operating_revenue": 242612, 
        "long_term_average": 72023, 
        "date": "2014-03-31", 
        "operating_revenue": 80447, 
        "short_term_average": 80870
    }, 
    {
        "accumulated_operating_revenue_yoy": 72.4486781863831, 
        "accumulated_operating_revenue": 326942, 
        "long_term_average": 74800, 
        "date": "2014-04-30", 
        "operating_revenue": 84330, 
        "short_term_average": 82212
    }, 
    {
        "accumulated_operating_revenue_yoy": 71.79537732287427, 
        "accumulated_operating_revenue": 409543, 
        "long_term_average": 77617, 
        "date": "2014-05-31", 
        "operating_revenue": 82601, 
        "short_term_average": 82459
    }, 
    {
        "accumulated_operating_revenue_yoy": 61.536265269373644, 
        "accumulated_operating_revenue": 497879, 
        "long_term_average": 79160, 
        "date": "2014-06-30", 
        "operating_revenue": 88336, 
        "short_term_average": 85089
    }, 
    {
        "accumulated_operating_revenue_yoy": 50.28537160345754, 
        "accumulated_operating_revenue": 581400, 
        "long_term_average": 79566, 
        "date": "2014-07-31", 
        "operating_revenue": 83521, 
        "short_term_average": 84819
    }, 
    {
        "accumulated_operating_revenue_yoy": 48.60672252498536, 
        "accumulated_operating_revenue": 669717, 
        "long_term_average": 81609, 
        "date": "2014-08-31", 
        "operating_revenue": 88317, 
        "short_term_average": 86724
    }, 
    {
        "accumulated_operating_revenue_yoy": 49.844549035577515, 
        "accumulated_operating_revenue": 765364, 
        "long_term_average": 84570, 
        "date": "2014-09-30", 
        "operating_revenue": 95647, 
        "short_term_average": 89161
    }, 
    {
        "accumulated_operating_revenue_yoy": 45.619533392240776, 
        "accumulated_operating_revenue": 861906, 
        "long_term_average": 85856, 
        "date": "2014-10-31", 
        "operating_revenue": 96542, 
        "short_term_average": 93502
    }, 
    {
        "accumulated_operating_revenue_yoy": 42.781434272440286, 
        "accumulated_operating_revenue": 958863, 
        "long_term_average": 87296, 
        "date": "2014-11-30", 
        "operating_revenue": 96957, 
        "short_term_average": 96382
    }, 
    {
        "accumulated_operating_revenue_yoy": 38.93459711650139, 
        "accumulated_operating_revenue": 1056260, 
        "long_term_average": 88021, 
        "date": "2014-12-31", 
        "operating_revenue": 97397, 
        "short_term_average": 96965
    }, 
    {
        "accumulated_operating_revenue_yoy": 5.410554628545812, 
        "accumulated_operating_revenue": 84651, 
        "long_term_average": 88383, 
        "date": "2015-01-31", 
        "operating_revenue": 84651, 
        "short_term_average": 93001
    }, 
    {
        "accumulated_operating_revenue_yoy": 6.128942743501989, 
        "accumulated_operating_revenue": 172104, 
        "long_term_average": 88849, 
        "date": "2015-02-28", 
        "operating_revenue": 87453, 
        "short_term_average": 89833
    }, 
    {
        "accumulated_operating_revenue_yoy": 13.773432476546915, 
        "accumulated_operating_revenue": 276028, 
        "long_term_average": 90806, 
        "date": "2015-03-31", 
        "operating_revenue": 103924, 
        "short_term_average": 92009
    }, 
    {
        "accumulated_operating_revenue_yoy": 21.35149353707997, 
        "accumulated_operating_revenue": 396749, 
        "long_term_average": 93838, 
        "date": "2015-04-30", 
        "operating_revenue": 120721, 
        "short_term_average": 104032
    }, 
    {
        "accumulated_operating_revenue_yoy": 38.42160652239203, 
        "accumulated_operating_revenue": 566896, 
        "long_term_average": 101134, 
        "date": "2015-05-31", 
        "operating_revenue": 170147, 
        "short_term_average": 131597
    }, 
    {
        "accumulated_operating_revenue_yoy": 55.09069472703207, 
        "accumulated_operating_revenue": 772164, 
        "long_term_average": 110878, 
        "date": "2015-06-30", 
        "operating_revenue": 205268, 
        "short_term_average": 165378
    }, 
    {
        "accumulated_operating_revenue_yoy": 64.59133126934985, 
        "accumulated_operating_revenue": 956934, 
        "long_term_average": 119316, 
        "date": "2015-07-31", 
        "operating_revenue": 184770, 
        "short_term_average": 186728
    }, 
    {
        "accumulated_operating_revenue_yoy": 65.96159273245267, 
        "accumulated_operating_revenue": 1111473, 
        "long_term_average": 124834, 
        "date": "2015-08-31", 
        "operating_revenue": 154539, 
        "short_term_average": 181525
    }
]