[
    {
        "date": "2012-01-31", 
        "operating_revenue": 85745, 
        "accumulated_operating_revenue": 85745, 
        "long_term_average": 85745, 
        "short_term_average": 85745
    }, 
    {
        "date": "2012-02-29", 
        "operating_revenue": 87944, 
        "accumulated_operating_revenue": 173689, 
        "long_term_average": 86844, 
        "short_term_average": 86844
    }, 
    {
        "date": "2012-03-31", 
        "operating_revenue": 108499, 
        "accumulated_operating_revenue": 282188, 
        "long_term_average": 94062, 
        "short_term_average": 94062
    }, 
    {
        "date": "2012-04-30", 
        "operating_revenue": 106725, 
        "accumulated_operating_revenue": 388913, 
        "long_term_average": 97228, 
        "short_term_average": 101056
    }, 
    {
        "date": "2012-05-31", 
        "operating_revenue": 109798, 
        "accumulated_operating_revenue": 498711, 
        "long_term_average": 99742, 
        "short_term_average": 108340
    }, 
    {
        "date": "2012-06-30", 
        "operating_revenue": 96573, 
        "accumulated_operating_revenue": 595284, 
        "long_term_average": 99214, 
        "short_term_average": 104365
    }, 
    {
        "date": "2012-07-31", 
        "operating_revenue": 101626, 
        "accumulated_operating_revenue": 696910, 
        "long_term_average": 99558, 
        "short_term_average": 102665
    }, 
    {
        "date": "2012-08-31", 
        "operating_revenue": 115452, 
        "accumulated_operating_revenue": 812362, 
        "long_term_average": 101545, 
        "short_term_average": 104550
    }, 
    {
        "date": "2012-09-30", 
        "operating_revenue": 110473, 
        "accumulated_operating_revenue": 922835, 
        "long_term_average": 102537, 
        "short_term_average": 109183
    }, 
    {
        "date": "2012-10-31", 
        "operating_revenue": 92250, 
        "accumulated_operating_revenue": 1015085, 
        "long_term_average": 101508, 
        "short_term_average": 106058
    }, 
    {
        "date": "2012-11-30", 
        "operating_revenue": 110135, 
        "accumulated_operating_revenue": 1125220, 
        "long_term_average": 102292, 
        "short_term_average": 104286
    }, 
    {
        "date": "2012-12-31", 
        "operating_revenue": 97393, 
        "accumulated_operating_revenue": 1222613, 
        "long_term_average": 101884, 
        "short_term_average": 99926
    }, 
    {
        "accumulated_operating_revenue_yoy": 17.505393900518982, 
        "accumulated_operating_revenue": 100755, 
        "long_term_average": 103135, 
        "date": "2013-01-31", 
        "operating_revenue": 100755, 
        "short_term_average": 102761
    }, 
    {
        "accumulated_operating_revenue_yoy": -4.371030980660836, 
        "accumulated_operating_revenue": 166097, 
        "long_term_average": 101251, 
        "date": "2013-02-28", 
        "operating_revenue": 65342, 
        "short_term_average": 87830
    }, 
    {
        "accumulated_operating_revenue_yoy": 8.893007498547068, 
        "accumulated_operating_revenue": 307283, 
        "long_term_average": 103975, 
        "date": "2013-03-31", 
        "operating_revenue": 141186, 
        "short_term_average": 102427
    }, 
    {
        "accumulated_operating_revenue_yoy": 8.94210273248773, 
        "accumulated_operating_revenue": 423690, 
        "long_term_average": 104782, 
        "date": "2013-04-30", 
        "operating_revenue": 116407, 
        "short_term_average": 107645
    }, 
    {
        "accumulated_operating_revenue_yoy": 12.281862641890795, 
        "accumulated_operating_revenue": 559962, 
        "long_term_average": 106988, 
        "date": "2013-05-31", 
        "operating_revenue": 136272, 
        "short_term_average": 131288
    }, 
    {
        "accumulated_operating_revenue_yoy": 18.67562373589749, 
        "accumulated_operating_revenue": 706457, 
        "long_term_average": 111148, 
        "date": "2013-06-30", 
        "operating_revenue": 146495, 
        "short_term_average": 133058
    }, 
    {
        "accumulated_operating_revenue_yoy": 19.454735905640614, 
        "accumulated_operating_revenue": 832492, 
        "long_term_average": 113182, 
        "date": "2013-07-31", 
        "operating_revenue": 126035, 
        "short_term_average": 136267
    }, 
    {
        "accumulated_operating_revenue_yoy": 17.147527826264646, 
        "accumulated_operating_revenue": 951662, 
        "long_term_average": 113492, 
        "date": "2013-08-31", 
        "operating_revenue": 119170, 
        "short_term_average": 130566
    }, 
    {
        "accumulated_operating_revenue_yoy": 17.108367151224215, 
        "accumulated_operating_revenue": 1080717, 
        "long_term_average": 115041, 
        "date": "2013-09-30", 
        "operating_revenue": 129055, 
        "short_term_average": 124753
    }, 
    {
        "accumulated_operating_revenue_yoy": 16.624420615022387, 
        "accumulated_operating_revenue": 1183837, 
        "long_term_average": 115947, 
        "date": "2013-10-31", 
        "operating_revenue": 103120, 
        "short_term_average": 117115
    }, 
    {
        "accumulated_operating_revenue_yoy": 13.990330779758626, 
        "accumulated_operating_revenue": 1282642, 
        "long_term_average": 115002, 
        "date": "2013-11-30", 
        "operating_revenue": 98805, 
        "short_term_average": 110326
    }, 
    {
        "accumulated_operating_revenue_yoy": 13.306009342285744, 
        "accumulated_operating_revenue": 1385294, 
        "long_term_average": 115441, 
        "date": "2013-12-31", 
        "operating_revenue": 102652, 
        "short_term_average": 101525
    }, 
    {
        "accumulated_operating_revenue_yoy": 13.496104411691729, 
        "accumulated_operating_revenue": 114353, 
        "long_term_average": 116574, 
        "date": "2014-01-31", 
        "operating_revenue": 114353, 
        "short_term_average": 105270
    }, 
    {
        "accumulated_operating_revenue_yoy": 23.249667363046893, 
        "accumulated_operating_revenue": 204714, 
        "long_term_average": 118659, 
        "date": "2014-02-28", 
        "operating_revenue": 90361, 
        "short_term_average": 102455
    }, 
    {
        "accumulated_operating_revenue_yoy": 9.529651819332667, 
        "accumulated_operating_revenue": 336566, 
        "long_term_average": 117881, 
        "date": "2014-03-31", 
        "operating_revenue": 131852, 
        "short_term_average": 112188
    }, 
    {
        "accumulated_operating_revenue_yoy": 10.507446482097759, 
        "accumulated_operating_revenue": 468209, 
        "long_term_average": 119151, 
        "date": "2014-04-30", 
        "operating_revenue": 131643, 
        "short_term_average": 117952
    }, 
    {
        "accumulated_operating_revenue_yoy": 4.7031762869623295, 
        "accumulated_operating_revenue": 586298, 
        "long_term_average": 117635, 
        "date": "2014-05-31", 
        "operating_revenue": 118089, 
        "short_term_average": 127194
    }, 
    {
        "accumulated_operating_revenue_yoy": -0.11295804274003937, 
        "accumulated_operating_revenue": 705659, 
        "long_term_average": 115374, 
        "date": "2014-06-30", 
        "operating_revenue": 119361, 
        "short_term_average": 123031
    }, 
    {
        "accumulated_operating_revenue_yoy": -4.3579998366350665, 
        "accumulated_operating_revenue": 796212, 
        "long_term_average": 112417, 
        "date": "2014-07-31", 
        "operating_revenue": 90553, 
        "short_term_average": 109334
    }, 
    {
        "accumulated_operating_revenue_yoy": -4.034730818294731, 
        "accumulated_operating_revenue": 913265, 
        "long_term_average": 112241, 
        "date": "2014-08-31", 
        "operating_revenue": 117053, 
        "short_term_average": 108989
    }, 
    {
        "accumulated_operating_revenue_yoy": -5.6804880463618135, 
        "accumulated_operating_revenue": 1019327, 
        "long_term_average": 110325, 
        "date": "2014-09-30", 
        "operating_revenue": 106062, 
        "short_term_average": 104556
    }, 
    {
        "accumulated_operating_revenue_yoy": -4.505518918567337, 
        "accumulated_operating_revenue": 1130499, 
        "long_term_average": 110996, 
        "date": "2014-10-31", 
        "operating_revenue": 111172, 
        "short_term_average": 111429
    }, 
    {
        "accumulated_operating_revenue_yoy": -4.348758266141293, 
        "accumulated_operating_revenue": 1226863, 
        "long_term_average": 110792, 
        "date": "2014-11-30", 
        "operating_revenue": 96364, 
        "short_term_average": 104532
    }, 
    {
        "accumulated_operating_revenue_yoy": -3.238301761214587, 
        "accumulated_operating_revenue": 1340434, 
        "long_term_average": 111702, 
        "date": "2014-12-31", 
        "operating_revenue": 113571, 
        "short_term_average": 107035
    }, 
    {
        "accumulated_operating_revenue_yoy": 19.128488102629575, 
        "accumulated_operating_revenue": 136227, 
        "long_term_average": 113525, 
        "date": "2015-01-31", 
        "operating_revenue": 136227, 
        "short_term_average": 115387
    }, 
    {
        "accumulated_operating_revenue_yoy": 5.980050216399465, 
        "accumulated_operating_revenue": 216956, 
        "long_term_average": 112723, 
        "date": "2015-02-28", 
        "operating_revenue": 80729, 
        "short_term_average": 110175
    }, 
    {
        "accumulated_operating_revenue_yoy": 0.3226707391715147, 
        "accumulated_operating_revenue": 337652, 
        "long_term_average": 111793, 
        "date": "2015-03-31", 
        "operating_revenue": 120696, 
        "short_term_average": 112550
    }, 
    {
        "accumulated_operating_revenue_yoy": 0.8675612813935658, 
        "accumulated_operating_revenue": 472271, 
        "long_term_average": 112041, 
        "date": "2015-04-30", 
        "operating_revenue": 134619, 
        "short_term_average": 112014
    }, 
    {
        "accumulated_operating_revenue_yoy": -0.012109882687643484, 
        "accumulated_operating_revenue": 586227, 
        "long_term_average": 111696, 
        "date": "2015-05-31", 
        "operating_revenue": 113956, 
        "short_term_average": 123090
    }, 
    {
        "accumulated_operating_revenue_yoy": -0.046764797161235105, 
        "accumulated_operating_revenue": 705329, 
        "long_term_average": 111675, 
        "date": "2015-06-30", 
        "operating_revenue": 119102, 
        "short_term_average": 122559
    }, 
    {
        "accumulated_operating_revenue_yoy": 5.963235922091101, 
        "accumulated_operating_revenue": 843692, 
        "long_term_average": 115659, 
        "date": "2015-07-31", 
        "operating_revenue": 138363, 
        "short_term_average": 123807
    }, 
    {
        "accumulated_operating_revenue_yoy": 7.5347243133154125, 
        "accumulated_operating_revenue": 982077, 
        "long_term_average": 117437, 
        "date": "2015-08-31", 
        "operating_revenue": 138385, 
        "short_term_average": 131950
    }
]