[
    {
        "date": "2012-01-31", 
        "operating_revenue": 181209, 
        "accumulated_operating_revenue": 181209, 
        "long_term_average": 181209, 
        "short_term_average": 181209
    }, 
    {
        "date": "2012-02-29", 
        "operating_revenue": 223238, 
        "accumulated_operating_revenue": 404447, 
        "long_term_average": 202223, 
        "short_term_average": 202223
    }, 
    {
        "date": "2012-03-31", 
        "operating_revenue": 255179, 
        "accumulated_operating_revenue": 659626, 
        "long_term_average": 219875, 
        "short_term_average": 219875
    }, 
    {
        "date": "2012-04-30", 
        "operating_revenue": 258563, 
        "accumulated_operating_revenue": 918189, 
        "long_term_average": 229547, 
        "short_term_average": 245660
    }, 
    {
        "date": "2012-05-31", 
        "operating_revenue": 248695, 
        "accumulated_operating_revenue": 1166884, 
        "long_term_average": 233376, 
        "short_term_average": 254145
    }, 
    {
        "date": "2012-06-30", 
        "operating_revenue": 253712, 
        "accumulated_operating_revenue": 1420596, 
        "long_term_average": 236766, 
        "short_term_average": 253656
    }, 
    {
        "date": "2012-07-31", 
        "operating_revenue": 200119, 
        "accumulated_operating_revenue": 1620715, 
        "long_term_average": 231530, 
        "short_term_average": 234175
    }, 
    {
        "date": "2012-08-31", 
        "operating_revenue": 166707, 
        "accumulated_operating_revenue": 1787422, 
        "long_term_average": 223427, 
        "short_term_average": 206846
    }, 
    {
        "date": "2012-09-30", 
        "operating_revenue": 204977, 
        "accumulated_operating_revenue": 1992399, 
        "long_term_average": 221377, 
        "short_term_average": 190601
    }, 
    {
        "date": "2012-10-31", 
        "operating_revenue": 229743, 
        "accumulated_operating_revenue": 2222142, 
        "long_term_average": 222214, 
        "short_term_average": 200475
    }, 
    {
        "date": "2012-11-30", 
        "operating_revenue": 199471, 
        "accumulated_operating_revenue": 2421613, 
        "long_term_average": 220146, 
        "short_term_average": 211397
    }, 
    {
        "date": "2012-12-31", 
        "operating_revenue": 249165, 
        "accumulated_operating_revenue": 2670778, 
        "long_term_average": 222564, 
        "short_term_average": 226126
    }, 
    {
        "accumulated_operating_revenue_yoy": 25.72830267812305, 
        "accumulated_operating_revenue": 227831, 
        "long_term_average": 226450, 
        "date": "2013-01-31", 
        "operating_revenue": 227831, 
        "short_term_average": 225489
    }, 
    {
        "accumulated_operating_revenue_yoy": 12.891182280991082, 
        "accumulated_operating_revenue": 456585, 
        "long_term_average": 226909, 
        "date": "2013-02-28", 
        "operating_revenue": 228754, 
        "short_term_average": 235250
    }, 
    {
        "accumulated_operating_revenue_yoy": -3.1219206034934945, 
        "accumulated_operating_revenue": 639033, 
        "long_term_average": 220848, 
        "date": "2013-03-31", 
        "operating_revenue": 182448, 
        "short_term_average": 213011
    }, 
    {
        "accumulated_operating_revenue_yoy": -8.992048478036658, 
        "accumulated_operating_revenue": 835625, 
        "long_term_average": 215684, 
        "date": "2013-04-30", 
        "operating_revenue": 196592, 
        "short_term_average": 202598
    }, 
    {
        "accumulated_operating_revenue_yoy": -11.90426811919608, 
        "accumulated_operating_revenue": 1027975, 
        "long_term_average": 210989, 
        "date": "2013-05-31", 
        "operating_revenue": 192350, 
        "short_term_average": 190463
    }, 
    {
        "accumulated_operating_revenue_yoy": -11.293710527130866, 
        "accumulated_operating_revenue": 1260158, 
        "long_term_average": 209195, 
        "date": "2013-06-30", 
        "operating_revenue": 232183, 
        "short_term_average": 207041
    }, 
    {
        "accumulated_operating_revenue_yoy": -7.63076790182111, 
        "accumulated_operating_revenue": 1497042, 
        "long_term_average": 212258, 
        "date": "2013-07-31", 
        "operating_revenue": 236884, 
        "short_term_average": 220472
    }, 
    {
        "accumulated_operating_revenue_yoy": -4.128515817753167, 
        "accumulated_operating_revenue": 1713628, 
        "long_term_average": 216415, 
        "date": "2013-08-31", 
        "operating_revenue": 216586, 
        "short_term_average": 228551
    }, 
    {
        "accumulated_operating_revenue_yoy": -1.511394053098802, 
        "accumulated_operating_revenue": 1962286, 
        "long_term_average": 220055, 
        "date": "2013-09-30", 
        "operating_revenue": 248658, 
        "short_term_average": 234042
    }, 
    {
        "accumulated_operating_revenue_yoy": -0.7164258629736533, 
        "accumulated_operating_revenue": 2206222, 
        "long_term_average": 221238, 
        "date": "2013-10-31", 
        "operating_revenue": 243936, 
        "short_term_average": 236393
    }, 
    {
        "accumulated_operating_revenue_yoy": 3.2381722430462676, 
        "accumulated_operating_revenue": 2500029, 
        "long_term_average": 229099, 
        "date": "2013-11-30", 
        "operating_revenue": 293807, 
        "short_term_average": 262133
    }, 
    {
        "accumulated_operating_revenue_yoy": 3.1342552619498885, 
        "accumulated_operating_revenue": 2754487, 
        "long_term_average": 229540, 
        "date": "2013-12-31", 
        "operating_revenue": 254458, 
        "short_term_average": 264067
    }, 
    {
        "accumulated_operating_revenue_yoy": 38.75723672371188, 
        "accumulated_operating_revenue": 316132, 
        "long_term_average": 236899, 
        "date": "2014-01-31", 
        "operating_revenue": 316132, 
        "short_term_average": 288132
    }, 
    {
        "accumulated_operating_revenue_yoy": 19.757328865381034, 
        "accumulated_operating_revenue": 546794, 
        "long_term_average": 237058, 
        "date": "2014-02-28", 
        "operating_revenue": 230662, 
        "short_term_average": 267084
    }, 
    {
        "accumulated_operating_revenue_yoy": 25.917440883334663, 
        "accumulated_operating_revenue": 804654, 
        "long_term_average": 243342, 
        "date": "2014-03-31", 
        "operating_revenue": 257860, 
        "short_term_average": 268218
    }, 
    {
        "accumulated_operating_revenue_yoy": 44.50213911742708, 
        "accumulated_operating_revenue": 1207496, 
        "long_term_average": 260529, 
        "date": "2014-04-30", 
        "operating_revenue": 402842, 
        "short_term_average": 297121
    }, 
    {
        "accumulated_operating_revenue_yoy": 53.650429241956274, 
        "accumulated_operating_revenue": 1579488, 
        "long_term_average": 275500, 
        "date": "2014-05-31", 
        "operating_revenue": 371992, 
        "short_term_average": 344231
    }, 
    {
        "accumulated_operating_revenue_yoy": 48.905851488464144, 
        "accumulated_operating_revenue": 1876449, 
        "long_term_average": 280898, 
        "date": "2014-06-30", 
        "operating_revenue": 296961, 
        "short_term_average": 357265
    }, 
    {
        "accumulated_operating_revenue_yoy": 40.83452568465013, 
        "accumulated_operating_revenue": 2108352, 
        "long_term_average": 280483, 
        "date": "2014-07-31", 
        "operating_revenue": 231903, 
        "short_term_average": 300285
    }, 
    {
        "accumulated_operating_revenue_yoy": 39.60737102801775, 
        "accumulated_operating_revenue": 2392351, 
        "long_term_average": 286100, 
        "date": "2014-08-31", 
        "operating_revenue": 283999, 
        "short_term_average": 270954
    }, 
    {
        "accumulated_operating_revenue_yoy": 42.161591123821914, 
        "accumulated_operating_revenue": 2789617, 
        "long_term_average": 298484, 
        "date": "2014-09-30", 
        "operating_revenue": 397266, 
        "short_term_average": 304389
    }, 
    {
        "accumulated_operating_revenue_yoy": 40.205382776529284, 
        "accumulated_operating_revenue": 3093242, 
        "long_term_average": 303458, 
        "date": "2014-10-31", 
        "operating_revenue": 303625, 
        "short_term_average": 328296
    }, 
    {
        "accumulated_operating_revenue_yoy": 37.01181066299631, 
        "accumulated_operating_revenue": 3425335, 
        "long_term_average": 306649, 
        "date": "2014-11-30", 
        "operating_revenue": 332093, 
        "short_term_average": 344328
    }, 
    {
        "accumulated_operating_revenue_yoy": 36.37947828397811, 
        "accumulated_operating_revenue": 3756555, 
        "long_term_average": 313046, 
        "date": "2014-12-31", 
        "operating_revenue": 331220, 
        "short_term_average": 322312
    }, 
    {
        "accumulated_operating_revenue_yoy": 28.398896663419077, 
        "accumulated_operating_revenue": 405910, 
        "long_term_average": 320527, 
        "date": "2015-01-31", 
        "operating_revenue": 405910, 
        "short_term_average": 356407
    }, 
    {
        "accumulated_operating_revenue_yoy": 32.19914629641145, 
        "accumulated_operating_revenue": 722857, 
        "long_term_average": 327718, 
        "date": "2015-02-28", 
        "operating_revenue": 316947, 
        "short_term_average": 351359
    }, 
    {
        "accumulated_operating_revenue_yoy": 39.86446348368367, 
        "accumulated_operating_revenue": 1125425, 
        "long_term_average": 339777, 
        "date": "2015-03-31", 
        "operating_revenue": 402568, 
        "short_term_average": 375141
    }, 
    {
        "accumulated_operating_revenue_yoy": 24.563062734783387, 
        "accumulated_operating_revenue": 1504094, 
        "long_term_average": 337762, 
        "date": "2015-04-30", 
        "operating_revenue": 378669, 
        "short_term_average": 366061
    }, 
    {
        "accumulated_operating_revenue_yoy": 17.993868899288884, 
        "accumulated_operating_revenue": 1863699, 
        "long_term_average": 336730, 
        "date": "2015-05-31", 
        "operating_revenue": 359605, 
        "short_term_average": 380280
    }, 
    {
        "accumulated_operating_revenue_yoy": 17.421576605599192, 
        "accumulated_operating_revenue": 2203356, 
        "long_term_average": 340288, 
        "date": "2015-06-30", 
        "operating_revenue": 339657, 
        "short_term_average": 359310
    }, 
    {
        "accumulated_operating_revenue_yoy": 22.3332251919983, 
        "accumulated_operating_revenue": 2579215, 
        "long_term_average": 352284, 
        "date": "2015-07-31", 
        "operating_revenue": 375859, 
        "short_term_average": 358373
    }, 
    {
        "accumulated_operating_revenue_yoy": 22.18098431208464, 
        "accumulated_operating_revenue": 2922998, 
        "long_term_average": 357266, 
        "date": "2015-08-31", 
        "operating_revenue": 343783, 
        "short_term_average": 353099
    }, 
    {
        "accumulated_operating_revenue_yoy": 16.14594404895009, 
        "accumulated_operating_revenue": 3240027, 
        "long_term_average": 350580, 
        "date": "2015-09-30", 
        "operating_revenue": 317029, 
        "short_term_average": 345557
    }
]