[
    {
        "date": "2012-01-31", 
        "operating_revenue": 653261, 
        "accumulated_operating_revenue": 653261, 
        "long_term_average": 653261, 
        "short_term_average": 653261
    }, 
    {
        "date": "2012-02-29", 
        "operating_revenue": 627569, 
        "accumulated_operating_revenue": 1280830, 
        "long_term_average": 640415, 
        "short_term_average": 640415
    }, 
    {
        "date": "2012-03-31", 
        "operating_revenue": 636698, 
        "accumulated_operating_revenue": 1917528, 
        "long_term_average": 639176, 
        "short_term_average": 639176
    }, 
    {
        "date": "2012-04-30", 
        "operating_revenue": 592924, 
        "accumulated_operating_revenue": 2510452, 
        "long_term_average": 627613, 
        "short_term_average": 619063
    }, 
    {
        "date": "2012-05-31", 
        "operating_revenue": 599224, 
        "accumulated_operating_revenue": 3109676, 
        "long_term_average": 621935, 
        "short_term_average": 609615
    }, 
    {
        "date": "2012-06-30", 
        "operating_revenue": 621674, 
        "accumulated_operating_revenue": 3731350, 
        "long_term_average": 621891, 
        "short_term_average": 604607
    }, 
    {
        "date": "2012-07-31", 
        "operating_revenue": 609688, 
        "accumulated_operating_revenue": 4341038, 
        "long_term_average": 620148, 
        "short_term_average": 610195
    }, 
    {
        "date": "2012-08-31", 
        "operating_revenue": 606588, 
        "accumulated_operating_revenue": 4947626, 
        "long_term_average": 618453, 
        "short_term_average": 612650
    }, 
    {
        "date": "2012-09-30", 
        "operating_revenue": 554868, 
        "accumulated_operating_revenue": 5502494, 
        "long_term_average": 611388, 
        "short_term_average": 590381
    }, 
    {
        "date": "2012-10-31", 
        "operating_revenue": 555388, 
        "accumulated_operating_revenue": 6057882, 
        "long_term_average": 605788, 
        "short_term_average": 572281
    }, 
    {
        "date": "2012-11-30", 
        "operating_revenue": 540645, 
        "accumulated_operating_revenue": 6598527, 
        "long_term_average": 599866, 
        "short_term_average": 550300
    }, 
    {
        "date": "2012-12-31", 
        "operating_revenue": 444191, 
        "accumulated_operating_revenue": 7042718, 
        "long_term_average": 586893, 
        "short_term_average": 513408
    }, 
    {
        "accumulated_operating_revenue_yoy": -2.017876468976412, 
        "accumulated_operating_revenue": 640079, 
        "long_term_average": 585794, 
        "date": "2013-01-31", 
        "operating_revenue": 640079, 
        "short_term_average": 541638
    }, 
    {
        "accumulated_operating_revenue_yoy": -16.562697625758297, 
        "accumulated_operating_revenue": 1068690, 
        "long_term_average": 569214, 
        "date": "2013-02-28", 
        "operating_revenue": 428611, 
        "short_term_average": 504293
    }, 
    {
        "accumulated_operating_revenue_yoy": -16.8276030389126, 
        "accumulated_operating_revenue": 1594854, 
        "long_term_average": 560003, 
        "date": "2013-03-31", 
        "operating_revenue": 526164, 
        "short_term_average": 531618
    }, 
    {
        "accumulated_operating_revenue_yoy": -19.499357087886963, 
        "accumulated_operating_revenue": 2020930, 
        "long_term_average": 546099, 
        "date": "2013-04-30", 
        "operating_revenue": 426076, 
        "short_term_average": 460283
    }, 
    {
        "accumulated_operating_revenue_yoy": -21.190921497930972, 
        "accumulated_operating_revenue": 2450707, 
        "long_term_average": 531979, 
        "date": "2013-05-31", 
        "operating_revenue": 429777, 
        "short_term_average": 460672
    }, 
    {
        "accumulated_operating_revenue_yoy": -23.322899218781405, 
        "accumulated_operating_revenue": 2861091, 
        "long_term_average": 514371, 
        "date": "2013-06-30", 
        "operating_revenue": 410384, 
        "short_term_average": 422079
    }, 
    {
        "accumulated_operating_revenue_yoy": -24.226832384328358, 
        "accumulated_operating_revenue": 3289342, 
        "long_term_average": 499251, 
        "date": "2013-07-31", 
        "operating_revenue": 428251, 
        "short_term_average": 422804
    }, 
    {
        "accumulated_operating_revenue_yoy": -23.8039011032766, 
        "accumulated_operating_revenue": 3769898, 
        "long_term_average": 488749, 
        "date": "2013-08-31", 
        "operating_revenue": 480556, 
        "short_term_average": 439730
    }, 
    {
        "accumulated_operating_revenue_yoy": -22.544613406211802, 
        "accumulated_operating_revenue": 4261978, 
        "long_term_average": 483516, 
        "date": "2013-09-30", 
        "operating_revenue": 492080, 
        "short_term_average": 466962
    }, 
    {
        "accumulated_operating_revenue_yoy": -21.93601658137283, 
        "accumulated_operating_revenue": 4729024, 
        "long_term_average": 476155, 
        "date": "2013-10-31", 
        "operating_revenue": 467046, 
        "short_term_average": 479894
    }, 
    {
        "accumulated_operating_revenue_yoy": -22.08464101154697, 
        "accumulated_operating_revenue": 5141266, 
        "long_term_average": 465454, 
        "date": "2013-11-30", 
        "operating_revenue": 412242, 
        "short_term_average": 457122
    }, 
    {
        "accumulated_operating_revenue_yoy": -22.0069155118805, 
        "accumulated_operating_revenue": 5492833, 
        "long_term_average": 457736, 
        "date": "2013-12-31", 
        "operating_revenue": 351567, 
        "short_term_average": 410285
    }, 
    {
        "accumulated_operating_revenue_yoy": -33.66943767878652, 
        "accumulated_operating_revenue": 424568, 
        "long_term_average": 439776, 
        "date": "2014-01-31", 
        "operating_revenue": 424568, 
        "short_term_average": 396125
    }, 
    {
        "accumulated_operating_revenue_yoy": -23.386856805996125, 
        "accumulated_operating_revenue": 818757, 
        "long_term_average": 436908, 
        "date": "2014-02-28", 
        "operating_revenue": 394189, 
        "short_term_average": 390108
    }, 
    {
        "accumulated_operating_revenue_yoy": -25.809070924360473, 
        "accumulated_operating_revenue": 1183237, 
        "long_term_average": 423434, 
        "date": "2014-03-31", 
        "operating_revenue": 364480, 
        "short_term_average": 394412
    }, 
    {
        "accumulated_operating_revenue_yoy": -23.330595319976446, 
        "accumulated_operating_revenue": 1549435, 
        "long_term_average": 418444, 
        "date": "2014-04-30", 
        "operating_revenue": 366198, 
        "short_term_average": 374955
    }, 
    {
        "accumulated_operating_revenue_yoy": -22.47310674021823, 
        "accumulated_operating_revenue": 1899957, 
        "long_term_average": 411840, 
        "date": "2014-05-31", 
        "operating_revenue": 350522, 
        "short_term_average": 360400
    }, 
    {
        "accumulated_operating_revenue_yoy": -21.092233696865986, 
        "accumulated_operating_revenue": 2257623, 
        "long_term_average": 407447, 
        "date": "2014-06-30", 
        "operating_revenue": 357666, 
        "short_term_average": 358128
    }, 
    {
        "accumulated_operating_revenue_yoy": -22.29154037494429, 
        "accumulated_operating_revenue": 2556097, 
        "long_term_average": 396632, 
        "date": "2014-07-31", 
        "operating_revenue": 298474, 
        "short_term_average": 335554
    }, 
    {
        "accumulated_operating_revenue_yoy": -22.747936416316833, 
        "accumulated_operating_revenue": 2912324, 
        "long_term_average": 386271, 
        "date": "2014-08-31", 
        "operating_revenue": 356227, 
        "short_term_average": 337455
    }, 
    {
        "accumulated_operating_revenue_yoy": -22.853355883113426, 
        "accumulated_operating_revenue": 3287973, 
        "long_term_average": 376569, 
        "date": "2014-09-30", 
        "operating_revenue": 375649, 
        "short_term_average": 343450
    }, 
    {
        "accumulated_operating_revenue_yoy": -21.577264145836434, 
        "accumulated_operating_revenue": 3708630, 
        "long_term_average": 372703, 
        "date": "2014-10-31", 
        "operating_revenue": 420657, 
        "short_term_average": 384177
    }, 
    {
        "accumulated_operating_revenue_yoy": -22.464214067118878, 
        "accumulated_operating_revenue": 3986321, 
        "long_term_average": 361490, 
        "date": "2014-11-30", 
        "operating_revenue": 277691, 
        "short_term_average": 357999
    }, 
    {
        "accumulated_operating_revenue_yoy": -21.283661818955718, 
        "accumulated_operating_revenue": 4323757, 
        "long_term_average": 360313, 
        "date": "2014-12-31", 
        "operating_revenue": 337436, 
        "short_term_average": 345261
    }, 
    {
        "accumulated_operating_revenue_yoy": -4.3293418251022215, 
        "accumulated_operating_revenue": 406187, 
        "long_term_average": 358781, 
        "date": "2015-01-31", 
        "operating_revenue": 406187, 
        "short_term_average": 340438
    }, 
    {
        "accumulated_operating_revenue_yoy": -13.119643557245922, 
        "accumulated_operating_revenue": 711339, 
        "long_term_average": 351361, 
        "date": "2015-02-28", 
        "operating_revenue": 305152, 
        "short_term_average": 349591
    }, 
    {
        "accumulated_operating_revenue_yoy": -11.430085435124155, 
        "accumulated_operating_revenue": 1047992, 
        "long_term_average": 349042, 
        "date": "2015-03-31", 
        "operating_revenue": 336653, 
        "short_term_average": 349330
    }, 
    {
        "accumulated_operating_revenue_yoy": -13.184354296888866, 
        "accumulated_operating_revenue": 1345152, 
        "long_term_average": 343289, 
        "date": "2015-04-30", 
        "operating_revenue": 297160, 
        "short_term_average": 312988
    }, 
    {
        "accumulated_operating_revenue_yoy": -15.936044868383863, 
        "accumulated_operating_revenue": 1597179, 
        "long_term_average": 335081, 
        "date": "2015-05-31", 
        "operating_revenue": 252027, 
        "short_term_average": 295280
    }, 
    {
        "accumulated_operating_revenue_yoy": -15.349905630833845, 
        "accumulated_operating_revenue": 1911080, 
        "long_term_average": 331434, 
        "date": "2015-06-30", 
        "operating_revenue": 313901, 
        "short_term_average": 287696
    }, 
    {
        "accumulated_operating_revenue_yoy": -13.815633757247866, 
        "accumulated_operating_revenue": 2202956, 
        "long_term_average": 330884, 
        "date": "2015-07-31", 
        "operating_revenue": 291876, 
        "short_term_average": 285934
    }, 
    {
        "accumulated_operating_revenue_yoy": -15.120536039259369, 
        "accumulated_operating_revenue": 2471965, 
        "long_term_average": 323616, 
        "date": "2015-08-31", 
        "operating_revenue": 269009, 
        "short_term_average": 291595
    }, 
    {
        "accumulated_operating_revenue_yoy": -15.674185888996048, 
        "accumulated_operating_revenue": 2772610, 
        "long_term_average": 317366, 
        "date": "2015-09-30", 
        "operating_revenue": 300645, 
        "short_term_average": 287176
    }
]