[
    {
        "date": "2012-01-31", 
        "operating_revenue": 190310, 
        "accumulated_operating_revenue": 190310, 
        "long_term_average": 190310, 
        "short_term_average": 190310
    }, 
    {
        "date": "2012-02-29", 
        "operating_revenue": 269688, 
        "accumulated_operating_revenue": 459998, 
        "long_term_average": 229999, 
        "short_term_average": 229999
    }, 
    {
        "date": "2012-03-31", 
        "operating_revenue": 301808, 
        "accumulated_operating_revenue": 761806, 
        "long_term_average": 253935, 
        "short_term_average": 253935
    }, 
    {
        "date": "2012-04-30", 
        "operating_revenue": 246660, 
        "accumulated_operating_revenue": 1008466, 
        "long_term_average": 252116, 
        "short_term_average": 272718
    }, 
    {
        "date": "2012-05-31", 
        "operating_revenue": 259578, 
        "accumulated_operating_revenue": 1268044, 
        "long_term_average": 253608, 
        "short_term_average": 269348
    }, 
    {
        "date": "2012-06-30", 
        "operating_revenue": 215301, 
        "accumulated_operating_revenue": 1483345, 
        "long_term_average": 247224, 
        "short_term_average": 240513
    }, 
    {
        "date": "2012-07-31", 
        "operating_revenue": 255265, 
        "accumulated_operating_revenue": 1738610, 
        "long_term_average": 248372, 
        "short_term_average": 243381
    }, 
    {
        "date": "2012-08-31", 
        "operating_revenue": 217901, 
        "accumulated_operating_revenue": 1956511, 
        "long_term_average": 244563, 
        "short_term_average": 229489
    }, 
    {
        "date": "2012-09-30", 
        "operating_revenue": 199709, 
        "accumulated_operating_revenue": 2156220, 
        "long_term_average": 239580, 
        "short_term_average": 224291
    }, 
    {
        "date": "2012-10-31", 
        "operating_revenue": 239412, 
        "accumulated_operating_revenue": 2395632, 
        "long_term_average": 239563, 
        "short_term_average": 219007
    }, 
    {
        "date": "2012-11-30", 
        "operating_revenue": 210391, 
        "accumulated_operating_revenue": 2606023, 
        "long_term_average": 236911, 
        "short_term_average": 216504
    }, 
    {
        "date": "2012-12-31", 
        "operating_revenue": 202338, 
        "accumulated_operating_revenue": 2808361, 
        "long_term_average": 234030, 
        "short_term_average": 217380
    }, 
    {
        "accumulated_operating_revenue_yoy": 11.366192002522201, 
        "accumulated_operating_revenue": 211941, 
        "long_term_average": 235832, 
        "date": "2013-01-31", 
        "operating_revenue": 211941, 
        "short_term_average": 208223
    }, 
    {
        "accumulated_operating_revenue_yoy": -30.56643724537933, 
        "accumulated_operating_revenue": 319393, 
        "long_term_average": 222313, 
        "date": "2013-02-28", 
        "operating_revenue": 107452, 
        "short_term_average": 173910
    }, 
    {
        "accumulated_operating_revenue_yoy": -27.68276962901316, 
        "accumulated_operating_revenue": 550917, 
        "long_term_average": 216456, 
        "date": "2013-03-31", 
        "operating_revenue": 231524, 
        "short_term_average": 183639
    }, 
    {
        "accumulated_operating_revenue_yoy": -22.88684001245456, 
        "accumulated_operating_revenue": 777660, 
        "long_term_average": 214796, 
        "date": "2013-04-30", 
        "operating_revenue": 226743, 
        "short_term_average": 188573
    }, 
    {
        "accumulated_operating_revenue_yoy": -18.964957051963495, 
        "accumulated_operating_revenue": 1027560, 
        "long_term_average": 213989, 
        "date": "2013-05-31", 
        "operating_revenue": 249900, 
        "short_term_average": 236055
    }, 
    {
        "accumulated_operating_revenue_yoy": -17.689344016395378, 
        "accumulated_operating_revenue": 1220951, 
        "long_term_average": 212163, 
        "date": "2013-06-30", 
        "operating_revenue": 193391, 
        "short_term_average": 223344
    }, 
    {
        "accumulated_operating_revenue_yoy": -18.922702618758663, 
        "accumulated_operating_revenue": 1409618, 
        "long_term_average": 206614, 
        "date": "2013-07-31", 
        "operating_revenue": 188667, 
        "short_term_average": 210652
    }, 
    {
        "accumulated_operating_revenue_yoy": -15.42848468523816, 
        "accumulated_operating_revenue": 1654651, 
        "long_term_average": 208875, 
        "date": "2013-08-31", 
        "operating_revenue": 245033, 
        "short_term_average": 209030
    }, 
    {
        "accumulated_operating_revenue_yoy": -11.921093394922597, 
        "accumulated_operating_revenue": 1899175, 
        "long_term_average": 212609, 
        "date": "2013-09-30", 
        "operating_revenue": 244524, 
        "short_term_average": 226074
    }, 
    {
        "accumulated_operating_revenue_yoy": -9.129824614131051, 
        "accumulated_operating_revenue": 2176915, 
        "long_term_average": 215803, 
        "date": "2013-10-31", 
        "operating_revenue": 277740, 
        "short_term_average": 255765
    }, 
    {
        "accumulated_operating_revenue_yoy": -4.818798606151979, 
        "accumulated_operating_revenue": 2480444, 
        "long_term_average": 223565, 
        "date": "2013-11-30", 
        "operating_revenue": 303529, 
        "short_term_average": 275264
    }, 
    {
        "accumulated_operating_revenue_yoy": -0.5241135309883593, 
        "accumulated_operating_revenue": 2793642, 
        "long_term_average": 232803, 
        "date": "2013-12-31", 
        "operating_revenue": 313198, 
        "short_term_average": 298155
    }, 
    {
        "accumulated_operating_revenue_yoy": 12.902647434899336, 
        "accumulated_operating_revenue": 239287, 
        "long_term_average": 235082, 
        "date": "2014-01-31", 
        "operating_revenue": 239287, 
        "short_term_average": 285338
    }, 
    {
        "accumulated_operating_revenue_yoy": 39.06441280804526, 
        "accumulated_operating_revenue": 444162, 
        "long_term_average": 243200, 
        "date": "2014-02-28", 
        "operating_revenue": 204875, 
        "short_term_average": 252453
    }, 
    {
        "accumulated_operating_revenue_yoy": 27.72432144951054, 
        "accumulated_operating_revenue": 703655, 
        "long_term_average": 245531, 
        "date": "2014-03-31", 
        "operating_revenue": 259493, 
        "short_term_average": 234551
    }, 
    {
        "accumulated_operating_revenue_yoy": 18.00491217241468, 
        "accumulated_operating_revenue": 917677, 
        "long_term_average": 244471, 
        "date": "2014-04-30", 
        "operating_revenue": 214022, 
        "short_term_average": 226130
    }, 
    {
        "accumulated_operating_revenue_yoy": 9.289871151076335, 
        "accumulated_operating_revenue": 1123019, 
        "long_term_average": 240758, 
        "date": "2014-05-31", 
        "operating_revenue": 205342, 
        "short_term_average": 226285
    }, 
    {
        "accumulated_operating_revenue_yoy": 10.032425543695037, 
        "accumulated_operating_revenue": 1343442, 
        "long_term_average": 243011, 
        "date": "2014-06-30", 
        "operating_revenue": 220423, 
        "short_term_average": 213262
    }, 
    {
        "accumulated_operating_revenue_yoy": 11.009294716724673, 
        "accumulated_operating_revenue": 1564807, 
        "long_term_average": 245735, 
        "date": "2014-07-31", 
        "operating_revenue": 221365, 
        "short_term_average": 215710
    }, 
    {
        "accumulated_operating_revenue_yoy": 8.527236257071733, 
        "accumulated_operating_revenue": 1795747, 
        "long_term_average": 244561, 
        "date": "2014-08-31", 
        "operating_revenue": 230940, 
        "short_term_average": 224242
    }, 
    {
        "accumulated_operating_revenue_yoy": 5.5899535324548815, 
        "accumulated_operating_revenue": 2005338, 
        "long_term_average": 241650, 
        "date": "2014-09-30", 
        "operating_revenue": 209591, 
        "short_term_average": 220632
    }, 
    {
        "accumulated_operating_revenue_yoy": 3.551309996026487, 
        "accumulated_operating_revenue": 2254224, 
        "long_term_average": 239245, 
        "date": "2014-10-31", 
        "operating_revenue": 248886, 
        "short_term_average": 229805
    }, 
    {
        "accumulated_operating_revenue_yoy": 0.5695351316135338, 
        "accumulated_operating_revenue": 2494571, 
        "long_term_average": 233980, 
        "date": "2014-11-30", 
        "operating_revenue": 240347, 
        "short_term_average": 232941
    }, 
    {
        "accumulated_operating_revenue_yoy": -2.4465196327947534, 
        "accumulated_operating_revenue": 2725295, 
        "long_term_average": 227107, 
        "date": "2014-12-31", 
        "operating_revenue": 230724, 
        "short_term_average": 239985
    }, 
    {
        "accumulated_operating_revenue_yoy": -0.39659488396778764, 
        "accumulated_operating_revenue": 238338, 
        "long_term_average": 227028, 
        "date": "2015-01-31", 
        "operating_revenue": 238338, 
        "short_term_average": 236469
    }, 
    {
        "accumulated_operating_revenue_yoy": -11.333702567981954, 
        "accumulated_operating_revenue": 393822, 
        "long_term_average": 222912, 
        "date": "2015-02-28", 
        "operating_revenue": 155484, 
        "short_term_average": 208182
    }, 
    {
        "accumulated_operating_revenue_yoy": -14.170154408055083, 
        "accumulated_operating_revenue": 603946, 
        "long_term_average": 218798, 
        "date": "2015-03-31", 
        "operating_revenue": 210124, 
        "short_term_average": 201315
    }, 
    {
        "accumulated_operating_revenue_yoy": -12.488816871295674, 
        "accumulated_operating_revenue": 803070, 
        "long_term_average": 217557, 
        "date": "2015-04-30", 
        "operating_revenue": 199124, 
        "short_term_average": 188244
    }, 
    {
        "accumulated_operating_revenue_yoy": -12.129447498216859, 
        "accumulated_operating_revenue": 986803, 
        "long_term_average": 215756, 
        "date": "2015-05-31", 
        "operating_revenue": 183733, 
        "short_term_average": 197660
    }, 
    {
        "accumulated_operating_revenue_yoy": -12.68004126713323, 
        "accumulated_operating_revenue": 1173093, 
        "long_term_average": 212912, 
        "date": "2015-06-30", 
        "operating_revenue": 186290, 
        "short_term_average": 189715
    }, 
    {
        "accumulated_operating_revenue_yoy": -14.561923611026792, 
        "accumulated_operating_revenue": 1336941, 
        "long_term_average": 208119, 
        "date": "2015-07-31", 
        "operating_revenue": 163848, 
        "short_term_average": 177957
    }, 
    {
        "accumulated_operating_revenue_yoy": -15.523233506724498, 
        "accumulated_operating_revenue": 1516989, 
        "long_term_average": 203878, 
        "date": "2015-08-31", 
        "operating_revenue": 180048, 
        "short_term_average": 176728
    }
]