[
    {
        "date": "2011-09-30", 
        "operating_revenue": 98939, 
        "accumulated_operating_revenue": 98939, 
        "long_term_average": 98939, 
        "short_term_average": 98939
    }, 
    {
        "date": "2011-10-31", 
        "operating_revenue": 97510, 
        "accumulated_operating_revenue": 196449, 
        "long_term_average": 98224, 
        "short_term_average": 98224
    }, 
    {
        "date": "2011-11-30", 
        "operating_revenue": 123690, 
        "accumulated_operating_revenue": 320139, 
        "long_term_average": 106713, 
        "short_term_average": 106713
    }, 
    {
        "date": "2011-12-31", 
        "operating_revenue": 67997, 
        "accumulated_operating_revenue": 388136, 
        "long_term_average": 97034, 
        "short_term_average": 96399
    }, 
    {
        "date": "2012-01-31", 
        "operating_revenue": 69497, 
        "accumulated_operating_revenue": 69497, 
        "long_term_average": 91526, 
        "short_term_average": 87061
    }, 
    {
        "date": "2012-02-29", 
        "operating_revenue": 75932, 
        "accumulated_operating_revenue": 145429, 
        "long_term_average": 88927, 
        "short_term_average": 71142
    }, 
    {
        "date": "2012-03-31", 
        "operating_revenue": 129163, 
        "accumulated_operating_revenue": 274592, 
        "long_term_average": 94675, 
        "short_term_average": 91530
    }, 
    {
        "date": "2012-04-30", 
        "operating_revenue": 105461, 
        "accumulated_operating_revenue": 380053, 
        "long_term_average": 96023, 
        "short_term_average": 103518
    }, 
    {
        "date": "2012-05-31", 
        "operating_revenue": 189255, 
        "accumulated_operating_revenue": 569308, 
        "long_term_average": 106382, 
        "short_term_average": 141293
    }, 
    {
        "date": "2012-06-30", 
        "operating_revenue": 107271, 
        "accumulated_operating_revenue": 676579, 
        "long_term_average": 106471, 
        "short_term_average": 133995
    }, 
    {
        "date": "2012-07-31", 
        "operating_revenue": 126365, 
        "accumulated_operating_revenue": 802944, 
        "long_term_average": 108280, 
        "short_term_average": 140963
    }, 
    {
        "date": "2012-08-31", 
        "operating_revenue": 137627, 
        "accumulated_operating_revenue": 940571, 
        "long_term_average": 110725, 
        "short_term_average": 123754
    }, 
    {
        "accumulated_operating_revenue_yoy": 990.6386763561386, 
        "accumulated_operating_revenue": 1079067, 
        "long_term_average": 114022, 
        "date": "2012-09-30", 
        "operating_revenue": 138496, 
        "short_term_average": 134162
    }, 
    {
        "accumulated_operating_revenue_yoy": 512.8058681897083, 
        "accumulated_operating_revenue": 1203851, 
        "long_term_average": 116294, 
        "date": "2012-10-31", 
        "operating_revenue": 124784, 
        "short_term_average": 133635
    }, 
    {
        "accumulated_operating_revenue_yoy": 320.5335807258722, 
        "accumulated_operating_revenue": 1346292, 
        "long_term_average": 117857, 
        "date": "2012-11-30", 
        "operating_revenue": 142441, 
        "short_term_average": 135240
    }, 
    {
        "accumulated_operating_revenue_yoy": 279.5752004452048, 
        "accumulated_operating_revenue": 1473268, 
        "long_term_average": 122772, 
        "date": "2012-12-31", 
        "operating_revenue": 126976, 
        "short_term_average": 131400
    }, 
    {
        "accumulated_operating_revenue_yoy": 36.11091126235665, 
        "accumulated_operating_revenue": 94593, 
        "long_term_average": 124863, 
        "date": "2013-01-31", 
        "operating_revenue": 94593, 
        "short_term_average": 121336
    }, 
    {
        "accumulated_operating_revenue_yoy": 7.905575916770383, 
        "accumulated_operating_revenue": 156926, 
        "long_term_average": 123730, 
        "date": "2013-02-28", 
        "operating_revenue": 62333, 
        "short_term_average": 94634
    }, 
    {
        "accumulated_operating_revenue_yoy": -0.8263168628364993, 
        "accumulated_operating_revenue": 272323, 
        "long_term_average": 122583, 
        "date": "2013-03-31", 
        "operating_revenue": 115397, 
        "short_term_average": 90774
    }, 
    {
        "accumulated_operating_revenue_yoy": -0.5459764822274787, 
        "accumulated_operating_revenue": 377978, 
        "long_term_average": 122599, 
        "date": "2013-04-30", 
        "operating_revenue": 105655, 
        "short_term_average": 94461
    }, 
    {
        "accumulated_operating_revenue_yoy": -17.957063663254335, 
        "accumulated_operating_revenue": 467077, 
        "long_term_average": 114253, 
        "date": "2013-05-31", 
        "operating_revenue": 89099, 
        "short_term_average": 103383
    }, 
    {
        "accumulated_operating_revenue_yoy": -15.755883644038612, 
        "accumulated_operating_revenue": 569978, 
        "long_term_average": 113888, 
        "date": "2013-06-30", 
        "operating_revenue": 102901, 
        "short_term_average": 99218
    }, 
    {
        "accumulated_operating_revenue_yoy": -16.116566036983897, 
        "accumulated_operating_revenue": 673537, 
        "long_term_average": 111988, 
        "date": "2013-07-31", 
        "operating_revenue": 103559, 
        "short_term_average": 98519
    }, 
    {
        "accumulated_operating_revenue_yoy": -19.038860436904816, 
        "accumulated_operating_revenue": 761497, 
        "long_term_average": 107849, 
        "date": "2013-08-31", 
        "operating_revenue": 87960, 
        "short_term_average": 98140
    }, 
    {
        "accumulated_operating_revenue_yoy": -14.448129726884428, 
        "accumulated_operating_revenue": 923162, 
        "long_term_average": 109780, 
        "date": "2013-09-30", 
        "operating_revenue": 161665, 
        "short_term_average": 117728
    }, 
    {
        "accumulated_operating_revenue_yoy": -9.902886652916349, 
        "accumulated_operating_revenue": 1084635, 
        "long_term_average": 112837, 
        "date": "2013-10-31", 
        "operating_revenue": 161473, 
        "short_term_average": 137032
    }, 
    {
        "accumulated_operating_revenue_yoy": -7.523553582729453, 
        "accumulated_operating_revenue": 1245003, 
        "long_term_average": 114331, 
        "date": "2013-11-30", 
        "operating_revenue": 160368, 
        "short_term_average": 161168
    }, 
    {
        "accumulated_operating_revenue_yoy": -4.936712125696071, 
        "accumulated_operating_revenue": 1400537, 
        "long_term_average": 116711, 
        "date": "2013-12-31", 
        "operating_revenue": 155534, 
        "short_term_average": 159125
    }, 
    {
        "accumulated_operating_revenue_yoy": 65.40335965663421, 
        "accumulated_operating_revenue": 156460, 
        "long_term_average": 121867, 
        "date": "2014-01-31", 
        "operating_revenue": 156460, 
        "short_term_average": 157454
    }, 
    {
        "accumulated_operating_revenue_yoy": 103.79605674011955, 
        "accumulated_operating_revenue": 319809, 
        "long_term_average": 130285, 
        "date": "2014-02-28", 
        "operating_revenue": 163349, 
        "short_term_average": 158447
    }, 
    {
        "accumulated_operating_revenue_yoy": 82.09883116740048, 
        "accumulated_operating_revenue": 495897, 
        "long_term_average": 135342, 
        "date": "2014-03-31", 
        "operating_revenue": 176088, 
        "short_term_average": 165299
    }, 
    {
        "accumulated_operating_revenue_yoy": 89.45652921598611, 
        "accumulated_operating_revenue": 716104, 
        "long_term_average": 144888, 
        "date": "2014-04-30", 
        "operating_revenue": 220207, 
        "short_term_average": 186548
    }, 
    {
        "accumulated_operating_revenue_yoy": 99.99229249138793, 
        "accumulated_operating_revenue": 934118, 
        "long_term_average": 155631, 
        "date": "2014-05-31", 
        "operating_revenue": 218014, 
        "short_term_average": 204769
    }, 
    {
        "accumulated_operating_revenue_yoy": 102.06814999877187, 
        "accumulated_operating_revenue": 1151744, 
        "long_term_average": 165191, 
        "date": "2014-06-30", 
        "operating_revenue": 217626, 
        "short_term_average": 218615
    }, 
    {
        "accumulated_operating_revenue_yoy": 98.39132816756911, 
        "accumulated_operating_revenue": 1336239, 
        "long_term_average": 171936, 
        "date": "2014-07-31", 
        "operating_revenue": 184495, 
        "short_term_average": 206711
    }, 
    {
        "accumulated_operating_revenue_yoy": 99.55915781677407, 
        "accumulated_operating_revenue": 1519637, 
        "long_term_average": 179889, 
        "date": "2014-08-31", 
        "operating_revenue": 183398, 
        "short_term_average": 195173
    }, 
    {
        "accumulated_operating_revenue_yoy": 82.143979063263, 
        "accumulated_operating_revenue": 1681484, 
        "long_term_average": 179904, 
        "date": "2014-09-30", 
        "operating_revenue": 161847, 
        "short_term_average": 176580
    }, 
    {
        "accumulated_operating_revenue_yoy": 70.39852116149673, 
        "accumulated_operating_revenue": 1848202, 
        "long_term_average": 180342, 
        "date": "2014-10-31", 
        "operating_revenue": 166718, 
        "short_term_average": 170654
    }, 
    {
        "accumulated_operating_revenue_yoy": 64.58265562412299, 
        "accumulated_operating_revenue": 2049059, 
        "long_term_average": 183716, 
        "date": "2014-11-30", 
        "operating_revenue": 200857, 
        "short_term_average": 176474
    }, 
    {
        "accumulated_operating_revenue_yoy": 58.92739713409928, 
        "accumulated_operating_revenue": 2225837, 
        "long_term_average": 185486, 
        "date": "2014-12-31", 
        "operating_revenue": 176778, 
        "short_term_average": 181451
    }, 
    {
        "accumulated_operating_revenue_yoy": 32.717627508628404, 
        "accumulated_operating_revenue": 207650, 
        "long_term_average": 189752, 
        "date": "2015-01-31", 
        "operating_revenue": 207650, 
        "short_term_average": 195095
    }, 
    {
        "accumulated_operating_revenue_yoy": 23.924279804508316, 
        "accumulated_operating_revenue": 396321, 
        "long_term_average": 191862, 
        "date": "2015-02-28", 
        "operating_revenue": 188671, 
        "short_term_average": 191033
    }, 
    {
        "accumulated_operating_revenue_yoy": 22.82772430565218, 
        "accumulated_operating_revenue": 609099, 
        "long_term_average": 194919, 
        "date": "2015-03-31", 
        "operating_revenue": 212778, 
        "short_term_average": 203033
    }, 
    {
        "accumulated_operating_revenue_yoy": 14.285215555282473, 
        "accumulated_operating_revenue": 818401, 
        "long_term_average": 194011, 
        "date": "2015-04-30", 
        "operating_revenue": 209302, 
        "short_term_average": 203583
    }, 
    {
        "accumulated_operating_revenue_yoy": 9.660449750459792, 
        "accumulated_operating_revenue": 1024358, 
        "long_term_average": 193006, 
        "date": "2015-05-31", 
        "operating_revenue": 205957, 
        "short_term_average": 209345
    }, 
    {
        "accumulated_operating_revenue_yoy": 5.476477411647033, 
        "accumulated_operating_revenue": 1214819, 
        "long_term_average": 190742, 
        "date": "2015-06-30", 
        "operating_revenue": 190461, 
        "short_term_average": 201906
    }, 
    {
        "accumulated_operating_revenue_yoy": 1.7966097382279667, 
        "accumulated_operating_revenue": 1360246, 
        "long_term_average": 187487, 
        "date": "2015-07-31", 
        "operating_revenue": 145427, 
        "short_term_average": 180615
    }, 
    {
        "accumulated_operating_revenue_yoy": -4.431650453364849, 
        "accumulated_operating_revenue": 1452292, 
        "long_term_average": 179874, 
        "date": "2015-08-31", 
        "operating_revenue": 92046, 
        "short_term_average": 142644
    }, 
    {
        "accumulated_operating_revenue_yoy": -10.966265513082492, 
        "accumulated_operating_revenue": 1497088, 
        "long_term_average": 170120, 
        "date": "2015-09-30", 
        "operating_revenue": 44796, 
        "short_term_average": 94089
    }
]