[
    {
        "date": "2011-09-30", 
        "operating_revenue": 206166, 
        "accumulated_operating_revenue": 206166, 
        "long_term_average": 206166, 
        "short_term_average": 206166
    }, 
    {
        "date": "2011-10-31", 
        "operating_revenue": 157170, 
        "accumulated_operating_revenue": 363336, 
        "long_term_average": 181668, 
        "short_term_average": 181668
    }, 
    {
        "date": "2011-11-30", 
        "operating_revenue": 80086, 
        "accumulated_operating_revenue": 443422, 
        "long_term_average": 147807, 
        "short_term_average": 147807
    }, 
    {
        "date": "2011-12-31", 
        "operating_revenue": 114346, 
        "accumulated_operating_revenue": 557768, 
        "long_term_average": 139442, 
        "short_term_average": 117200
    }, 
    {
        "date": "2012-01-31", 
        "operating_revenue": 110369, 
        "accumulated_operating_revenue": 110369, 
        "long_term_average": 133627, 
        "short_term_average": 101600
    }, 
    {
        "date": "2012-02-29", 
        "operating_revenue": 105351, 
        "accumulated_operating_revenue": 215720, 
        "long_term_average": 128914, 
        "short_term_average": 110022
    }, 
    {
        "date": "2012-03-31", 
        "operating_revenue": 101957, 
        "accumulated_operating_revenue": 317677, 
        "long_term_average": 125063, 
        "short_term_average": 105892
    }, 
    {
        "date": "2012-04-30", 
        "operating_revenue": 121328, 
        "accumulated_operating_revenue": 439005, 
        "long_term_average": 124596, 
        "short_term_average": 109545
    }, 
    {
        "date": "2012-05-31", 
        "operating_revenue": 147774, 
        "accumulated_operating_revenue": 586779, 
        "long_term_average": 127171, 
        "short_term_average": 123686
    }, 
    {
        "date": "2012-06-30", 
        "operating_revenue": 137753, 
        "accumulated_operating_revenue": 724532, 
        "long_term_average": 128230, 
        "short_term_average": 135618
    }, 
    {
        "date": "2012-07-31", 
        "operating_revenue": 128122, 
        "accumulated_operating_revenue": 852654, 
        "long_term_average": 128220, 
        "short_term_average": 137883
    }, 
    {
        "date": "2012-08-31", 
        "operating_revenue": 169839, 
        "accumulated_operating_revenue": 1022493, 
        "long_term_average": 131688, 
        "short_term_average": 145238
    }, 
    {
        "accumulated_operating_revenue_yoy": 508.4373757069546, 
        "accumulated_operating_revenue": 1254391, 
        "long_term_average": 133832, 
        "date": "2012-09-30", 
        "operating_revenue": 231898, 
        "short_term_average": 176619
    }, 
    {
        "accumulated_operating_revenue_yoy": 280.65344474535965, 
        "accumulated_operating_revenue": 1383051, 
        "long_term_average": 131456, 
        "date": "2012-10-31", 
        "operating_revenue": 128660, 
        "short_term_average": 176799
    }, 
    {
        "accumulated_operating_revenue_yoy": 286.3089788057426, 
        "accumulated_operating_revenue": 1712979, 
        "long_term_average": 152277, 
        "date": "2012-11-30", 
        "operating_revenue": 329928, 
        "short_term_average": 230162
    }, 
    {
        "accumulated_operating_revenue_yoy": 254.3414107657664, 
        "accumulated_operating_revenue": 1976403, 
        "long_term_average": 164700, 
        "date": "2012-12-31", 
        "operating_revenue": 263424, 
        "short_term_average": 240670
    }, 
    {
        "accumulated_operating_revenue_yoy": 123.43321041234405, 
        "accumulated_operating_revenue": 246601, 
        "long_term_average": 176052, 
        "date": "2013-01-31", 
        "operating_revenue": 246601, 
        "short_term_average": 279984
    }, 
    {
        "accumulated_operating_revenue_yoy": 100.86037455961431, 
        "accumulated_operating_revenue": 433296, 
        "long_term_average": 182831, 
        "date": "2013-02-28", 
        "operating_revenue": 186695, 
        "short_term_average": 232240
    }, 
    {
        "accumulated_operating_revenue_yoy": 113.89744929598302, 
        "accumulated_operating_revenue": 679503, 
        "long_term_average": 194852, 
        "date": "2013-03-31", 
        "operating_revenue": 246207, 
        "short_term_average": 226501
    }, 
    {
        "accumulated_operating_revenue_yoy": 99.39909568228153, 
        "accumulated_operating_revenue": 875372, 
        "long_term_average": 201064, 
        "date": "2013-04-30", 
        "operating_revenue": 195869, 
        "short_term_average": 209590
    }, 
    {
        "accumulated_operating_revenue_yoy": 99.49674408934199, 
        "accumulated_operating_revenue": 1170605, 
        "long_term_average": 213352, 
        "date": "2013-05-31", 
        "operating_revenue": 295233, 
        "short_term_average": 245769
    }, 
    {
        "accumulated_operating_revenue_yoy": 93.29774254277243, 
        "accumulated_operating_revenue": 1400504, 
        "long_term_average": 221031, 
        "date": "2013-06-30", 
        "operating_revenue": 229899, 
        "short_term_average": 240333
    }, 
    {
        "accumulated_operating_revenue_yoy": 96.35033671336791, 
        "accumulated_operating_revenue": 1674189, 
        "long_term_average": 233161, 
        "date": "2013-07-31", 
        "operating_revenue": 273685, 
        "short_term_average": 266272
    }, 
    {
        "accumulated_operating_revenue_yoy": 88.27884396274595, 
        "accumulated_operating_revenue": 1925138, 
        "long_term_average": 239920, 
        "date": "2013-08-31", 
        "operating_revenue": 250949, 
        "short_term_average": 251511
    }, 
    {
        "accumulated_operating_revenue_yoy": 75.18493037657318, 
        "accumulated_operating_revenue": 2197504, 
        "long_term_average": 243293, 
        "date": "2013-09-30", 
        "operating_revenue": 272366, 
        "short_term_average": 265666
    }, 
    {
        "accumulated_operating_revenue_yoy": 81.67348854091425, 
        "accumulated_operating_revenue": 2512637, 
        "long_term_average": 258832, 
        "date": "2013-10-31", 
        "operating_revenue": 315133, 
        "short_term_average": 279482
    }, 
    {
        "accumulated_operating_revenue_yoy": 63.967392478249884, 
        "accumulated_operating_revenue": 2808727, 
        "long_term_average": 256012, 
        "date": "2013-11-30", 
        "operating_revenue": 296090, 
        "short_term_average": 294529
    }, 
    {
        "accumulated_operating_revenue_yoy": 54.90150541159875, 
        "accumulated_operating_revenue": 3061478, 
        "long_term_average": 255123, 
        "date": "2013-12-31", 
        "operating_revenue": 252751, 
        "short_term_average": 287991
    }, 
    {
        "accumulated_operating_revenue_yoy": 10.049432078539827, 
        "accumulated_operating_revenue": 271383, 
        "long_term_average": 257188, 
        "date": "2014-01-31", 
        "operating_revenue": 271383, 
        "short_term_average": 273408
    }, 
    {
        "accumulated_operating_revenue_yoy": 18.92470735940327, 
        "accumulated_operating_revenue": 515296, 
        "long_term_average": 261956, 
        "date": "2014-02-28", 
        "operating_revenue": 243913, 
        "short_term_average": 256015
    }, 
    {
        "accumulated_operating_revenue_yoy": 12.844093403561132, 
        "accumulated_operating_revenue": 766779, 
        "long_term_average": 262396, 
        "date": "2014-03-31", 
        "operating_revenue": 251483, 
        "short_term_average": 255593
    }, 
    {
        "accumulated_operating_revenue_yoy": 20.236767911242307, 
        "accumulated_operating_revenue": 1052519, 
        "long_term_average": 269885, 
        "date": "2014-04-30", 
        "operating_revenue": 285740, 
        "short_term_average": 260378
    }, 
    {
        "accumulated_operating_revenue_yoy": 17.07595644986994, 
        "accumulated_operating_revenue": 1370497, 
        "long_term_average": 271780, 
        "date": "2014-05-31", 
        "operating_revenue": 317978, 
        "short_term_average": 285067
    }, 
    {
        "accumulated_operating_revenue_yoy": 33.39304993059641, 
        "accumulated_operating_revenue": 1868175, 
        "long_term_average": 294095, 
        "date": "2014-06-30", 
        "operating_revenue": 497678, 
        "short_term_average": 367132
    }, 
    {
        "accumulated_operating_revenue_yoy": 28.68158851838114, 
        "accumulated_operating_revenue": 2154373, 
        "long_term_average": 295138, 
        "date": "2014-07-31", 
        "operating_revenue": 286198, 
        "short_term_average": 367284
    }, 
    {
        "accumulated_operating_revenue_yoy": 28.204419631216048, 
        "accumulated_operating_revenue": 2468112, 
        "long_term_average": 300371, 
        "date": "2014-08-31", 
        "operating_revenue": 313739, 
        "short_term_average": 365871
    }, 
    {
        "accumulated_operating_revenue_yoy": 28.453645590633737, 
        "accumulated_operating_revenue": 2822774, 
        "long_term_average": 307229, 
        "date": "2014-09-30", 
        "operating_revenue": 354662, 
        "short_term_average": 318199
    }, 
    {
        "accumulated_operating_revenue_yoy": 25.096183810076823, 
        "accumulated_operating_revenue": 3143213, 
        "long_term_average": 307671, 
        "date": "2014-10-31", 
        "operating_revenue": 320439, 
        "short_term_average": 329613
    }, 
    {
        "accumulated_operating_revenue_yoy": 21.936984263689567, 
        "accumulated_operating_revenue": 3424877, 
        "long_term_average": 306469, 
        "date": "2014-11-30", 
        "operating_revenue": 281664, 
        "short_term_average": 318921
    }, 
    {
        "accumulated_operating_revenue_yoy": 20.35889201228949, 
        "accumulated_operating_revenue": 3684761, 
        "long_term_average": 307063, 
        "date": "2014-12-31", 
        "operating_revenue": 259884, 
        "short_term_average": 287329
    }, 
    {
        "accumulated_operating_revenue_yoy": -7.594064477141162, 
        "accumulated_operating_revenue": 250774, 
        "long_term_average": 305346, 
        "date": "2015-01-31", 
        "operating_revenue": 250774, 
        "short_term_average": 264107
    }, 
    {
        "accumulated_operating_revenue_yoy": -1.946842203316152, 
        "accumulated_operating_revenue": 505264, 
        "long_term_average": 306227, 
        "date": "2015-02-28", 
        "operating_revenue": 254490, 
        "short_term_average": 255049
    }, 
    {
        "accumulated_operating_revenue_yoy": 6.585861115132261, 
        "accumulated_operating_revenue": 817278, 
        "long_term_average": 311271, 
        "date": "2015-03-31", 
        "operating_revenue": 312014, 
        "short_term_average": 272426
    }, 
    {
        "accumulated_operating_revenue_yoy": 4.043727476653628, 
        "accumulated_operating_revenue": 1095080, 
        "long_term_average": 310610, 
        "date": "2015-04-30", 
        "operating_revenue": 277802, 
        "short_term_average": 281435
    }, 
    {
        "accumulated_operating_revenue_yoy": -3.337621315478983, 
        "accumulated_operating_revenue": 1324755, 
        "long_term_average": 303251, 
        "date": "2015-05-31", 
        "operating_revenue": 229675, 
        "short_term_average": 273163
    }, 
    {
        "accumulated_operating_revenue_yoy": -21.349927067860346, 
        "accumulated_operating_revenue": 1469321, 
        "long_term_average": 273825, 
        "date": "2015-06-30", 
        "operating_revenue": 144566, 
        "short_term_average": 217347
    }, 
    {
        "accumulated_operating_revenue_yoy": -23.705412201136944, 
        "accumulated_operating_revenue": 1643670, 
        "long_term_average": 264504, 
        "date": "2015-07-31", 
        "operating_revenue": 174349, 
        "short_term_average": 182863
    }, 
    {
        "accumulated_operating_revenue_yoy": -22.6322792482675, 
        "accumulated_operating_revenue": 1909522, 
        "long_term_average": 260514, 
        "date": "2015-08-31", 
        "operating_revenue": 265852, 
        "short_term_average": 194922
    }, 
    {
        "accumulated_operating_revenue_yoy": -21.596096605679378, 
        "accumulated_operating_revenue": 2213165, 
        "long_term_average": 256262, 
        "date": "2015-09-30", 
        "operating_revenue": 303643, 
        "short_term_average": 247948
    }
]