[
    {
        "date": "2012-01-31", 
        "operating_revenue": 75404, 
        "accumulated_operating_revenue": 75404, 
        "long_term_average": 75404, 
        "short_term_average": 75404
    }, 
    {
        "date": "2012-02-29", 
        "operating_revenue": 60247, 
        "accumulated_operating_revenue": 135651, 
        "long_term_average": 67825, 
        "short_term_average": 67825
    }, 
    {
        "date": "2012-03-31", 
        "operating_revenue": 82641, 
        "accumulated_operating_revenue": 218292, 
        "long_term_average": 72764, 
        "short_term_average": 72764
    }, 
    {
        "date": "2012-04-30", 
        "operating_revenue": 81428, 
        "accumulated_operating_revenue": 299720, 
        "long_term_average": 74930, 
        "short_term_average": 74772
    }, 
    {
        "date": "2012-05-31", 
        "operating_revenue": 73295, 
        "accumulated_operating_revenue": 373015, 
        "long_term_average": 74603, 
        "short_term_average": 79121
    }, 
    {
        "date": "2012-06-30", 
        "operating_revenue": 71702, 
        "accumulated_operating_revenue": 444717, 
        "long_term_average": 74119, 
        "short_term_average": 75475
    }, 
    {
        "date": "2012-07-31", 
        "operating_revenue": 81588, 
        "accumulated_operating_revenue": 526305, 
        "long_term_average": 75186, 
        "short_term_average": 75528
    }, 
    {
        "date": "2012-08-31", 
        "operating_revenue": 72487, 
        "accumulated_operating_revenue": 598792, 
        "long_term_average": 74849, 
        "short_term_average": 75259
    }, 
    {
        "date": "2012-09-30", 
        "operating_revenue": 68439, 
        "accumulated_operating_revenue": 667231, 
        "long_term_average": 74136, 
        "short_term_average": 74171
    }, 
    {
        "date": "2012-10-31", 
        "operating_revenue": 91479, 
        "accumulated_operating_revenue": 758710, 
        "long_term_average": 75871, 
        "short_term_average": 77468
    }, 
    {
        "date": "2012-11-30", 
        "operating_revenue": 94292, 
        "accumulated_operating_revenue": 853002, 
        "long_term_average": 77545, 
        "short_term_average": 84736
    }, 
    {
        "date": "2012-12-31", 
        "operating_revenue": 126917, 
        "accumulated_operating_revenue": 979919, 
        "long_term_average": 81659, 
        "short_term_average": 104229
    }, 
    {
        "accumulated_operating_revenue_yoy": 599.1034958357646, 
        "accumulated_operating_revenue": 527152, 
        "long_term_average": 119305, 
        "date": "2013-01-31", 
        "operating_revenue": 527152, 
        "short_term_average": 249453
    }, 
    {
        "accumulated_operating_revenue_yoy": 406.3464331261841, 
        "accumulated_operating_revenue": 686864, 
        "long_term_average": 127594, 
        "date": "2013-02-28", 
        "operating_revenue": 159712, 
        "short_term_average": 271260
    }, 
    {
        "accumulated_operating_revenue_yoy": 398.11536840562184, 
        "accumulated_operating_revenue": 1087346, 
        "long_term_average": 154081, 
        "date": "2013-03-31", 
        "operating_revenue": 400482, 
        "short_term_average": 362448
    }, 
    {
        "accumulated_operating_revenue_yoy": 427.71620178833575, 
        "accumulated_operating_revenue": 1581671, 
        "long_term_average": 188489, 
        "date": "2013-04-30", 
        "operating_revenue": 494325, 
        "short_term_average": 351506
    }, 
    {
        "accumulated_operating_revenue_yoy": 452.49949733924905, 
        "accumulated_operating_revenue": 2060906, 
        "long_term_average": 222317, 
        "date": "2013-05-31", 
        "operating_revenue": 479235, 
        "short_term_average": 458014
    }, 
    {
        "accumulated_operating_revenue_yoy": 476.8486475668796, 
        "accumulated_operating_revenue": 2565344, 
        "long_term_average": 258378, 
        "date": "2013-06-30", 
        "operating_revenue": 504438, 
        "short_term_average": 492666
    }, 
    {
        "accumulated_operating_revenue_yoy": 479.29261549861775, 
        "accumulated_operating_revenue": 3048846, 
        "long_term_average": 291871, 
        "date": "2013-07-31", 
        "operating_revenue": 483502, 
        "short_term_average": 489058
    }, 
    {
        "accumulated_operating_revenue_yoy": 487.7219468529974, 
        "accumulated_operating_revenue": 3519232, 
        "long_term_average": 325029, 
        "date": "2013-08-31", 
        "operating_revenue": 470386, 
        "short_term_average": 486108
    }, 
    {
        "accumulated_operating_revenue_yoy": 496.9484331513374, 
        "accumulated_operating_revenue": 3983025, 
        "long_term_average": 357976, 
        "date": "2013-09-30", 
        "operating_revenue": 463793, 
        "short_term_average": 472560
    }, 
    {
        "accumulated_operating_revenue_yoy": 488.1285339589566, 
        "accumulated_operating_revenue": 4462190, 
        "long_term_average": 390283, 
        "date": "2013-10-31", 
        "operating_revenue": 479165, 
        "short_term_average": 471114
    }, 
    {
        "accumulated_operating_revenue_yoy": 476.38317377919395, 
        "accumulated_operating_revenue": 4916560, 
        "long_term_average": 420289, 
        "date": "2013-11-30", 
        "operating_revenue": 454370, 
        "short_term_average": 465776
    }, 
    {
        "accumulated_operating_revenue_yoy": 451.7615231463009, 
        "accumulated_operating_revenue": 5406816, 
        "long_term_average": 450568, 
        "date": "2013-12-31", 
        "operating_revenue": 490256, 
        "short_term_average": 474597
    }, 
    {
        "accumulated_operating_revenue_yoy": -14.428096640058275, 
        "accumulated_operating_revenue": 451094, 
        "long_term_average": 444229, 
        "date": "2014-01-31", 
        "operating_revenue": 451094, 
        "short_term_average": 465240
    }, 
    {
        "accumulated_operating_revenue_yoy": -5.020207784947239, 
        "accumulated_operating_revenue": 652382, 
        "long_term_average": 447694, 
        "date": "2014-02-28", 
        "operating_revenue": 201288, 
        "short_term_average": 380879
    }, 
    {
        "accumulated_operating_revenue_yoy": -0.7745464645108365, 
        "accumulated_operating_revenue": 1078924, 
        "long_term_average": 449866, 
        "date": "2014-03-31", 
        "operating_revenue": 426542, 
        "short_term_average": 359641
    }, 
    {
        "accumulated_operating_revenue_yoy": 5.7393731060378546, 
        "accumulated_operating_revenue": 1672449, 
        "long_term_average": 458132, 
        "date": "2014-04-30", 
        "operating_revenue": 593525, 
        "short_term_average": 407118
    }, 
    {
        "accumulated_operating_revenue_yoy": 7.457787982566891, 
        "accumulated_operating_revenue": 2214604, 
        "long_term_average": 463376, 
        "date": "2014-05-31", 
        "operating_revenue": 542155, 
        "short_term_average": 520740
    }, 
    {
        "accumulated_operating_revenue_yoy": 7.295902615789538, 
        "accumulated_operating_revenue": 2752509, 
        "long_term_average": 466165, 
        "date": "2014-06-30", 
        "operating_revenue": 537905, 
        "short_term_average": 557861
    }, 
    {
        "accumulated_operating_revenue_yoy": 7.8324716958481995, 
        "accumulated_operating_revenue": 3287646, 
        "long_term_average": 470468, 
        "date": "2014-07-31", 
        "operating_revenue": 535137, 
        "short_term_average": 538399
    }, 
    {
        "accumulated_operating_revenue_yoy": 7.14616143522223, 
        "accumulated_operating_revenue": 3770722, 
        "long_term_average": 471525, 
        "date": "2014-08-31", 
        "operating_revenue": 483076, 
        "short_term_average": 518706
    }, 
    {
        "accumulated_operating_revenue_yoy": 6.168427263198197, 
        "accumulated_operating_revenue": 4228715, 
        "long_term_average": 471042, 
        "date": "2014-09-30", 
        "operating_revenue": 457993, 
        "short_term_average": 492068
    }, 
    {
        "accumulated_operating_revenue_yoy": 6.497683872717208, 
        "accumulated_operating_revenue": 4752129, 
        "long_term_average": 474729, 
        "date": "2014-10-31", 
        "operating_revenue": 523414, 
        "short_term_average": 488161
    }, 
    {
        "accumulated_operating_revenue_yoy": 6.42870218201344, 
        "accumulated_operating_revenue": 5232631, 
        "long_term_average": 476907, 
        "date": "2014-11-30", 
        "operating_revenue": 480502, 
        "short_term_average": 487303
    }, 
    {
        "accumulated_operating_revenue_yoy": 5.110327408959358, 
        "accumulated_operating_revenue": 5683122, 
        "long_term_average": 473593, 
        "date": "2014-12-31", 
        "operating_revenue": 450491, 
        "short_term_average": 484802
    }, 
    {
        "accumulated_operating_revenue_yoy": 9.782218340301577, 
        "accumulated_operating_revenue": 495221, 
        "long_term_average": 477270, 
        "date": "2015-01-31", 
        "operating_revenue": 495221, 
        "short_term_average": 475404
    }, 
    {
        "accumulated_operating_revenue_yoy": 30.578403450738982, 
        "accumulated_operating_revenue": 851870, 
        "long_term_average": 490217, 
        "date": "2015-02-28", 
        "operating_revenue": 356649, 
        "short_term_average": 434120
    }, 
    {
        "accumulated_operating_revenue_yoy": 16.336368455980217, 
        "accumulated_operating_revenue": 1255181, 
        "long_term_average": 488281, 
        "date": "2015-03-31", 
        "operating_revenue": 403311, 
        "short_term_average": 418393
    }, 
    {
        "accumulated_operating_revenue_yoy": 9.894113363098068, 
        "accumulated_operating_revenue": 1837923, 
        "long_term_average": 487383, 
        "date": "2015-04-30", 
        "operating_revenue": 582742, 
        "short_term_average": 447567
    }, 
    {
        "accumulated_operating_revenue_yoy": 7.394549996297306, 
        "accumulated_operating_revenue": 2378364, 
        "long_term_average": 487240, 
        "date": "2015-05-31", 
        "operating_revenue": 540441, 
        "short_term_average": 508831
    }, 
    {
        "accumulated_operating_revenue_yoy": 5.5211808571743095, 
        "accumulated_operating_revenue": 2904480, 
        "long_term_average": 486257, 
        "date": "2015-06-30", 
        "operating_revenue": 526116, 
        "short_term_average": 549766
    }, 
    {
        "accumulated_operating_revenue_yoy": 3.6296486908870356, 
        "accumulated_operating_revenue": 3406976, 
        "long_term_average": 483537, 
        "date": "2015-07-31", 
        "operating_revenue": 502496, 
        "short_term_average": 523017
    }, 
    {
        "accumulated_operating_revenue_yoy": 4.2953312389510545, 
        "accumulated_operating_revenue": 3932687, 
        "long_term_average": 487090, 
        "date": "2015-08-31", 
        "operating_revenue": 525711, 
        "short_term_average": 518107
    }
]