[
    {
        "date": "2012-01-31", 
        "operating_revenue": 81783, 
        "accumulated_operating_revenue": 81783, 
        "long_term_average": 81783, 
        "short_term_average": 81783
    }, 
    {
        "date": "2012-02-29", 
        "operating_revenue": 69582, 
        "accumulated_operating_revenue": 151365, 
        "long_term_average": 75682, 
        "short_term_average": 75682
    }, 
    {
        "date": "2012-03-31", 
        "operating_revenue": 66139, 
        "accumulated_operating_revenue": 217504, 
        "long_term_average": 72501, 
        "short_term_average": 72501
    }, 
    {
        "date": "2012-04-30", 
        "operating_revenue": 70742, 
        "accumulated_operating_revenue": 288246, 
        "long_term_average": 72061, 
        "short_term_average": 68821
    }, 
    {
        "date": "2012-05-31", 
        "operating_revenue": 73324, 
        "accumulated_operating_revenue": 361570, 
        "long_term_average": 72314, 
        "short_term_average": 70068
    }, 
    {
        "date": "2012-06-30", 
        "operating_revenue": 75257, 
        "accumulated_operating_revenue": 436827, 
        "long_term_average": 72804, 
        "short_term_average": 73107
    }, 
    {
        "date": "2012-07-31", 
        "operating_revenue": 82662, 
        "accumulated_operating_revenue": 519489, 
        "long_term_average": 74212, 
        "short_term_average": 77081
    }, 
    {
        "date": "2012-08-31", 
        "operating_revenue": 70143, 
        "accumulated_operating_revenue": 589632, 
        "long_term_average": 73704, 
        "short_term_average": 76020
    }, 
    {
        "date": "2012-09-30", 
        "operating_revenue": 71255, 
        "accumulated_operating_revenue": 660887, 
        "long_term_average": 73431, 
        "short_term_average": 74686
    }, 
    {
        "date": "2012-10-31", 
        "operating_revenue": 62008, 
        "accumulated_operating_revenue": 722895, 
        "long_term_average": 72289, 
        "short_term_average": 67802
    }, 
    {
        "date": "2012-11-30", 
        "operating_revenue": 63478, 
        "accumulated_operating_revenue": 786373, 
        "long_term_average": 71488, 
        "short_term_average": 65580
    }, 
    {
        "date": "2012-12-31", 
        "operating_revenue": 65764, 
        "accumulated_operating_revenue": 852137, 
        "long_term_average": 71011, 
        "short_term_average": 63750
    }, 
    {
        "accumulated_operating_revenue_yoy": 0.2041989166452686, 
        "accumulated_operating_revenue": 81950, 
        "long_term_average": 71025, 
        "date": "2013-01-31", 
        "operating_revenue": 81950, 
        "short_term_average": 70397
    }, 
    {
        "accumulated_operating_revenue_yoy": -11.654609718230766, 
        "accumulated_operating_revenue": 133724, 
        "long_term_average": 69541, 
        "date": "2013-02-28", 
        "operating_revenue": 51774, 
        "short_term_average": 66496
    }, 
    {
        "accumulated_operating_revenue_yoy": -14.336747829924967, 
        "accumulated_operating_revenue": 186321, 
        "long_term_average": 68412, 
        "date": "2013-03-31", 
        "operating_revenue": 52597, 
        "short_term_average": 62107
    }, 
    {
        "accumulated_operating_revenue_yoy": -17.055223663121083, 
        "accumulated_operating_revenue": 239085, 
        "long_term_average": 66914, 
        "date": "2013-04-30", 
        "operating_revenue": 52764, 
        "short_term_average": 52378
    }, 
    {
        "accumulated_operating_revenue_yoy": -21.702298310147413, 
        "accumulated_operating_revenue": 283101, 
        "long_term_average": 64472, 
        "date": "2013-05-31", 
        "operating_revenue": 44016, 
        "short_term_average": 49792
    }, 
    {
        "accumulated_operating_revenue_yoy": -25.40548088831505, 
        "accumulated_operating_revenue": 325849, 
        "long_term_average": 61763, 
        "date": "2013-06-30", 
        "operating_revenue": 42748, 
        "short_term_average": 46509
    }, 
    {
        "accumulated_operating_revenue_yoy": -26.899318368627632, 
        "accumulated_operating_revenue": 379750, 
        "long_term_average": 59366, 
        "date": "2013-07-31", 
        "operating_revenue": 53901, 
        "short_term_average": 46888
    }, 
    {
        "accumulated_operating_revenue_yoy": -26.523153424508845, 
        "accumulated_operating_revenue": 433243, 
        "long_term_average": 57979, 
        "date": "2013-08-31", 
        "operating_revenue": 53493, 
        "short_term_average": 50047
    }, 
    {
        "accumulated_operating_revenue_yoy": -26.00626128218591, 
        "accumulated_operating_revenue": 489015, 
        "long_term_average": 56688, 
        "date": "2013-09-30", 
        "operating_revenue": 55772, 
        "short_term_average": 54388
    }, 
    {
        "accumulated_operating_revenue_yoy": -25.08414085033096, 
        "accumulated_operating_revenue": 541563, 
        "long_term_average": 55900, 
        "date": "2013-10-31", 
        "operating_revenue": 52548, 
        "short_term_average": 53937
    }, 
    {
        "accumulated_operating_revenue_yoy": -24.37075026736676, 
        "accumulated_operating_revenue": 594728, 
        "long_term_average": 55041, 
        "date": "2013-11-30", 
        "operating_revenue": 53165, 
        "short_term_average": 53828
    }, 
    {
        "accumulated_operating_revenue_yoy": -20.4722949478781, 
        "accumulated_operating_revenue": 677685, 
        "long_term_average": 56473, 
        "date": "2013-12-31", 
        "operating_revenue": 82957, 
        "short_term_average": 62890
    }, 
    {
        "accumulated_operating_revenue_yoy": -9.214154972544234, 
        "accumulated_operating_revenue": 74399, 
        "long_term_average": 55844, 
        "date": "2014-01-31", 
        "operating_revenue": 74399, 
        "short_term_average": 70173
    }, 
    {
        "accumulated_operating_revenue_yoy": -7.501271275163771, 
        "accumulated_operating_revenue": 123693, 
        "long_term_average": 55637, 
        "date": "2014-02-28", 
        "operating_revenue": 49294, 
        "short_term_average": 68883
    }, 
    {
        "accumulated_operating_revenue_yoy": -5.276914572163094, 
        "accumulated_operating_revenue": 176489, 
        "long_term_average": 55654, 
        "date": "2014-03-31", 
        "operating_revenue": 52796, 
        "short_term_average": 58829
    }, 
    {
        "accumulated_operating_revenue_yoy": -0.33670033670033667, 
        "accumulated_operating_revenue": 238280, 
        "long_term_average": 56406, 
        "date": "2014-04-30", 
        "operating_revenue": 61791, 
        "short_term_average": 54627
    }, 
    {
        "accumulated_operating_revenue_yoy": 4.862575547242857, 
        "accumulated_operating_revenue": 296867, 
        "long_term_average": 57620, 
        "date": "2014-05-31", 
        "operating_revenue": 58587, 
        "short_term_average": 57724
    }, 
    {
        "accumulated_operating_revenue_yoy": 7.5817326430340435, 
        "accumulated_operating_revenue": 350554, 
        "long_term_average": 58532, 
        "date": "2014-06-30", 
        "operating_revenue": 53687, 
        "short_term_average": 58021
    }, 
    {
        "accumulated_operating_revenue_yoy": 6.562738643844634, 
        "accumulated_operating_revenue": 404672, 
        "long_term_average": 58550, 
        "date": "2014-07-31", 
        "operating_revenue": 54118, 
        "short_term_average": 55464
    }, 
    {
        "accumulated_operating_revenue_yoy": 10.54881440669555, 
        "accumulated_operating_revenue": 478945, 
        "long_term_average": 60282, 
        "date": "2014-08-31", 
        "operating_revenue": 74273, 
        "short_term_average": 60692
    }, 
    {
        "accumulated_operating_revenue_yoy": 9.647556823410325, 
        "accumulated_operating_revenue": 536193, 
        "long_term_average": 60405, 
        "date": "2014-09-30", 
        "operating_revenue": 57248, 
        "short_term_average": 61879
    }, 
    {
        "accumulated_operating_revenue_yoy": 8.745981538620622, 
        "accumulated_operating_revenue": 588928, 
        "long_term_average": 60420, 
        "date": "2014-10-31", 
        "operating_revenue": 52735, 
        "short_term_average": 61418
    }, 
    {
        "accumulated_operating_revenue_yoy": 7.631387794084018, 
        "accumulated_operating_revenue": 640114, 
        "long_term_average": 60255, 
        "date": "2014-11-30", 
        "operating_revenue": 51186, 
        "short_term_average": 53723
    }, 
    {
        "accumulated_operating_revenue_yoy": 3.734921091657629, 
        "accumulated_operating_revenue": 702996, 
        "long_term_average": 58583, 
        "date": "2014-12-31", 
        "operating_revenue": 62882, 
        "short_term_average": 55601
    }, 
    {
        "accumulated_operating_revenue_yoy": -44.35946719713974, 
        "accumulated_operating_revenue": 41396, 
        "long_term_average": 55832, 
        "date": "2015-01-31", 
        "operating_revenue": 41396, 
        "short_term_average": 51821
    }, 
    {
        "accumulated_operating_revenue_yoy": -35.91876662381865, 
        "accumulated_operating_revenue": 79264, 
        "long_term_average": 54880, 
        "date": "2015-02-28", 
        "operating_revenue": 37868, 
        "short_term_average": 47382
    }, 
    {
        "accumulated_operating_revenue_yoy": -33.2887602060185, 
        "accumulated_operating_revenue": 117738, 
        "long_term_average": 53687, 
        "date": "2015-03-31", 
        "operating_revenue": 38474, 
        "short_term_average": 39246
    }, 
    {
        "accumulated_operating_revenue_yoy": -32.642689273124056, 
        "accumulated_operating_revenue": 160499, 
        "long_term_average": 52101, 
        "date": "2015-04-30", 
        "operating_revenue": 42761, 
        "short_term_average": 39701
    }, 
    {
        "accumulated_operating_revenue_yoy": -34.31974587946791, 
        "accumulated_operating_revenue": 194983, 
        "long_term_average": 50092, 
        "date": "2015-05-31", 
        "operating_revenue": 34484, 
        "short_term_average": 38573
    }, 
    {
        "accumulated_operating_revenue_yoy": -32.3459438488792, 
        "accumulated_operating_revenue": 237164, 
        "long_term_average": 49133, 
        "date": "2015-06-30", 
        "operating_revenue": 42181, 
        "short_term_average": 39808
    }, 
    {
        "accumulated_operating_revenue_yoy": -31.643652142970108, 
        "accumulated_operating_revenue": 276619, 
        "long_term_average": 47911, 
        "date": "2015-07-31", 
        "operating_revenue": 39455, 
        "short_term_average": 38706
    }, 
    {
        "accumulated_operating_revenue_yoy": -32.465105596676025, 
        "accumulated_operating_revenue": 323455, 
        "long_term_average": 45625, 
        "date": "2015-08-31", 
        "operating_revenue": 46836, 
        "short_term_average": 42824
    }, 
    {
        "accumulated_operating_revenue_yoy": -30.22400516232028, 
        "accumulated_operating_revenue": 374134, 
        "long_term_average": 45078, 
        "date": "2015-09-30", 
        "operating_revenue": 50679, 
        "short_term_average": 45656
    }
]