[
    {
        "date": "2012-01-31", 
        "operating_revenue": 76842, 
        "accumulated_operating_revenue": 76842, 
        "long_term_average": 76842, 
        "short_term_average": 76842
    }, 
    {
        "date": "2012-02-29", 
        "operating_revenue": 95475, 
        "accumulated_operating_revenue": 172317, 
        "long_term_average": 86158, 
        "short_term_average": 86158
    }, 
    {
        "date": "2012-03-31", 
        "operating_revenue": 126260, 
        "accumulated_operating_revenue": 298577, 
        "long_term_average": 99525, 
        "short_term_average": 99525
    }, 
    {
        "date": "2012-04-30", 
        "operating_revenue": 66523, 
        "accumulated_operating_revenue": 365100, 
        "long_term_average": 91275, 
        "short_term_average": 96086
    }, 
    {
        "date": "2012-05-31", 
        "operating_revenue": 119192, 
        "accumulated_operating_revenue": 484292, 
        "long_term_average": 96858, 
        "short_term_average": 103991
    }, 
    {
        "date": "2012-06-30", 
        "operating_revenue": 85810, 
        "accumulated_operating_revenue": 570102, 
        "long_term_average": 95017, 
        "short_term_average": 90508
    }, 
    {
        "date": "2012-07-31", 
        "operating_revenue": 91626, 
        "accumulated_operating_revenue": 661728, 
        "long_term_average": 94532, 
        "short_term_average": 98876
    }, 
    {
        "date": "2012-08-31", 
        "operating_revenue": 97942, 
        "accumulated_operating_revenue": 759670, 
        "long_term_average": 94958, 
        "short_term_average": 91792
    }, 
    {
        "date": "2012-09-30", 
        "operating_revenue": 106820, 
        "accumulated_operating_revenue": 866490, 
        "long_term_average": 96276, 
        "short_term_average": 98796
    }, 
    {
        "date": "2012-10-31", 
        "operating_revenue": 111549, 
        "accumulated_operating_revenue": 978039, 
        "long_term_average": 97803, 
        "short_term_average": 105437
    }, 
    {
        "date": "2012-11-30", 
        "operating_revenue": 95004, 
        "accumulated_operating_revenue": 1073043, 
        "long_term_average": 97549, 
        "short_term_average": 104457
    }, 
    {
        "date": "2012-12-31", 
        "operating_revenue": 61052, 
        "accumulated_operating_revenue": 1134095, 
        "long_term_average": 94507, 
        "short_term_average": 89201
    }, 
    {
        "accumulated_operating_revenue_yoy": 52.15377007365763, 
        "accumulated_operating_revenue": 116918, 
        "long_term_average": 97847, 
        "date": "2013-01-31", 
        "operating_revenue": 116918, 
        "short_term_average": 90991
    }, 
    {
        "accumulated_operating_revenue_yoy": 4.475472530278498, 
        "accumulated_operating_revenue": 180029, 
        "long_term_average": 95150, 
        "date": "2013-02-28", 
        "operating_revenue": 63111, 
        "short_term_average": 80360
    }, 
    {
        "accumulated_operating_revenue_yoy": -13.949165541887018, 
        "accumulated_operating_revenue": 256928, 
        "long_term_average": 91037, 
        "date": "2013-03-31", 
        "operating_revenue": 76899, 
        "short_term_average": 85642
    }, 
    {
        "accumulated_operating_revenue_yoy": -5.523966036702274, 
        "accumulated_operating_revenue": 344932, 
        "long_term_average": 92827, 
        "date": "2013-04-30", 
        "operating_revenue": 88004, 
        "short_term_average": 76004
    }, 
    {
        "accumulated_operating_revenue_yoy": -10.919032319344527, 
        "accumulated_operating_revenue": 431412, 
        "long_term_average": 90101, 
        "date": "2013-05-31", 
        "operating_revenue": 86480, 
        "short_term_average": 83794
    }, 
    {
        "accumulated_operating_revenue_yoy": -5.618468274098319, 
        "accumulated_operating_revenue": 538071, 
        "long_term_average": 91838, 
        "date": "2013-06-30", 
        "operating_revenue": 106659, 
        "short_term_average": 93714
    }, 
    {
        "accumulated_operating_revenue_yoy": -1.1409521737027903, 
        "accumulated_operating_revenue": 654178, 
        "long_term_average": 93878, 
        "date": "2013-07-31", 
        "operating_revenue": 116107, 
        "short_term_average": 103082
    }, 
    {
        "accumulated_operating_revenue_yoy": 1.8635723406215856, 
        "accumulated_operating_revenue": 773827, 
        "long_term_average": 95687, 
        "date": "2013-08-31", 
        "operating_revenue": 119649, 
        "short_term_average": 114138
    }, 
    {
        "accumulated_operating_revenue_yoy": 0.25228219598610485, 
        "accumulated_operating_revenue": 868676, 
        "long_term_average": 94690, 
        "date": "2013-09-30", 
        "operating_revenue": 94849, 
        "short_term_average": 110201
    }, 
    {
        "accumulated_operating_revenue_yoy": 1.4300043249809058, 
        "accumulated_operating_revenue": 992025, 
        "long_term_average": 95673, 
        "date": "2013-10-31", 
        "operating_revenue": 123349, 
        "short_term_average": 112615
    }, 
    {
        "accumulated_operating_revenue_yoy": 4.622368348705503, 
        "accumulated_operating_revenue": 1122643, 
        "long_term_average": 98641, 
        "date": "2013-11-30", 
        "operating_revenue": 130618, 
        "short_term_average": 116272
    }, 
    {
        "accumulated_operating_revenue_yoy": 9.311036553375159, 
        "accumulated_operating_revenue": 1239691, 
        "long_term_average": 103307, 
        "date": "2013-12-31", 
        "operating_revenue": 117048, 
        "short_term_average": 123671
    }, 
    {
        "accumulated_operating_revenue_yoy": 15.115722130039858, 
        "accumulated_operating_revenue": 134591, 
        "long_term_average": 104780, 
        "date": "2014-01-31", 
        "operating_revenue": 134591, 
        "short_term_average": 127419
    }, 
    {
        "accumulated_operating_revenue_yoy": 31.184975753906315, 
        "accumulated_operating_revenue": 236171, 
        "long_term_average": 107986, 
        "date": "2014-02-28", 
        "operating_revenue": 101580, 
        "short_term_average": 117739
    }, 
    {
        "accumulated_operating_revenue_yoy": 41.38630277743181, 
        "accumulated_operating_revenue": 363261, 
        "long_term_average": 112168, 
        "date": "2014-03-31", 
        "operating_revenue": 127090, 
        "short_term_average": 121087
    }, 
    {
        "accumulated_operating_revenue_yoy": 59.587107023993134, 
        "accumulated_operating_revenue": 550467, 
        "long_term_average": 120435, 
        "date": "2014-04-30", 
        "operating_revenue": 187206, 
        "short_term_average": 138625
    }, 
    {
        "accumulated_operating_revenue_yoy": 65.37996161441963, 
        "accumulated_operating_revenue": 713469, 
        "long_term_average": 126812, 
        "date": "2014-05-31", 
        "operating_revenue": 163002, 
        "short_term_average": 159099
    }, 
    {
        "accumulated_operating_revenue_yoy": 55.7034294730621, 
        "accumulated_operating_revenue": 837795, 
        "long_term_average": 128284, 
        "date": "2014-06-30", 
        "operating_revenue": 124326, 
        "short_term_average": 158178
    }, 
    {
        "accumulated_operating_revenue_yoy": 49.78308656053857, 
        "accumulated_operating_revenue": 979848, 
        "long_term_average": 130446, 
        "date": "2014-07-31", 
        "operating_revenue": 142053, 
        "short_term_average": 143127
    }, 
    {
        "accumulated_operating_revenue_yoy": 44.56680886037835, 
        "accumulated_operating_revenue": 1118697, 
        "long_term_average": 132046, 
        "date": "2014-08-31", 
        "operating_revenue": 138849, 
        "short_term_average": 135076
    }, 
    {
        "accumulated_operating_revenue_yoy": 45.47518292205609, 
        "accumulated_operating_revenue": 1263708, 
        "long_term_average": 136226, 
        "date": "2014-09-30", 
        "operating_revenue": 145011, 
        "short_term_average": 141971
    }, 
    {
        "accumulated_operating_revenue_yoy": 37.99027242257, 
        "accumulated_operating_revenue": 1368898, 
        "long_term_average": 134713, 
        "date": "2014-10-31", 
        "operating_revenue": 105190, 
        "short_term_average": 129683
    }, 
    {
        "accumulated_operating_revenue_yoy": 29.542873380050473, 
        "accumulated_operating_revenue": 1454304, 
        "long_term_average": 130946, 
        "date": "2014-11-30", 
        "operating_revenue": 85406, 
        "short_term_average": 111869
    }, 
    {
        "accumulated_operating_revenue_yoy": 28.0114964132191, 
        "accumulated_operating_revenue": 1586947, 
        "long_term_average": 132245, 
        "date": "2014-12-31", 
        "operating_revenue": 132643, 
        "short_term_average": 107746
    }, 
    {
        "accumulated_operating_revenue_yoy": 13.561085065123224, 
        "accumulated_operating_revenue": 152843, 
        "long_term_average": 133766, 
        "date": "2015-01-31", 
        "operating_revenue": 152843, 
        "short_term_average": 123630
    }, 
    {
        "accumulated_operating_revenue_yoy": -2.2729293605057355, 
        "accumulated_operating_revenue": 230803, 
        "long_term_average": 131798, 
        "date": "2015-02-28", 
        "operating_revenue": 77960, 
        "short_term_average": 121148
    }, 
    {
        "accumulated_operating_revenue_yoy": 8.756513911485131, 
        "accumulated_operating_revenue": 395070, 
        "long_term_average": 134896, 
        "date": "2015-03-31", 
        "operating_revenue": 164267, 
        "short_term_average": 131690
    }, 
    {
        "accumulated_operating_revenue_yoy": -11.758379703052135, 
        "accumulated_operating_revenue": 485741, 
        "long_term_average": 126851, 
        "date": "2015-04-30", 
        "operating_revenue": 90671, 
        "short_term_average": 110966
    }, 
    {
        "accumulated_operating_revenue_yoy": -5.613138062060159, 
        "accumulated_operating_revenue": 673421, 
        "long_term_average": 128908, 
        "date": "2015-05-31", 
        "operating_revenue": 187680, 
        "short_term_average": 147539
    }, 
    {
        "accumulated_operating_revenue_yoy": -7.8784189449686375, 
        "accumulated_operating_revenue": 771790, 
        "long_term_average": 126745, 
        "date": "2015-06-30", 
        "operating_revenue": 98369, 
        "short_term_average": 125573
    }, 
    {
        "accumulated_operating_revenue_yoy": -5.615666919767148, 
        "accumulated_operating_revenue": 924823, 
        "long_term_average": 127660, 
        "date": "2015-07-31", 
        "operating_revenue": 153033, 
        "short_term_average": 146360
    }, 
    {
        "accumulated_operating_revenue_yoy": -6.994565999551264, 
        "accumulated_operating_revenue": 1040449, 
        "long_term_average": 125724, 
        "date": "2015-08-31", 
        "operating_revenue": 115626, 
        "short_term_average": 122342
    }, 
    {
        "accumulated_operating_revenue_yoy": -7.580944332076714, 
        "accumulated_operating_revenue": 1167907, 
        "long_term_average": 124262, 
        "date": "2015-09-30", 
        "operating_revenue": 127458, 
        "short_term_average": 132039
    }
]