[
    {
        "date": "2011-09-30", 
        "operating_revenue": 4604133, 
        "accumulated_operating_revenue": 4604133, 
        "long_term_average": 4604133, 
        "short_term_average": 4604133
    }, 
    {
        "date": "2011-10-31", 
        "operating_revenue": 5329455, 
        "accumulated_operating_revenue": 9933588, 
        "long_term_average": 4966794, 
        "short_term_average": 4966794
    }, 
    {
        "date": "2011-11-30", 
        "operating_revenue": 3565558, 
        "accumulated_operating_revenue": 13499146, 
        "long_term_average": 4499715, 
        "short_term_average": 4499715
    }, 
    {
        "date": "2011-12-31", 
        "operating_revenue": 1591772, 
        "accumulated_operating_revenue": 15090918, 
        "long_term_average": 3772729, 
        "short_term_average": 3495595
    }, 
    {
        "date": "2012-01-31", 
        "operating_revenue": 1415436, 
        "accumulated_operating_revenue": 1415436, 
        "long_term_average": 3301270, 
        "short_term_average": 2190922
    }, 
    {
        "date": "2012-02-29", 
        "operating_revenue": 1073295, 
        "accumulated_operating_revenue": 2488731, 
        "long_term_average": 2929941, 
        "short_term_average": 1360167
    }, 
    {
        "date": "2012-03-31", 
        "operating_revenue": 1347707, 
        "accumulated_operating_revenue": 3836438, 
        "long_term_average": 2703908, 
        "short_term_average": 1278812
    }, 
    {
        "date": "2012-04-30", 
        "operating_revenue": 1305153, 
        "accumulated_operating_revenue": 5141591, 
        "long_term_average": 2529063, 
        "short_term_average": 1242051
    }, 
    {
        "date": "2012-05-31", 
        "operating_revenue": 1649289, 
        "accumulated_operating_revenue": 6790880, 
        "long_term_average": 2431310, 
        "short_term_average": 1434049
    }, 
    {
        "date": "2012-06-30", 
        "operating_revenue": 1523331, 
        "accumulated_operating_revenue": 8314211, 
        "long_term_average": 2340512, 
        "short_term_average": 1492591
    }, 
    {
        "date": "2012-07-31", 
        "operating_revenue": 1816883, 
        "accumulated_operating_revenue": 10131094, 
        "long_term_average": 2292910, 
        "short_term_average": 1663167
    }, 
    {
        "date": "2012-08-31", 
        "operating_revenue": 2555779, 
        "accumulated_operating_revenue": 12686873, 
        "long_term_average": 2314815, 
        "short_term_average": 1965331
    }, 
    {
        "accumulated_operating_revenue_yoy": 245.53400173279095, 
        "accumulated_operating_revenue": 15908845, 
        "long_term_average": 2199635, 
        "date": "2012-09-30", 
        "operating_revenue": 3221972, 
        "short_term_average": 2531544
    }, 
    {
        "accumulated_operating_revenue_yoy": 91.65019729024397, 
        "accumulated_operating_revenue": 19037741, 
        "long_term_average": 2016255, 
        "date": "2012-10-31", 
        "operating_revenue": 3128896, 
        "short_term_average": 2968882
    }, 
    {
        "accumulated_operating_revenue_yoy": 69.2952576407426, 
        "accumulated_operating_revenue": 22853414, 
        "long_term_average": 2037098, 
        "date": "2012-11-30", 
        "operating_revenue": 3815673, 
        "short_term_average": 3388847
    }, 
    {
        "accumulated_operating_revenue_yoy": 76.95929432523589, 
        "accumulated_operating_revenue": 26704782, 
        "long_term_average": 2225398, 
        "date": "2012-12-31", 
        "operating_revenue": 3851368, 
        "short_term_average": 3598645
    }, 
    {
        "accumulated_operating_revenue_yoy": 81.70245775859877, 
        "accumulated_operating_revenue": 2571882, 
        "long_term_average": 2321769, 
        "date": "2013-01-31", 
        "operating_revenue": 2571882, 
        "short_term_average": 3412974
    }, 
    {
        "accumulated_operating_revenue_yoy": 60.8354619281875, 
        "accumulated_operating_revenue": 4002762, 
        "long_term_average": 2351567, 
        "date": "2013-02-28", 
        "operating_revenue": 1430880, 
        "short_term_average": 2618043
    }, 
    {
        "accumulated_operating_revenue_yoy": 40.181830124714644, 
        "accumulated_operating_revenue": 5377989, 
        "long_term_average": 2353861, 
        "date": "2013-03-31", 
        "operating_revenue": 1375227, 
        "short_term_average": 1792663
    }, 
    {
        "accumulated_operating_revenue_yoy": 25.805883820786214, 
        "accumulated_operating_revenue": 6468424, 
        "long_term_average": 2335967, 
        "date": "2013-04-30", 
        "operating_revenue": 1090435, 
        "short_term_average": 1298847
    }, 
    {
        "accumulated_operating_revenue_yoy": 7.864179605588671, 
        "accumulated_operating_revenue": 7324927, 
        "long_term_average": 2269902, 
        "date": "2013-05-31", 
        "operating_revenue": 856503, 
        "short_term_average": 1107388
    }, 
    {
        "accumulated_operating_revenue_yoy": -0.09353864124930195, 
        "accumulated_operating_revenue": 8306434, 
        "long_term_average": 2224750, 
        "date": "2013-06-30", 
        "operating_revenue": 981507, 
        "short_term_average": 976148
    }, 
    {
        "accumulated_operating_revenue_yoy": -8.323523599721806, 
        "accumulated_operating_revenue": 9287830, 
        "long_term_average": 2155126, 
        "date": "2013-07-31", 
        "operating_revenue": 981396, 
        "short_term_average": 939802
    }, 
    {
        "accumulated_operating_revenue_yoy": -14.711402880757142, 
        "accumulated_operating_revenue": 10820456, 
        "long_term_average": 2069863, 
        "date": "2013-08-31", 
        "operating_revenue": 1532626, 
        "short_term_average": 1165176
    }, 
    {
        "accumulated_operating_revenue_yoy": -18.041341153301826, 
        "accumulated_operating_revenue": 13038676, 
        "long_term_average": 1986217, 
        "date": "2013-09-30", 
        "operating_revenue": 2218220, 
        "short_term_average": 1577414
    }, 
    {
        "accumulated_operating_revenue_yoy": -20.857653226819295, 
        "accumulated_operating_revenue": 15066915, 
        "long_term_average": 1894496, 
        "date": "2013-10-31", 
        "operating_revenue": 2028239, 
        "short_term_average": 1926361
    }, 
    {
        "accumulated_operating_revenue_yoy": -24.13814846219475, 
        "accumulated_operating_revenue": 17337023, 
        "long_term_average": 1765699, 
        "date": "2013-11-30", 
        "operating_revenue": 2270108, 
        "short_term_average": 2172189
    }, 
    {
        "accumulated_operating_revenue_yoy": -29.206952522585656, 
        "accumulated_operating_revenue": 18905129, 
        "long_term_average": 1575427, 
        "date": "2013-12-31", 
        "operating_revenue": 1568106, 
        "short_term_average": 1955484
    }, 
    {
        "accumulated_operating_revenue_yoy": -64.47383666902292, 
        "accumulated_operating_revenue": 913691, 
        "long_term_average": 1437244, 
        "date": "2014-01-31", 
        "operating_revenue": 913691, 
        "short_term_average": 1583968
    }, 
    {
        "accumulated_operating_revenue_yoy": -55.21417461243012, 
        "accumulated_operating_revenue": 1792670, 
        "long_term_average": 1391253, 
        "date": "2014-02-28", 
        "operating_revenue": 878979, 
        "short_term_average": 1120258
    }, 
    {
        "accumulated_operating_revenue_yoy": -44.926923428069486, 
        "accumulated_operating_revenue": 2961824, 
        "long_term_average": 1374080, 
        "date": "2014-03-31", 
        "operating_revenue": 1169154, 
        "short_term_average": 987274
    }, 
    {
        "accumulated_operating_revenue_yoy": -33.348154048033955, 
        "accumulated_operating_revenue": 4311324, 
        "long_term_average": 1395669, 
        "date": "2014-04-30", 
        "operating_revenue": 1349500, 
        "short_term_average": 1132544
    }, 
    {
        "accumulated_operating_revenue_yoy": -25.910360608371935, 
        "accumulated_operating_revenue": 5427012, 
        "long_term_average": 1417267, 
        "date": "2014-05-31", 
        "operating_revenue": 1115688, 
        "short_term_average": 1211447
    }, 
    {
        "accumulated_operating_revenue_yoy": -18.31577786568821, 
        "accumulated_operating_revenue": 6785046, 
        "long_term_average": 1448645, 
        "date": "2014-06-30", 
        "operating_revenue": 1358034, 
        "short_term_average": 1274407
    }, 
    {
        "accumulated_operating_revenue_yoy": -15.868227562304652, 
        "accumulated_operating_revenue": 7814016, 
        "long_term_average": 1452609, 
        "date": "2014-07-31", 
        "operating_revenue": 1028970, 
        "short_term_average": 1167564
    }, 
    {
        "accumulated_operating_revenue_yoy": -14.595188964309822, 
        "accumulated_operating_revenue": 9241190, 
        "long_term_average": 1443821, 
        "date": "2014-08-31", 
        "operating_revenue": 1427174, 
        "short_term_average": 1271392
    }, 
    {
        "accumulated_operating_revenue_yoy": -16.751907939118972, 
        "accumulated_operating_revenue": 10854449, 
        "long_term_average": 1393408, 
        "date": "2014-09-30", 
        "operating_revenue": 1613259, 
        "short_term_average": 1356467
    }, 
    {
        "accumulated_operating_revenue_yoy": -19.22720079060644, 
        "accumulated_operating_revenue": 12169969, 
        "long_term_average": 1334015, 
        "date": "2014-10-31", 
        "operating_revenue": 1315520, 
        "short_term_average": 1451984
    }, 
    {
        "accumulated_operating_revenue_yoy": -22.64950562735021, 
        "accumulated_operating_revenue": 13410273, 
        "long_term_average": 1248198, 
        "date": "2014-11-30", 
        "operating_revenue": 1240304, 
        "short_term_average": 1389694
    }, 
    {
        "accumulated_operating_revenue_yoy": -22.924598927624352, 
        "accumulated_operating_revenue": 14571204, 
        "long_term_average": 1214267, 
        "date": "2014-12-31", 
        "operating_revenue": 1160931, 
        "short_term_average": 1238918
    }, 
    {
        "accumulated_operating_revenue_yoy": 4.814647402677711, 
        "accumulated_operating_revenue": 957682, 
        "long_term_average": 1217932, 
        "date": "2015-01-31", 
        "operating_revenue": 957682, 
        "short_term_average": 1119639
    }, 
    {
        "accumulated_operating_revenue_yoy": 1.1333932067809467, 
        "accumulated_operating_revenue": 1812988, 
        "long_term_average": 1215960, 
        "date": "2015-02-28", 
        "operating_revenue": 855306, 
        "short_term_average": 991306
    }, 
    {
        "accumulated_operating_revenue_yoy": -4.4310870598658125, 
        "accumulated_operating_revenue": 2830583, 
        "long_term_average": 1203330, 
        "date": "2015-03-31", 
        "operating_revenue": 1017595, 
        "short_term_average": 943527
    }, 
    {
        "accumulated_operating_revenue_yoy": -11.99146712239674, 
        "accumulated_operating_revenue": 3794333, 
        "long_term_average": 1171184, 
        "date": "2015-04-30", 
        "operating_revenue": 963750, 
        "short_term_average": 945550
    }, 
    {
        "accumulated_operating_revenue_yoy": -8.72032344870437, 
        "accumulated_operating_revenue": 4953759, 
        "long_term_average": 1174829, 
        "date": "2015-05-31", 
        "operating_revenue": 1159426, 
        "short_term_average": 1046923
    }, 
    {
        "accumulated_operating_revenue_yoy": -6.017586321448668, 
        "accumulated_operating_revenue": 6376750, 
        "long_term_average": 1180242, 
        "date": "2015-06-30", 
        "operating_revenue": 1422991, 
        "short_term_average": 1182055
    }, 
    {
        "accumulated_operating_revenue_yoy": -1.851327153668485, 
        "accumulated_operating_revenue": 7669353, 
        "long_term_average": 1202211, 
        "date": "2015-07-31", 
        "operating_revenue": 1292603, 
        "short_term_average": 1291673
    }, 
    {
        "accumulated_operating_revenue_yoy": 1.0536954656272624, 
        "accumulated_operating_revenue": 9338564, 
        "long_term_average": 1222381, 
        "date": "2015-08-31", 
        "operating_revenue": 1669211, 
        "short_term_average": 1461601
    }, 
    {
        "accumulated_operating_revenue_yoy": -0.7792380801641797, 
        "accumulated_operating_revenue": 10769867, 
        "long_term_average": 1207218, 
        "date": "2015-09-30", 
        "operating_revenue": 1431303, 
        "short_term_average": 1464372
    }
]