[
    {
        "date": "2011-09-30", 
        "operating_revenue": 1306170, 
        "accumulated_operating_revenue": 1306170, 
        "long_term_average": 1306170, 
        "short_term_average": 1306170
    }, 
    {
        "date": "2011-10-31", 
        "operating_revenue": 1211481, 
        "accumulated_operating_revenue": 2517651, 
        "long_term_average": 1258825, 
        "short_term_average": 1258825
    }, 
    {
        "date": "2011-11-30", 
        "operating_revenue": 1252683, 
        "accumulated_operating_revenue": 3770334, 
        "long_term_average": 1256778, 
        "short_term_average": 1256778
    }, 
    {
        "date": "2011-12-31", 
        "operating_revenue": 1240086, 
        "accumulated_operating_revenue": 5010420, 
        "long_term_average": 1252605, 
        "short_term_average": 1234750
    }, 
    {
        "date": "2012-01-31", 
        "operating_revenue": 1222991, 
        "accumulated_operating_revenue": 1222991, 
        "long_term_average": 1246682, 
        "short_term_average": 1238586
    }, 
    {
        "date": "2012-02-29", 
        "operating_revenue": 1292050, 
        "accumulated_operating_revenue": 2515041, 
        "long_term_average": 1254243, 
        "short_term_average": 1251709
    }, 
    {
        "date": "2012-03-31", 
        "operating_revenue": 1348392, 
        "accumulated_operating_revenue": 3863433, 
        "long_term_average": 1267693, 
        "short_term_average": 1287811
    }, 
    {
        "date": "2012-04-30", 
        "operating_revenue": 1309622, 
        "accumulated_operating_revenue": 5173055, 
        "long_term_average": 1272934, 
        "short_term_average": 1316688
    }, 
    {
        "date": "2012-05-31", 
        "operating_revenue": 1316543, 
        "accumulated_operating_revenue": 6489598, 
        "long_term_average": 1277779, 
        "short_term_average": 1324852
    }, 
    {
        "date": "2012-06-30", 
        "operating_revenue": 1325200, 
        "accumulated_operating_revenue": 7814798, 
        "long_term_average": 1282521, 
        "short_term_average": 1317121
    }, 
    {
        "date": "2012-07-31", 
        "operating_revenue": 1414439, 
        "accumulated_operating_revenue": 9229237, 
        "long_term_average": 1294514, 
        "short_term_average": 1352060
    }, 
    {
        "date": "2012-08-31", 
        "operating_revenue": 1440236, 
        "accumulated_operating_revenue": 10669473, 
        "long_term_average": 1306657, 
        "short_term_average": 1393291
    }, 
    {
        "accumulated_operating_revenue_yoy": 832.580368558457, 
        "accumulated_operating_revenue": 12181085, 
        "long_term_average": 1323777, 
        "date": "2012-09-30", 
        "operating_revenue": 1511612, 
        "short_term_average": 1455429
    }, 
    {
        "accumulated_operating_revenue_yoy": 444.2719026584701, 
        "accumulated_operating_revenue": 13702867, 
        "long_term_average": 1349636, 
        "date": "2012-10-31", 
        "operating_revenue": 1521782, 
        "short_term_average": 1491210
    }, 
    {
        "accumulated_operating_revenue_yoy": 300.7346829219905, 
        "accumulated_operating_revenue": 15109036, 
        "long_term_average": 1362426, 
        "date": "2012-11-30", 
        "operating_revenue": 1406169, 
        "short_term_average": 1479854
    }, 
    {
        "accumulated_operating_revenue_yoy": 226.54390250717506, 
        "accumulated_operating_revenue": 16361221, 
        "long_term_average": 1363435, 
        "date": "2012-12-31", 
        "operating_revenue": 1252185, 
        "short_term_average": 1393378
    }, 
    {
        "accumulated_operating_revenue_yoy": 6.691054962792039, 
        "accumulated_operating_revenue": 1304822, 
        "long_term_average": 1370254, 
        "date": "2013-01-31", 
        "operating_revenue": 1304822, 
        "short_term_average": 1321058
    }, 
    {
        "accumulated_operating_revenue_yoy": -11.488162618422523, 
        "accumulated_operating_revenue": 2226109, 
        "long_term_average": 1339357, 
        "date": "2013-02-28", 
        "operating_revenue": 921287, 
        "short_term_average": 1159431
    }, 
    {
        "accumulated_operating_revenue_yoy": -7.543653533010667, 
        "accumulated_operating_revenue": 3571989, 
        "long_term_average": 1339148, 
        "date": "2013-03-31", 
        "operating_revenue": 1345880, 
        "short_term_average": 1190663
    }, 
    {
        "accumulated_operating_revenue_yoy": -2.417352995473661, 
        "accumulated_operating_revenue": 5048004, 
        "long_term_average": 1353014, 
        "date": "2013-04-30", 
        "operating_revenue": 1476015, 
        "short_term_average": 1247727
    }, 
    {
        "accumulated_operating_revenue_yoy": -0.23146271926242581, 
        "accumulated_operating_revenue": 6474577, 
        "long_term_average": 1362183, 
        "date": "2013-05-31", 
        "operating_revenue": 1426573, 
        "short_term_average": 1416156
    }, 
    {
        "accumulated_operating_revenue_yoy": 0.09037981531960264, 
        "accumulated_operating_revenue": 7821861, 
        "long_term_average": 1364023, 
        "date": "2013-06-30", 
        "operating_revenue": 1347284, 
        "short_term_average": 1416624
    }, 
    {
        "accumulated_operating_revenue_yoy": 0.47386365741826764, 
        "accumulated_operating_revenue": 9272971, 
        "long_term_average": 1367079, 
        "date": "2013-07-31", 
        "operating_revenue": 1451110, 
        "short_term_average": 1408322
    }, 
    {
        "accumulated_operating_revenue_yoy": -0.12703532779922683, 
        "accumulated_operating_revenue": 10655919, 
        "long_term_average": 1362305, 
        "date": "2013-08-31", 
        "operating_revenue": 1382948, 
        "short_term_average": 1393780
    }, 
    {
        "accumulated_operating_revenue_yoy": -1.3765768812876686, 
        "accumulated_operating_revenue": 12013403, 
        "long_term_average": 1349461, 
        "date": "2013-09-30", 
        "operating_revenue": 1357484, 
        "short_term_average": 1397180
    }, 
    {
        "accumulated_operating_revenue_yoy": -2.8697425144679576, 
        "accumulated_operating_revenue": 13309630, 
        "long_term_average": 1330665, 
        "date": "2013-10-31", 
        "operating_revenue": 1296227, 
        "short_term_average": 1345553
    }, 
    {
        "accumulated_operating_revenue_yoy": -2.3719977899318, 
        "accumulated_operating_revenue": 14750650, 
        "long_term_average": 1333569, 
        "date": "2013-11-30", 
        "operating_revenue": 1441020, 
        "short_term_average": 1364910
    }, 
    {
        "accumulated_operating_revenue_yoy": -2.1381472690821792, 
        "accumulated_operating_revenue": 16011394, 
        "long_term_average": 1334282, 
        "date": "2013-12-31", 
        "operating_revenue": 1260744, 
        "short_term_average": 1332663
    }, 
    {
        "accumulated_operating_revenue_yoy": 0.3461774862778218, 
        "accumulated_operating_revenue": 1309339, 
        "long_term_average": 1334659, 
        "date": "2014-01-31", 
        "operating_revenue": 1309339, 
        "short_term_average": 1337034
    }, 
    {
        "accumulated_operating_revenue_yoy": 5.490521802840742, 
        "accumulated_operating_revenue": 2348334, 
        "long_term_average": 1344468, 
        "date": "2014-02-28", 
        "operating_revenue": 1038995, 
        "short_term_average": 1203026
    }, 
    {
        "accumulated_operating_revenue_yoy": 6.872193615377875, 
        "accumulated_operating_revenue": 3817463, 
        "long_term_average": 1354739, 
        "date": "2014-03-31", 
        "operating_revenue": 1469129, 
        "short_term_average": 1272487
    }, 
    {
        "accumulated_operating_revenue_yoy": 6.714970907313068, 
        "accumulated_operating_revenue": 5386976, 
        "long_term_average": 1362530, 
        "date": "2014-04-30", 
        "operating_revenue": 1569513, 
        "short_term_average": 1359212
    }, 
    {
        "accumulated_operating_revenue_yoy": 6.71049243834771, 
        "accumulated_operating_revenue": 6909053, 
        "long_term_average": 1370489, 
        "date": "2014-05-31", 
        "operating_revenue": 1522077, 
        "short_term_average": 1520239
    }, 
    {
        "accumulated_operating_revenue_yoy": 5.920790461502704, 
        "accumulated_operating_revenue": 8284977, 
        "long_term_average": 1372875, 
        "date": "2014-06-30", 
        "operating_revenue": 1375924, 
        "short_term_average": 1489171
    }, 
    {
        "accumulated_operating_revenue_yoy": 5.937687069225171, 
        "accumulated_operating_revenue": 9823571, 
        "long_term_average": 1380166, 
        "date": "2014-07-31", 
        "operating_revenue": 1538594, 
        "short_term_average": 1478865
    }, 
    {
        "accumulated_operating_revenue_yoy": 6.242380408484712, 
        "accumulated_operating_revenue": 11321102, 
        "long_term_average": 1389714, 
        "date": "2014-08-31", 
        "operating_revenue": 1497531, 
        "short_term_average": 1470683
    }, 
    {
        "accumulated_operating_revenue_yoy": 7.159586671653319, 
        "accumulated_operating_revenue": 12873513, 
        "long_term_average": 1405958, 
        "date": "2014-09-30", 
        "operating_revenue": 1552411, 
        "short_term_average": 1529512
    }, 
    {
        "accumulated_operating_revenue_yoy": 7.999260685683975, 
        "accumulated_operating_revenue": 14374302, 
        "long_term_average": 1423005, 
        "date": "2014-10-31", 
        "operating_revenue": 1500789, 
        "short_term_average": 1516910
    }, 
    {
        "accumulated_operating_revenue_yoy": 7.2801469765739135, 
        "accumulated_operating_revenue": 15824519, 
        "long_term_average": 1423771, 
        "date": "2014-11-30", 
        "operating_revenue": 1450217, 
        "short_term_average": 1501139
    }, 
    {
        "accumulated_operating_revenue_yoy": 8.45717118696848, 
        "accumulated_operating_revenue": 17365505, 
        "long_term_average": 1447125, 
        "date": "2014-12-31", 
        "operating_revenue": 1540986, 
        "short_term_average": 1497330
    }, 
    {
        "accumulated_operating_revenue_yoy": 20.29283478151953, 
        "accumulated_operating_revenue": 1575041, 
        "long_term_average": 1469267, 
        "date": "2015-01-31", 
        "operating_revenue": 1575041, 
        "short_term_average": 1522081
    }, 
    {
        "accumulated_operating_revenue_yoy": 14.303374221895183, 
        "accumulated_operating_revenue": 2684225, 
        "long_term_average": 1475116, 
        "date": "2015-02-28", 
        "operating_revenue": 1109184, 
        "short_term_average": 1408403
    }, 
    {
        "accumulated_operating_revenue_yoy": 7.206147119173126, 
        "accumulated_operating_revenue": 4092555, 
        "long_term_average": 1470049, 
        "date": "2015-03-31", 
        "operating_revenue": 1408330, 
        "short_term_average": 1364185
    }, 
    {
        "accumulated_operating_revenue_yoy": 1.7291148132087466, 
        "accumulated_operating_revenue": 5480123, 
        "long_term_average": 1454887, 
        "date": "2015-04-30", 
        "operating_revenue": 1387568, 
        "short_term_average": 1301694
    }, 
    {
        "accumulated_operating_revenue_yoy": -3.0915669629397837, 
        "accumulated_operating_revenue": 6695455, 
        "long_term_average": 1429325, 
        "date": "2015-05-31", 
        "operating_revenue": 1215332, 
        "short_term_average": 1337076
    }, 
    {
        "accumulated_operating_revenue_yoy": -4.295304621847472, 
        "accumulated_operating_revenue": 7929112, 
        "long_term_average": 1417470, 
        "date": "2015-06-30", 
        "operating_revenue": 1233657, 
        "short_term_average": 1278852
    }, 
    {
        "accumulated_operating_revenue_yoy": -7.847991326168458, 
        "accumulated_operating_revenue": 9052618, 
        "long_term_average": 1382879, 
        "date": "2015-07-31", 
        "operating_revenue": 1123506, 
        "short_term_average": 1190831
    }, 
    {
        "accumulated_operating_revenue_yoy": -10.13089538456592, 
        "accumulated_operating_revenue": 10174173, 
        "long_term_average": 1351548, 
        "date": "2015-08-31", 
        "operating_revenue": 1121555, 
        "short_term_average": 1159572
    }, 
    {
        "accumulated_operating_revenue_yoy": -10.771923716548855, 
        "accumulated_operating_revenue": 11486788, 
        "long_term_average": 1331565, 
        "date": "2015-09-30", 
        "operating_revenue": 1312615, 
        "short_term_average": 1185892
    }, 
    {
        "accumulated_operating_revenue_yoy": -11.407134760352191, 
        "accumulated_operating_revenue": 12734606, 
        "long_term_average": 1310484, 
        "date": "2015-10-31", 
        "operating_revenue": 1247818, 
        "short_term_average": 1227329
    }
]