[
    {
        "date": "2011-09-30", 
        "operating_revenue": 168625, 
        "accumulated_operating_revenue": 168625, 
        "long_term_average": 168625, 
        "short_term_average": 168625
    }, 
    {
        "date": "2011-10-31", 
        "operating_revenue": 116895, 
        "accumulated_operating_revenue": 285520, 
        "long_term_average": 142760, 
        "short_term_average": 142760
    }, 
    {
        "date": "2011-11-30", 
        "operating_revenue": 125102, 
        "accumulated_operating_revenue": 410622, 
        "long_term_average": 136874, 
        "short_term_average": 136874
    }, 
    {
        "date": "2011-12-31", 
        "operating_revenue": 115651, 
        "accumulated_operating_revenue": 526273, 
        "long_term_average": 131568, 
        "short_term_average": 119216
    }, 
    {
        "date": "2012-01-31", 
        "operating_revenue": 136772, 
        "accumulated_operating_revenue": 136772, 
        "long_term_average": 132609, 
        "short_term_average": 125841
    }, 
    {
        "date": "2012-02-29", 
        "operating_revenue": 76845, 
        "accumulated_operating_revenue": 213617, 
        "long_term_average": 123315, 
        "short_term_average": 109756
    }, 
    {
        "date": "2012-03-31", 
        "operating_revenue": 89133, 
        "accumulated_operating_revenue": 302750, 
        "long_term_average": 118431, 
        "short_term_average": 100916
    }, 
    {
        "date": "2012-04-30", 
        "operating_revenue": 89311, 
        "accumulated_operating_revenue": 392061, 
        "long_term_average": 114791, 
        "short_term_average": 85096
    }, 
    {
        "date": "2012-05-31", 
        "operating_revenue": 128640, 
        "accumulated_operating_revenue": 520701, 
        "long_term_average": 116330, 
        "short_term_average": 102361
    }, 
    {
        "date": "2012-06-30", 
        "operating_revenue": 98931, 
        "accumulated_operating_revenue": 619632, 
        "long_term_average": 114590, 
        "short_term_average": 105627
    }, 
    {
        "date": "2012-07-31", 
        "operating_revenue": 84327, 
        "accumulated_operating_revenue": 703959, 
        "long_term_average": 111839, 
        "short_term_average": 103966
    }, 
    {
        "date": "2012-08-31", 
        "operating_revenue": 128405, 
        "accumulated_operating_revenue": 832364, 
        "long_term_average": 113219, 
        "short_term_average": 103887
    }, 
    {
        "accumulated_operating_revenue_yoy": 452.476204595997, 
        "accumulated_operating_revenue": 931613, 
        "long_term_average": 107438, 
        "date": "2012-09-30", 
        "operating_revenue": 99249, 
        "short_term_average": 103993
    }, 
    {
        "accumulated_operating_revenue_yoy": 269.27710843373495, 
        "accumulated_operating_revenue": 1054360, 
        "long_term_average": 107926, 
        "date": "2012-10-31", 
        "operating_revenue": 122747, 
        "short_term_average": 116800
    }, 
    {
        "accumulated_operating_revenue_yoy": 192.8717896264691, 
        "accumulated_operating_revenue": 1202596, 
        "long_term_average": 109853, 
        "date": "2012-11-30", 
        "operating_revenue": 148236, 
        "short_term_average": 123410
    }, 
    {
        "accumulated_operating_revenue_yoy": 157.19236973965985, 
        "accumulated_operating_revenue": 1353534, 
        "long_term_average": 112794, 
        "date": "2012-12-31", 
        "operating_revenue": 150938, 
        "short_term_average": 140640
    }, 
    {
        "accumulated_operating_revenue_yoy": 13.858099611031497, 
        "accumulated_operating_revenue": 155726, 
        "long_term_average": 114374, 
        "date": "2013-01-31", 
        "operating_revenue": 155726, 
        "short_term_average": 151633
    }, 
    {
        "accumulated_operating_revenue_yoy": 19.301834591816196, 
        "accumulated_operating_revenue": 254849, 
        "long_term_average": 116230, 
        "date": "2013-02-28", 
        "operating_revenue": 99123, 
        "short_term_average": 135262
    }, 
    {
        "accumulated_operating_revenue_yoy": 28.1813377374071, 
        "accumulated_operating_revenue": 388069, 
        "long_term_average": 119904, 
        "date": "2013-03-31", 
        "operating_revenue": 133220, 
        "short_term_average": 129356
    }, 
    {
        "accumulated_operating_revenue_yoy": 30.714863248321052, 
        "accumulated_operating_revenue": 512482, 
        "long_term_average": 122829, 
        "date": "2013-04-30", 
        "operating_revenue": 124413, 
        "short_term_average": 118918
    }, 
    {
        "accumulated_operating_revenue_yoy": 26.10192797786062, 
        "accumulated_operating_revenue": 656614, 
        "long_term_average": 124120, 
        "date": "2013-05-31", 
        "operating_revenue": 144132, 
        "short_term_average": 133921
    }, 
    {
        "accumulated_operating_revenue_yoy": 28.692352880419346, 
        "accumulated_operating_revenue": 797419, 
        "long_term_average": 127610, 
        "date": "2013-06-30", 
        "operating_revenue": 140805, 
        "short_term_average": 136450
    }, 
    {
        "accumulated_operating_revenue_yoy": 36.07866367217409, 
        "accumulated_operating_revenue": 957938, 
        "long_term_average": 133959, 
        "date": "2013-07-31", 
        "operating_revenue": 160519, 
        "short_term_average": 148485
    }, 
    {
        "accumulated_operating_revenue_yoy": 32.68089441638514, 
        "accumulated_operating_revenue": 1104388, 
        "long_term_average": 135463, 
        "date": "2013-08-31", 
        "operating_revenue": 146450, 
        "short_term_average": 149258
    }, 
    {
        "accumulated_operating_revenue_yoy": 35.11103859649876, 
        "accumulated_operating_revenue": 1258712, 
        "long_term_average": 140052, 
        "date": "2013-09-30", 
        "operating_revenue": 154324, 
        "short_term_average": 153764
    }, 
    {
        "accumulated_operating_revenue_yoy": 37.16719147160363, 
        "accumulated_operating_revenue": 1446236, 
        "long_term_average": 145450, 
        "date": "2013-10-31", 
        "operating_revenue": 187524, 
        "short_term_average": 162766
    }, 
    {
        "accumulated_operating_revenue_yoy": 34.40373990932948, 
        "accumulated_operating_revenue": 1616334, 
        "long_term_average": 147272, 
        "date": "2013-11-30", 
        "operating_revenue": 170098, 
        "short_term_average": 170648
    }, 
    {
        "accumulated_operating_revenue_yoy": 30.829517396681577, 
        "accumulated_operating_revenue": 1770822, 
        "long_term_average": 147568, 
        "date": "2013-12-31", 
        "operating_revenue": 154488, 
        "short_term_average": 170703
    }, 
    {
        "accumulated_operating_revenue_yoy": 5.210433710491504, 
        "accumulated_operating_revenue": 163840, 
        "long_term_average": 148244, 
        "date": "2014-01-31", 
        "operating_revenue": 163840, 
        "short_term_average": 162808
    }, 
    {
        "accumulated_operating_revenue_yoy": 19.572766618664385, 
        "accumulated_operating_revenue": 304730, 
        "long_term_average": 151725, 
        "date": "2014-02-28", 
        "operating_revenue": 140890, 
        "short_term_average": 153072
    }, 
    {
        "accumulated_operating_revenue_yoy": 27.463415011248, 
        "accumulated_operating_revenue": 494646, 
        "long_term_average": 156449, 
        "date": "2014-03-31", 
        "operating_revenue": 189916, 
        "short_term_average": 164882
    }, 
    {
        "accumulated_operating_revenue_yoy": 28.831646770032897, 
        "accumulated_operating_revenue": 660239, 
        "long_term_average": 159881, 
        "date": "2014-04-30", 
        "operating_revenue": 165593, 
        "short_term_average": 165466
    }, 
    {
        "accumulated_operating_revenue_yoy": 24.47023669918704, 
        "accumulated_operating_revenue": 817289, 
        "long_term_average": 160958, 
        "date": "2014-05-31", 
        "operating_revenue": 157050, 
        "short_term_average": 170853
    }, 
    {
        "accumulated_operating_revenue_yoy": 22.314492130235173, 
        "accumulated_operating_revenue": 975359, 
        "long_term_average": 162396, 
        "date": "2014-06-30", 
        "operating_revenue": 158070, 
        "short_term_average": 160237
    }, 
    {
        "accumulated_operating_revenue_yoy": 22.960984948921535, 
        "accumulated_operating_revenue": 1177890, 
        "long_term_average": 165897, 
        "date": "2014-07-31", 
        "operating_revenue": 202531, 
        "short_term_average": 172550
    }, 
    {
        "accumulated_operating_revenue_yoy": 22.247615874131192, 
        "accumulated_operating_revenue": 1350088, 
        "long_term_average": 168043, 
        "date": "2014-08-31", 
        "operating_revenue": 172198, 
        "short_term_average": 177599
    }, 
    {
        "accumulated_operating_revenue_yoy": 21.43317931345693, 
        "accumulated_operating_revenue": 1528494, 
        "long_term_average": 170050, 
        "date": "2014-09-30", 
        "operating_revenue": 178406, 
        "short_term_average": 184378
    }, 
    {
        "accumulated_operating_revenue_yoy": 16.35431561653838, 
        "accumulated_operating_revenue": 1682758, 
        "long_term_average": 167278, 
        "date": "2014-10-31", 
        "operating_revenue": 154264, 
        "short_term_average": 168289
    }, 
    {
        "accumulated_operating_revenue_yoy": 13.400510043097528, 
        "accumulated_operating_revenue": 1832931, 
        "long_term_average": 165618, 
        "date": "2014-11-30", 
        "operating_revenue": 150173, 
        "short_term_average": 160947
    }, 
    {
        "accumulated_operating_revenue_yoy": 13.567766833707736, 
        "accumulated_operating_revenue": 2011083, 
        "long_term_average": 167590, 
        "date": "2014-12-31", 
        "operating_revenue": 178152, 
        "short_term_average": 160863
    }, 
    {
        "accumulated_operating_revenue_yoy": 20.8099365234375, 
        "accumulated_operating_revenue": 197935, 
        "long_term_average": 170431, 
        "date": "2015-01-31", 
        "operating_revenue": 197935, 
        "short_term_average": 175420
    }, 
    {
        "accumulated_operating_revenue_yoy": 13.515899320710137, 
        "accumulated_operating_revenue": 345917, 
        "long_term_average": 171022, 
        "date": "2015-02-28", 
        "operating_revenue": 147982, 
        "short_term_average": 174689
    }, 
    {
        "accumulated_operating_revenue_yoy": 11.157676398879198, 
        "accumulated_operating_revenue": 549837, 
        "long_term_average": 172189, 
        "date": "2015-03-31", 
        "operating_revenue": 203920, 
        "short_term_average": 183279
    }, 
    {
        "accumulated_operating_revenue_yoy": 12.469878331937375, 
        "accumulated_operating_revenue": 742570, 
        "long_term_average": 174451, 
        "date": "2015-04-30", 
        "operating_revenue": 192733, 
        "short_term_average": 181545
    }, 
    {
        "accumulated_operating_revenue_yoy": 12.173784303961023, 
        "accumulated_operating_revenue": 916784, 
        "long_term_average": 175881, 
        "date": "2015-05-31", 
        "operating_revenue": 174214, 
        "short_term_average": 190289
    }, 
    {
        "accumulated_operating_revenue_yoy": 11.453526342608209, 
        "accumulated_operating_revenue": 1087072, 
        "long_term_average": 176899, 
        "date": "2015-06-30", 
        "operating_revenue": 170288, 
        "short_term_average": 179078
    }, 
    {
        "accumulated_operating_revenue_yoy": 9.337883843143247, 
        "accumulated_operating_revenue": 1287880, 
        "long_term_average": 176756, 
        "date": "2015-07-31", 
        "operating_revenue": 200808, 
        "short_term_average": 181770
    }, 
    {
        "accumulated_operating_revenue_yoy": 10.129561924852306, 
        "accumulated_operating_revenue": 1486846, 
        "long_term_average": 178986, 
        "date": "2015-08-31", 
        "operating_revenue": 198966, 
        "short_term_average": 190020
    }, 
    {
        "accumulated_operating_revenue_yoy": 11.696414902511885, 
        "accumulated_operating_revenue": 1707273, 
        "long_term_average": 182488, 
        "date": "2015-09-30", 
        "operating_revenue": 220427, 
        "short_term_average": 206733
    }
]