[
    {
        "date": "2012-01-31", 
        "operating_revenue": 250251, 
        "accumulated_operating_revenue": 250251, 
        "long_term_average": 250251, 
        "short_term_average": 250251
    }, 
    {
        "date": "2012-02-29", 
        "operating_revenue": 278808, 
        "accumulated_operating_revenue": 529059, 
        "long_term_average": 264529, 
        "short_term_average": 264529
    }, 
    {
        "date": "2012-03-31", 
        "operating_revenue": 320959, 
        "accumulated_operating_revenue": 850018, 
        "long_term_average": 283339, 
        "short_term_average": 283339
    }, 
    {
        "date": "2012-04-30", 
        "operating_revenue": 284973, 
        "accumulated_operating_revenue": 1134991, 
        "long_term_average": 283747, 
        "short_term_average": 294913
    }, 
    {
        "date": "2012-05-31", 
        "operating_revenue": 293491, 
        "accumulated_operating_revenue": 1428482, 
        "long_term_average": 285696, 
        "short_term_average": 299807
    }, 
    {
        "date": "2012-06-30", 
        "operating_revenue": 292726, 
        "accumulated_operating_revenue": 1721208, 
        "long_term_average": 286868, 
        "short_term_average": 290396
    }, 
    {
        "date": "2012-07-31", 
        "operating_revenue": 282688, 
        "accumulated_operating_revenue": 2003896, 
        "long_term_average": 286270, 
        "short_term_average": 289635
    }, 
    {
        "date": "2012-08-31", 
        "operating_revenue": 286457, 
        "accumulated_operating_revenue": 2290353, 
        "long_term_average": 286294, 
        "short_term_average": 287290
    }, 
    {
        "date": "2012-09-30", 
        "operating_revenue": 291626, 
        "accumulated_operating_revenue": 2581979, 
        "long_term_average": 286886, 
        "short_term_average": 286923
    }, 
    {
        "date": "2012-10-31", 
        "operating_revenue": 258127, 
        "accumulated_operating_revenue": 2840106, 
        "long_term_average": 284010, 
        "short_term_average": 278736
    }, 
    {
        "date": "2012-11-30", 
        "operating_revenue": 253196, 
        "accumulated_operating_revenue": 3093302, 
        "long_term_average": 281209, 
        "short_term_average": 267649
    }, 
    {
        "date": "2012-12-31", 
        "operating_revenue": 201284, 
        "accumulated_operating_revenue": 3294586, 
        "long_term_average": 274548, 
        "short_term_average": 237535
    }, 
    {
        "accumulated_operating_revenue_yoy": -5.2023768136790665, 
        "accumulated_operating_revenue": 237232, 
        "long_term_average": 273463, 
        "date": "2013-01-31", 
        "operating_revenue": 237232, 
        "short_term_average": 230570
    }, 
    {
        "accumulated_operating_revenue_yoy": -18.763502747330637, 
        "accumulated_operating_revenue": 429789, 
        "long_term_average": 266276, 
        "date": "2013-02-28", 
        "operating_revenue": 192557, 
        "short_term_average": 210357
    }, 
    {
        "accumulated_operating_revenue_yoy": -20.626974958177357, 
        "accumulated_operating_revenue": 674685, 
        "long_term_average": 259937, 
        "date": "2013-03-31", 
        "operating_revenue": 244896, 
        "short_term_average": 224895
    }, 
    {
        "accumulated_operating_revenue_yoy": -19.77134620450735, 
        "accumulated_operating_revenue": 910588, 
        "long_term_average": 255848, 
        "date": "2013-04-30", 
        "operating_revenue": 235903, 
        "short_term_average": 224452
    }, 
    {
        "accumulated_operating_revenue_yoy": -18.86639103607886, 
        "accumulated_operating_revenue": 1158979, 
        "long_term_average": 252090, 
        "date": "2013-05-31", 
        "operating_revenue": 248391, 
        "short_term_average": 243063
    }, 
    {
        "accumulated_operating_revenue_yoy": -18.738699796886838, 
        "accumulated_operating_revenue": 1398676, 
        "long_term_average": 247671, 
        "date": "2013-06-30", 
        "operating_revenue": 239697, 
        "short_term_average": 241330
    }, 
    {
        "accumulated_operating_revenue_yoy": -17.39067296905628, 
        "accumulated_operating_revenue": 1655405, 
        "long_term_average": 245507, 
        "date": "2013-07-31", 
        "operating_revenue": 256729, 
        "short_term_average": 248272
    }, 
    {
        "accumulated_operating_revenue_yoy": -17.538344525931155, 
        "accumulated_operating_revenue": 1888663, 
        "long_term_average": 241074, 
        "date": "2013-08-31", 
        "operating_revenue": 233258, 
        "short_term_average": 243228
    }, 
    {
        "accumulated_operating_revenue_yoy": -18.451970368465428, 
        "accumulated_operating_revenue": 2105553, 
        "long_term_average": 234846, 
        "date": "2013-09-30", 
        "operating_revenue": 216890, 
        "short_term_average": 235625
    }, 
    {
        "accumulated_operating_revenue_yoy": -18.739969564516255, 
        "accumulated_operating_revenue": 2307871, 
        "long_term_average": 230195, 
        "date": "2013-10-31", 
        "operating_revenue": 202318, 
        "short_term_average": 217488
    }, 
    {
        "accumulated_operating_revenue_yoy": -20.15538734982876, 
        "accumulated_operating_revenue": 2469835, 
        "long_term_average": 222593, 
        "date": "2013-11-30", 
        "operating_revenue": 161964, 
        "short_term_average": 193724
    }, 
    {
        "accumulated_operating_revenue_yoy": -19.52524535707977, 
        "accumulated_operating_revenue": 2651310, 
        "long_term_average": 220942, 
        "date": "2013-12-31", 
        "operating_revenue": 181475, 
        "short_term_average": 181919
    }, 
    {
        "accumulated_operating_revenue_yoy": -32.24016996020773, 
        "accumulated_operating_revenue": 160748, 
        "long_term_average": 214568, 
        "date": "2014-01-31", 
        "operating_revenue": 160748, 
        "short_term_average": 168062
    }, 
    {
        "accumulated_operating_revenue_yoy": -29.52402225277985, 
        "accumulated_operating_revenue": 302898, 
        "long_term_average": 210368, 
        "date": "2014-02-28", 
        "operating_revenue": 142150, 
        "short_term_average": 161457
    }, 
    {
        "accumulated_operating_revenue_yoy": -31.559468492704003, 
        "accumulated_operating_revenue": 461758, 
        "long_term_average": 203198, 
        "date": "2014-03-31", 
        "operating_revenue": 158860, 
        "short_term_average": 153919
    }, 
    {
        "accumulated_operating_revenue_yoy": -32.501087209583254, 
        "accumulated_operating_revenue": 614637, 
        "long_term_average": 196279, 
        "date": "2014-04-30", 
        "operating_revenue": 152879, 
        "short_term_average": 151296
    }, 
    {
        "accumulated_operating_revenue_yoy": -33.62356004724848, 
        "accumulated_operating_revenue": 769289, 
        "long_term_average": 188468, 
        "date": "2014-05-31", 
        "operating_revenue": 154652, 
        "short_term_average": 155463
    }, 
    {
        "accumulated_operating_revenue_yoy": -33.28004484240811, 
        "accumulated_operating_revenue": 933196, 
        "long_term_average": 182152, 
        "date": "2014-06-30", 
        "operating_revenue": 163907, 
        "short_term_average": 157146
    }, 
    {
        "accumulated_operating_revenue_yoy": -32.99651746853489, 
        "accumulated_operating_revenue": 1109179, 
        "long_term_average": 175423, 
        "date": "2014-07-31", 
        "operating_revenue": 175983, 
        "short_term_average": 164847
    }, 
    {
        "accumulated_operating_revenue_yoy": -32.668824454124426, 
        "accumulated_operating_revenue": 1271659, 
        "long_term_average": 169525, 
        "date": "2014-08-31", 
        "operating_revenue": 162480, 
        "short_term_average": 167456
    }, 
    {
        "accumulated_operating_revenue_yoy": -31.482228184234735, 
        "accumulated_operating_revenue": 1442678, 
        "long_term_average": 165702, 
        "date": "2014-09-30", 
        "operating_revenue": 171019, 
        "short_term_average": 169827
    }, 
    {
        "accumulated_operating_revenue_yoy": -30.21871673070115, 
        "accumulated_operating_revenue": 1610462, 
        "long_term_average": 162825, 
        "date": "2014-10-31", 
        "operating_revenue": 167784, 
        "short_term_average": 167094
    }, 
    {
        "accumulated_operating_revenue_yoy": -28.232128866908113, 
        "accumulated_operating_revenue": 1772548, 
        "long_term_average": 162835, 
        "date": "2014-11-30", 
        "operating_revenue": 162086, 
        "short_term_average": 166963
    }, 
    {
        "accumulated_operating_revenue_yoy": -27.02712998479997, 
        "accumulated_operating_revenue": 1934737, 
        "long_term_average": 161228, 
        "date": "2014-12-31", 
        "operating_revenue": 162189, 
        "short_term_average": 164019
    }, 
    {
        "accumulated_operating_revenue_yoy": 2.906412521462164, 
        "accumulated_operating_revenue": 165420, 
        "long_term_average": 161617, 
        "date": "2015-01-31", 
        "operating_revenue": 165420, 
        "short_term_average": 163231
    }, 
    {
        "accumulated_operating_revenue_yoy": -4.010591024041096, 
        "accumulated_operating_revenue": 290750, 
        "long_term_average": 160215, 
        "date": "2015-02-28", 
        "operating_revenue": 125330, 
        "short_term_average": 150979
    }, 
    {
        "accumulated_operating_revenue_yoy": -1.9750605295414483, 
        "accumulated_operating_revenue": 452638, 
        "long_term_average": 160468, 
        "date": "2015-03-31", 
        "operating_revenue": 161888, 
        "short_term_average": 150879
    }, 
    {
        "accumulated_operating_revenue_yoy": -3.551364463903085, 
        "accumulated_operating_revenue": 592809, 
        "long_term_average": 159409, 
        "date": "2015-04-30", 
        "operating_revenue": 140171, 
        "short_term_average": 142463
    }, 
    {
        "accumulated_operating_revenue_yoy": -5.338825850883088, 
        "accumulated_operating_revenue": 728218, 
        "long_term_average": 157805, 
        "date": "2015-05-31", 
        "operating_revenue": 135409, 
        "short_term_average": 145822
    }, 
    {
        "accumulated_operating_revenue_yoy": -8.697422620757054, 
        "accumulated_operating_revenue": 852032, 
        "long_term_average": 154464, 
        "date": "2015-06-30", 
        "operating_revenue": 123814, 
        "short_term_average": 133131
    }, 
    {
        "accumulated_operating_revenue_yoy": -10.881111164203434, 
        "accumulated_operating_revenue": 988488, 
        "long_term_average": 151170, 
        "date": "2015-07-31", 
        "operating_revenue": 136456, 
        "short_term_average": 131893
    }, 
    {
        "accumulated_operating_revenue_yoy": -11.064208250796794, 
        "accumulated_operating_revenue": 1130960, 
        "long_term_average": 149503, 
        "date": "2015-08-31", 
        "operating_revenue": 142472, 
        "short_term_average": 134247
    }
]