[
    {
        "date": "2011-09-30", 
        "operating_revenue": 106826, 
        "accumulated_operating_revenue": 106826, 
        "long_term_average": 106826, 
        "short_term_average": 106826
    }, 
    {
        "date": "2011-10-31", 
        "operating_revenue": 96272, 
        "accumulated_operating_revenue": 203098, 
        "long_term_average": 101549, 
        "short_term_average": 101549
    }, 
    {
        "date": "2011-11-30", 
        "operating_revenue": 100117, 
        "accumulated_operating_revenue": 303215, 
        "long_term_average": 101071, 
        "short_term_average": 101071
    }, 
    {
        "date": "2011-12-31", 
        "operating_revenue": 96930, 
        "accumulated_operating_revenue": 400145, 
        "long_term_average": 100036, 
        "short_term_average": 97773
    }, 
    {
        "date": "2012-01-31", 
        "operating_revenue": 74175, 
        "accumulated_operating_revenue": 74175, 
        "long_term_average": 94864, 
        "short_term_average": 90407
    }, 
    {
        "date": "2012-02-29", 
        "operating_revenue": 75433, 
        "accumulated_operating_revenue": 149608, 
        "long_term_average": 91625, 
        "short_term_average": 82179
    }, 
    {
        "date": "2012-03-31", 
        "operating_revenue": 100160, 
        "accumulated_operating_revenue": 249768, 
        "long_term_average": 92844, 
        "short_term_average": 83256
    }, 
    {
        "date": "2012-04-30", 
        "operating_revenue": 90784, 
        "accumulated_operating_revenue": 340552, 
        "long_term_average": 92587, 
        "short_term_average": 88792
    }, 
    {
        "date": "2012-05-31", 
        "operating_revenue": 97214, 
        "accumulated_operating_revenue": 437766, 
        "long_term_average": 93101, 
        "short_term_average": 96052
    }, 
    {
        "date": "2012-06-30", 
        "operating_revenue": 89921, 
        "accumulated_operating_revenue": 527687, 
        "long_term_average": 92783, 
        "short_term_average": 92639
    }, 
    {
        "date": "2012-07-31", 
        "operating_revenue": 97804, 
        "accumulated_operating_revenue": 625491, 
        "long_term_average": 93239, 
        "short_term_average": 94979
    }, 
    {
        "date": "2012-08-31", 
        "operating_revenue": 97717, 
        "accumulated_operating_revenue": 723208, 
        "long_term_average": 93612, 
        "short_term_average": 95147
    }, 
    {
        "accumulated_operating_revenue_yoy": 678.8160185722577, 
        "accumulated_operating_revenue": 831978, 
        "long_term_average": 93774, 
        "date": "2012-09-30", 
        "operating_revenue": 108770, 
        "short_term_average": 101430
    }, 
    {
        "accumulated_operating_revenue_yoy": 354.29053954248684, 
        "accumulated_operating_revenue": 922655, 
        "long_term_average": 93308, 
        "date": "2012-10-31", 
        "operating_revenue": 90677, 
        "short_term_average": 99054
    }, 
    {
        "accumulated_operating_revenue_yoy": 231.33914878881322, 
        "accumulated_operating_revenue": 1004670, 
        "long_term_average": 91800, 
        "date": "2012-11-30", 
        "operating_revenue": 82015, 
        "short_term_average": 93820
    }, 
    {
        "accumulated_operating_revenue_yoy": 173.5805770408227, 
        "accumulated_operating_revenue": 1094719, 
        "long_term_average": 91226, 
        "date": "2012-12-31", 
        "operating_revenue": 90049, 
        "short_term_average": 87580
    }, 
    {
        "accumulated_operating_revenue_yoy": 15.176272328951804, 
        "accumulated_operating_revenue": 85432, 
        "long_term_average": 92164, 
        "date": "2013-01-31", 
        "operating_revenue": 85432, 
        "short_term_average": 85832
    }, 
    {
        "accumulated_operating_revenue_yoy": 2.5954494412063527, 
        "accumulated_operating_revenue": 153491, 
        "long_term_average": 91550, 
        "date": "2013-02-28", 
        "operating_revenue": 68059, 
        "short_term_average": 81180
    }, 
    {
        "accumulated_operating_revenue_yoy": -4.4993754203901215, 
        "accumulated_operating_revenue": 238530, 
        "long_term_average": 90290, 
        "date": "2013-03-31", 
        "operating_revenue": 85039, 
        "short_term_average": 79510
    }, 
    {
        "accumulated_operating_revenue_yoy": -1.036258779863281, 
        "accumulated_operating_revenue": 337023, 
        "long_term_average": 90932, 
        "date": "2013-04-30", 
        "operating_revenue": 98493, 
        "short_term_average": 83863
    }, 
    {
        "accumulated_operating_revenue_yoy": 0.4561797855475299, 
        "accumulated_operating_revenue": 439763, 
        "long_term_average": 91393, 
        "date": "2013-05-31", 
        "operating_revenue": 102740, 
        "short_term_average": 95424
    }, 
    {
        "accumulated_operating_revenue_yoy": 2.8679880307834, 
        "accumulated_operating_revenue": 542821, 
        "long_term_average": 92487, 
        "date": "2013-06-30", 
        "operating_revenue": 103058, 
        "short_term_average": 101430
    }, 
    {
        "accumulated_operating_revenue_yoy": 2.918187471922058, 
        "accumulated_operating_revenue": 643744, 
        "long_term_average": 92747, 
        "date": "2013-07-31", 
        "operating_revenue": 100923, 
        "short_term_average": 102240
    }, 
    {
        "accumulated_operating_revenue_yoy": 3.743597969049015, 
        "accumulated_operating_revenue": 750282, 
        "long_term_average": 93482, 
        "date": "2013-08-31", 
        "operating_revenue": 106538, 
        "short_term_average": 103506
    }, 
    {
        "accumulated_operating_revenue_yoy": 3.77594119075264, 
        "accumulated_operating_revenue": 863393, 
        "long_term_average": 93844, 
        "date": "2013-09-30", 
        "operating_revenue": 113111, 
        "short_term_average": 106857
    }, 
    {
        "accumulated_operating_revenue_yoy": 4.550888468604191, 
        "accumulated_operating_revenue": 964644, 
        "long_term_average": 94725, 
        "date": "2013-10-31", 
        "operating_revenue": 101251, 
        "short_term_average": 106966
    }, 
    {
        "accumulated_operating_revenue_yoy": 6.04735883424408, 
        "accumulated_operating_revenue": 1065426, 
        "long_term_average": 96289, 
        "date": "2013-11-30", 
        "operating_revenue": 100782, 
        "short_term_average": 105048
    }, 
    {
        "accumulated_operating_revenue_yoy": 5.719001862578434, 
        "accumulated_operating_revenue": 1157326, 
        "long_term_average": 96443, 
        "date": "2013-12-31", 
        "operating_revenue": 91900, 
        "short_term_average": 97977
    }, 
    {
        "accumulated_operating_revenue_yoy": 11.687658020413897, 
        "accumulated_operating_revenue": 95417, 
        "long_term_average": 97275, 
        "date": "2014-01-31", 
        "operating_revenue": 95417, 
        "short_term_average": 96033
    }, 
    {
        "accumulated_operating_revenue_yoy": 10.24294584047273, 
        "accumulated_operating_revenue": 169213, 
        "long_term_average": 97754, 
        "date": "2014-02-28", 
        "operating_revenue": 73796, 
        "short_term_average": 87037
    }, 
    {
        "accumulated_operating_revenue_yoy": 11.882782039994968, 
        "accumulated_operating_revenue": 266874, 
        "long_term_average": 98805, 
        "date": "2014-03-31", 
        "operating_revenue": 97661, 
        "short_term_average": 88958
    }, 
    {
        "accumulated_operating_revenue_yoy": 10.985600389290939, 
        "accumulated_operating_revenue": 374047, 
        "long_term_average": 99529, 
        "date": "2014-04-30", 
        "operating_revenue": 107173, 
        "short_term_average": 92876
    }, 
    {
        "accumulated_operating_revenue_yoy": 6.620156766258189, 
        "accumulated_operating_revenue": 468876, 
        "long_term_average": 98869, 
        "date": "2014-05-31", 
        "operating_revenue": 94829, 
        "short_term_average": 99887
    }, 
    {
        "accumulated_operating_revenue_yoy": 4.521011530504531, 
        "accumulated_operating_revenue": 567362, 
        "long_term_average": 98488, 
        "date": "2014-06-30", 
        "operating_revenue": 98486, 
        "short_term_average": 100162
    }, 
    {
        "accumulated_operating_revenue_yoy": 3.951881493264403, 
        "accumulated_operating_revenue": 669184, 
        "long_term_average": 98563, 
        "date": "2014-07-31", 
        "operating_revenue": 101822, 
        "short_term_average": 98379
    }, 
    {
        "accumulated_operating_revenue_yoy": 3.5214759250521803, 
        "accumulated_operating_revenue": 776703, 
        "long_term_average": 98645, 
        "date": "2014-08-31", 
        "operating_revenue": 107519, 
        "short_term_average": 102609
    }, 
    {
        "accumulated_operating_revenue_yoy": 3.7170790126859954, 
        "accumulated_operating_revenue": 895486, 
        "long_term_average": 99118, 
        "date": "2014-09-30", 
        "operating_revenue": 118783, 
        "short_term_average": 109374
    }, 
    {
        "accumulated_operating_revenue_yoy": 4.273078980432159, 
        "accumulated_operating_revenue": 1005864, 
        "long_term_average": 99878, 
        "date": "2014-10-31", 
        "operating_revenue": 110378, 
        "short_term_average": 112226
    }, 
    {
        "accumulated_operating_revenue_yoy": 3.1265428101060047, 
        "accumulated_operating_revenue": 1098737, 
        "long_term_average": 99219, 
        "date": "2014-11-30", 
        "operating_revenue": 92873, 
        "short_term_average": 107344
    }, 
    {
        "accumulated_operating_revenue_yoy": 4.5176553538069655, 
        "accumulated_operating_revenue": 1209610, 
        "long_term_average": 100800, 
        "date": "2014-12-31", 
        "operating_revenue": 110873, 
        "short_term_average": 104708
    }, 
    {
        "accumulated_operating_revenue_yoy": -0.2368550677552218, 
        "accumulated_operating_revenue": 95191, 
        "long_term_average": 100782, 
        "date": "2015-01-31", 
        "operating_revenue": 95191, 
        "short_term_average": 99645
    }, 
    {
        "accumulated_operating_revenue_yoy": 8.085076205728873, 
        "accumulated_operating_revenue": 182894, 
        "long_term_average": 101940, 
        "date": "2015-02-28", 
        "operating_revenue": 87703, 
        "short_term_average": 97922
    }, 
    {
        "accumulated_operating_revenue_yoy": 5.262033768744801, 
        "accumulated_operating_revenue": 280917, 
        "long_term_average": 101971, 
        "date": "2015-03-31", 
        "operating_revenue": 98023, 
        "short_term_average": 93639
    }, 
    {
        "accumulated_operating_revenue_yoy": 2.8079359011033374, 
        "accumulated_operating_revenue": 384550, 
        "long_term_average": 101676, 
        "date": "2015-04-30", 
        "operating_revenue": 103633, 
        "short_term_average": 96453
    }, 
    {
        "accumulated_operating_revenue_yoy": 1.9612861396190038, 
        "accumulated_operating_revenue": 478072, 
        "long_term_average": 101567, 
        "date": "2015-05-31", 
        "operating_revenue": 93522, 
        "short_term_average": 98392
    }, 
    {
        "accumulated_operating_revenue_yoy": 1.8044916649334992, 
        "accumulated_operating_revenue": 577600, 
        "long_term_average": 101654, 
        "date": "2015-06-30", 
        "operating_revenue": 99528, 
        "short_term_average": 98894
    }, 
    {
        "accumulated_operating_revenue_yoy": 1.7555709640397859, 
        "accumulated_operating_revenue": 680932, 
        "long_term_average": 101779, 
        "date": "2015-07-31", 
        "operating_revenue": 103332, 
        "short_term_average": 98794
    }, 
    {
        "accumulated_operating_revenue_yoy": 0.5439659689739836, 
        "accumulated_operating_revenue": 780928, 
        "long_term_average": 101152, 
        "date": "2015-08-31", 
        "operating_revenue": 99996, 
        "short_term_average": 100952
    }
]