[
    {
        "date": "2012-01-31", 
        "operating_revenue": 140037, 
        "accumulated_operating_revenue": 140037, 
        "long_term_average": 140037, 
        "short_term_average": 140037
    }, 
    {
        "date": "2012-02-29", 
        "operating_revenue": 143412, 
        "accumulated_operating_revenue": 283449, 
        "long_term_average": 141724, 
        "short_term_average": 141724
    }, 
    {
        "date": "2012-03-31", 
        "operating_revenue": 219663, 
        "accumulated_operating_revenue": 503112, 
        "long_term_average": 167704, 
        "short_term_average": 167704
    }, 
    {
        "date": "2012-04-30", 
        "operating_revenue": 215182, 
        "accumulated_operating_revenue": 718294, 
        "long_term_average": 179573, 
        "short_term_average": 192752
    }, 
    {
        "date": "2012-05-31", 
        "operating_revenue": 225458, 
        "accumulated_operating_revenue": 943752, 
        "long_term_average": 188750, 
        "short_term_average": 220101
    }, 
    {
        "date": "2012-06-30", 
        "operating_revenue": 201446, 
        "accumulated_operating_revenue": 1145198, 
        "long_term_average": 190866, 
        "short_term_average": 214028
    }, 
    {
        "date": "2012-07-31", 
        "operating_revenue": 200619, 
        "accumulated_operating_revenue": 1345817, 
        "long_term_average": 192259, 
        "short_term_average": 209174
    }, 
    {
        "date": "2012-08-31", 
        "operating_revenue": 190489, 
        "accumulated_operating_revenue": 1536306, 
        "long_term_average": 192038, 
        "short_term_average": 197518
    }, 
    {
        "date": "2012-09-30", 
        "operating_revenue": 186751, 
        "accumulated_operating_revenue": 1723057, 
        "long_term_average": 191450, 
        "short_term_average": 192619
    }, 
    {
        "date": "2012-10-31", 
        "operating_revenue": 209207, 
        "accumulated_operating_revenue": 1932264, 
        "long_term_average": 193226, 
        "short_term_average": 195482
    }, 
    {
        "date": "2012-11-30", 
        "operating_revenue": 216356, 
        "accumulated_operating_revenue": 2148620, 
        "long_term_average": 195329, 
        "short_term_average": 204104
    }, 
    {
        "date": "2012-12-31", 
        "operating_revenue": 219645, 
        "accumulated_operating_revenue": 2368265, 
        "long_term_average": 197355, 
        "short_term_average": 215069
    }, 
    {
        "accumulated_operating_revenue_yoy": 27.047137542220984, 
        "accumulated_operating_revenue": 177913, 
        "long_term_average": 200511, 
        "date": "2013-01-31", 
        "operating_revenue": 177913, 
        "short_term_average": 204638
    }, 
    {
        "accumulated_operating_revenue_yoy": -5.392504471703904, 
        "accumulated_operating_revenue": 268164, 
        "long_term_average": 196081, 
        "date": "2013-02-28", 
        "operating_revenue": 90251, 
        "short_term_average": 162603
    }, 
    {
        "accumulated_operating_revenue_yoy": -13.133854887182178, 
        "accumulated_operating_revenue": 437034, 
        "long_term_average": 191848, 
        "date": "2013-03-31", 
        "operating_revenue": 168870, 
        "short_term_average": 145678
    }, 
    {
        "accumulated_operating_revenue_yoy": -17.28400905478815, 
        "accumulated_operating_revenue": 594144, 
        "long_term_average": 187009, 
        "date": "2013-04-30", 
        "operating_revenue": 157110, 
        "short_term_average": 138743
    }, 
    {
        "accumulated_operating_revenue_yoy": -16.880494028092123, 
        "accumulated_operating_revenue": 784442, 
        "long_term_average": 184079, 
        "date": "2013-05-31", 
        "operating_revenue": 190298, 
        "short_term_average": 172092
    }, 
    {
        "accumulated_operating_revenue_yoy": -13.688287964177373, 
        "accumulated_operating_revenue": 988440, 
        "long_term_average": 184292, 
        "date": "2013-06-30", 
        "operating_revenue": 203998, 
        "short_term_average": 183802
    }, 
    {
        "accumulated_operating_revenue_yoy": -10.955575683766812, 
        "accumulated_operating_revenue": 1198375, 
        "long_term_average": 185068, 
        "date": "2013-07-31", 
        "operating_revenue": 209935, 
        "short_term_average": 201410
    }, 
    {
        "accumulated_operating_revenue_yoy": -6.62081642589432, 
        "accumulated_operating_revenue": 1434590, 
        "long_term_average": 188879, 
        "date": "2013-08-31", 
        "operating_revenue": 236215, 
        "short_term_average": 216716
    }, 
    {
        "accumulated_operating_revenue_yoy": -1.4995441241932217, 
        "accumulated_operating_revenue": 1697219, 
        "long_term_average": 195202, 
        "date": "2013-09-30", 
        "operating_revenue": 262629, 
        "short_term_average": 236259
    }, 
    {
        "accumulated_operating_revenue_yoy": 3.6177251141665945, 
        "accumulated_operating_revenue": 2002168, 
        "long_term_average": 203180, 
        "date": "2013-10-31", 
        "operating_revenue": 304949, 
        "short_term_average": 267931
    }, 
    {
        "accumulated_operating_revenue_yoy": 7.585659632694473, 
        "accumulated_operating_revenue": 2311607, 
        "long_term_average": 210937, 
        "date": "2013-11-30", 
        "operating_revenue": 309439, 
        "short_term_average": 292339
    }, 
    {
        "accumulated_operating_revenue_yoy": 11.478782990923737, 
        "accumulated_operating_revenue": 2640113, 
        "long_term_average": 220009, 
        "date": "2013-12-31", 
        "operating_revenue": 328506, 
        "short_term_average": 314298
    }, 
    {
        "accumulated_operating_revenue_yoy": 10.87554029216527, 
        "accumulated_operating_revenue": 197262, 
        "long_term_average": 221621, 
        "date": "2014-01-31", 
        "operating_revenue": 197262, 
        "short_term_average": 278402
    }, 
    {
        "accumulated_operating_revenue_yoy": 32.33357199325786, 
        "accumulated_operating_revenue": 354871, 
        "long_term_average": 227235, 
        "date": "2014-02-28", 
        "operating_revenue": 157609, 
        "short_term_average": 227792
    }, 
    {
        "accumulated_operating_revenue_yoy": 23.94230197192896, 
        "accumulated_operating_revenue": 541670, 
        "long_term_average": 228729, 
        "date": "2014-03-31", 
        "operating_revenue": 186799, 
        "short_term_average": 180556
    }, 
    {
        "accumulated_operating_revenue_yoy": 27.907712608391233, 
        "accumulated_operating_revenue": 759956, 
        "long_term_average": 233827, 
        "date": "2014-04-30", 
        "operating_revenue": 218286, 
        "short_term_average": 187564
    }, 
    {
        "accumulated_operating_revenue_yoy": 25.001211051932454, 
        "accumulated_operating_revenue": 980562, 
        "long_term_average": 236352, 
        "date": "2014-05-31", 
        "operating_revenue": 220606, 
        "short_term_average": 208563
    }, 
    {
        "accumulated_operating_revenue_yoy": 22.08925175023269, 
        "accumulated_operating_revenue": 1206779, 
        "long_term_average": 238204, 
        "date": "2014-06-30", 
        "operating_revenue": 226217, 
        "short_term_average": 221703
    }, 
    {
        "accumulated_operating_revenue_yoy": 22.295107958694064, 
        "accumulated_operating_revenue": 1465554, 
        "long_term_average": 242274, 
        "date": "2014-07-31", 
        "operating_revenue": 258775, 
        "short_term_average": 235199
    }, 
    {
        "accumulated_operating_revenue_yoy": 18.762503572449273, 
        "accumulated_operating_revenue": 1703755, 
        "long_term_average": 242439, 
        "date": "2014-08-31", 
        "operating_revenue": 238201, 
        "short_term_average": 241064
    }, 
    {
        "accumulated_operating_revenue_yoy": 16.34579862704813, 
        "accumulated_operating_revenue": 1974643, 
        "long_term_average": 243128, 
        "date": "2014-09-30", 
        "operating_revenue": 270888, 
        "short_term_average": 255954
    }, 
    {
        "accumulated_operating_revenue_yoy": 12.499300757978352, 
        "accumulated_operating_revenue": 2252425, 
        "long_term_average": 240864, 
        "date": "2014-10-31", 
        "operating_revenue": 277782, 
        "short_term_average": 262290
    }, 
    {
        "accumulated_operating_revenue_yoy": 8.685299880126681, 
        "accumulated_operating_revenue": 2512377, 
        "long_term_average": 236740, 
        "date": "2014-11-30", 
        "operating_revenue": 259952, 
        "short_term_average": 269540
    }, 
    {
        "accumulated_operating_revenue_yoy": 4.003768020535484, 
        "accumulated_operating_revenue": 2745817, 
        "long_term_average": 228818, 
        "date": "2014-12-31", 
        "operating_revenue": 233440, 
        "short_term_average": 257058
    }, 
    {
        "accumulated_operating_revenue_yoy": 6.118258965234054, 
        "accumulated_operating_revenue": 209331, 
        "long_term_average": 229823, 
        "date": "2015-01-31", 
        "operating_revenue": 209331, 
        "short_term_average": 234241
    }, 
    {
        "accumulated_operating_revenue_yoy": 1.8950548227384036, 
        "accumulated_operating_revenue": 361596, 
        "long_term_average": 229378, 
        "date": "2015-02-28", 
        "operating_revenue": 152265, 
        "short_term_average": 198345
    }, 
    {
        "accumulated_operating_revenue_yoy": 7.677737367770045, 
        "accumulated_operating_revenue": 583258, 
        "long_term_average": 232283, 
        "date": "2015-03-31", 
        "operating_revenue": 221662, 
        "short_term_average": 194419
    }, 
    {
        "accumulated_operating_revenue_yoy": 3.7754817384164348, 
        "accumulated_operating_revenue": 788648, 
        "long_term_average": 231209, 
        "date": "2015-04-30", 
        "operating_revenue": 205390, 
        "short_term_average": 193105
    }, 
    {
        "accumulated_operating_revenue_yoy": 2.1861952635325457, 
        "accumulated_operating_revenue": 1001999, 
        "long_term_average": 230604, 
        "date": "2015-05-31", 
        "operating_revenue": 213351, 
        "short_term_average": 213467
    }, 
    {
        "accumulated_operating_revenue_yoy": 1.839193423153701, 
        "accumulated_operating_revenue": 1228974, 
        "long_term_average": 230667, 
        "date": "2015-06-30", 
        "operating_revenue": 226975, 
        "short_term_average": 215238
    }, 
    {
        "accumulated_operating_revenue_yoy": -0.31319214440409565, 
        "accumulated_operating_revenue": 1460964, 
        "long_term_average": 228435, 
        "date": "2015-07-31", 
        "operating_revenue": 231990, 
        "short_term_average": 224105
    }, 
    {
        "accumulated_operating_revenue_yoy": 0.9003055016713083, 
        "accumulated_operating_revenue": 1719094, 
        "long_term_average": 230096, 
        "date": "2015-08-31", 
        "operating_revenue": 258130, 
        "short_term_average": 239031
    }
]