[
    {
        "date": "2012-01-31", 
        "operating_revenue": 17876, 
        "accumulated_operating_revenue": 17876, 
        "long_term_average": 17876, 
        "short_term_average": 17876
    }, 
    {
        "date": "2012-02-29", 
        "operating_revenue": 30151, 
        "accumulated_operating_revenue": 48027, 
        "long_term_average": 24013, 
        "short_term_average": 24013
    }, 
    {
        "date": "2012-03-31", 
        "operating_revenue": 28377, 
        "accumulated_operating_revenue": 76404, 
        "long_term_average": 25468, 
        "short_term_average": 25468
    }, 
    {
        "date": "2012-04-30", 
        "operating_revenue": 27885, 
        "accumulated_operating_revenue": 104289, 
        "long_term_average": 26072, 
        "short_term_average": 28804
    }, 
    {
        "date": "2012-05-31", 
        "operating_revenue": 30298, 
        "accumulated_operating_revenue": 134587, 
        "long_term_average": 26917, 
        "short_term_average": 28853
    }, 
    {
        "date": "2012-06-30", 
        "operating_revenue": 30216, 
        "accumulated_operating_revenue": 164803, 
        "long_term_average": 27467, 
        "short_term_average": 29466
    }, 
    {
        "date": "2012-07-31", 
        "operating_revenue": 32097, 
        "accumulated_operating_revenue": 196900, 
        "long_term_average": 28128, 
        "short_term_average": 30870
    }, 
    {
        "date": "2012-08-31", 
        "operating_revenue": 31552, 
        "accumulated_operating_revenue": 228452, 
        "long_term_average": 28556, 
        "short_term_average": 31288
    }, 
    {
        "date": "2012-09-30", 
        "operating_revenue": 30164, 
        "accumulated_operating_revenue": 258616, 
        "long_term_average": 28735, 
        "short_term_average": 31271
    }, 
    {
        "date": "2012-10-31", 
        "operating_revenue": 36831, 
        "accumulated_operating_revenue": 295447, 
        "long_term_average": 29544, 
        "short_term_average": 32849
    }, 
    {
        "date": "2012-11-30", 
        "operating_revenue": 34797, 
        "accumulated_operating_revenue": 330244, 
        "long_term_average": 30022, 
        "short_term_average": 33930
    }, 
    {
        "date": "2012-12-31", 
        "operating_revenue": 33552, 
        "accumulated_operating_revenue": 363796, 
        "long_term_average": 30316, 
        "short_term_average": 35060
    }, 
    {
        "accumulated_operating_revenue_yoy": 61.870664578205414, 
        "accumulated_operating_revenue": 28936, 
        "long_term_average": 31238, 
        "date": "2013-01-31", 
        "operating_revenue": 28936, 
        "short_term_average": 32428
    }, 
    {
        "accumulated_operating_revenue_yoy": 12.711599725154601, 
        "accumulated_operating_revenue": 54132, 
        "long_term_average": 30825, 
        "date": "2013-02-28", 
        "operating_revenue": 25196, 
        "short_term_average": 29228
    }, 
    {
        "accumulated_operating_revenue_yoy": 13.957384430134548, 
        "accumulated_operating_revenue": 87068, 
        "long_term_average": 31205, 
        "date": "2013-03-31", 
        "operating_revenue": 32936, 
        "short_term_average": 29022
    }, 
    {
        "accumulated_operating_revenue_yoy": 12.497003519067206, 
        "accumulated_operating_revenue": 117322, 
        "long_term_average": 31402, 
        "date": "2013-04-30", 
        "operating_revenue": 30254, 
        "short_term_average": 29462
    }, 
    {
        "accumulated_operating_revenue_yoy": 9.646548329333442, 
        "accumulated_operating_revenue": 147570, 
        "long_term_average": 31398, 
        "date": "2013-05-31", 
        "operating_revenue": 30248, 
        "short_term_average": 31146
    }, 
    {
        "accumulated_operating_revenue_yoy": 6.007172199535202, 
        "accumulated_operating_revenue": 174703, 
        "long_term_average": 31141, 
        "date": "2013-06-30", 
        "operating_revenue": 27133, 
        "short_term_average": 29211
    }, 
    {
        "accumulated_operating_revenue_yoy": 1.426104621635348, 
        "accumulated_operating_revenue": 199708, 
        "long_term_average": 30550, 
        "date": "2013-07-31", 
        "operating_revenue": 25005, 
        "short_term_average": 27462
    }, 
    {
        "accumulated_operating_revenue_yoy": -1.78724633621067, 
        "accumulated_operating_revenue": 224369, 
        "long_term_average": 29976, 
        "date": "2013-08-31", 
        "operating_revenue": 24661, 
        "short_term_average": 25599
    }, 
    {
        "accumulated_operating_revenue_yoy": -3.529170662294676, 
        "accumulated_operating_revenue": 249489, 
        "long_term_average": 29555, 
        "date": "2013-09-30", 
        "operating_revenue": 25120, 
        "short_term_average": 24928
    }, 
    {
        "accumulated_operating_revenue_yoy": -7.191814437107164, 
        "accumulated_operating_revenue": 274199, 
        "long_term_average": 28545, 
        "date": "2013-10-31", 
        "operating_revenue": 24710, 
        "short_term_average": 24830
    }, 
    {
        "accumulated_operating_revenue_yoy": -10.113734087523165, 
        "accumulated_operating_revenue": 296844, 
        "long_term_average": 27533, 
        "date": "2013-11-30", 
        "operating_revenue": 22645, 
        "short_term_average": 24158
    }, 
    {
        "accumulated_operating_revenue_yoy": -15.108742262146919, 
        "accumulated_operating_revenue": 308831, 
        "long_term_average": 25735, 
        "date": "2013-12-31", 
        "operating_revenue": 11987, 
        "short_term_average": 19780
    }, 
    {
        "accumulated_operating_revenue_yoy": -71.22615427149572, 
        "accumulated_operating_revenue": 8326, 
        "long_term_average": 24018, 
        "date": "2014-01-31", 
        "operating_revenue": 8326, 
        "short_term_average": 14319
    }, 
    {
        "accumulated_operating_revenue_yoy": -74.61021207418902, 
        "accumulated_operating_revenue": 13744, 
        "long_term_average": 22370, 
        "date": "2014-02-28", 
        "operating_revenue": 5418, 
        "short_term_average": 8577
    }, 
    {
        "accumulated_operating_revenue_yoy": -78.62934717691918, 
        "accumulated_operating_revenue": 18607, 
        "long_term_average": 20030, 
        "date": "2014-03-31", 
        "operating_revenue": 4863, 
        "short_term_average": 6202
    }, 
    {
        "accumulated_operating_revenue_yoy": -83.88452293687459, 
        "accumulated_operating_revenue": 18907, 
        "long_term_average": 17534, 
        "date": "2014-04-30", 
        "operating_revenue": 300, 
        "short_term_average": 3527
    }, 
    {
        "accumulated_operating_revenue_yoy": -86.88351290912787, 
        "accumulated_operating_revenue": 19356, 
        "long_term_average": 15051, 
        "date": "2014-05-31", 
        "operating_revenue": 449, 
        "short_term_average": 1870
    }, 
    {
        "accumulated_operating_revenue_yoy": -84.50226956606355, 
        "accumulated_operating_revenue": 27075, 
        "long_term_average": 13433, 
        "date": "2014-06-30", 
        "operating_revenue": 7719, 
        "short_term_average": 2822
    }, 
    {
        "accumulated_operating_revenue_yoy": -88.16019944767103, 
        "accumulated_operating_revenue": 29539, 
        "long_term_average": 11555, 
        "date": "2014-09-30", 
        "operating_revenue": 2464, 
        "short_term_average": 3544
    }, 
    {
        "accumulated_operating_revenue_yoy": -87.16333757599408, 
        "accumulated_operating_revenue": 35198, 
        "long_term_average": 9971, 
        "date": "2014-10-31", 
        "operating_revenue": 5659, 
        "short_term_average": 5280
    }, 
    {
        "accumulated_operating_revenue_yoy": -86.69570548840468, 
        "accumulated_operating_revenue": 39493, 
        "long_term_average": 8236, 
        "date": "2014-11-30", 
        "operating_revenue": 4295, 
        "short_term_average": 4139
    }, 
    {
        "accumulated_operating_revenue_yoy": -85.54193069996211, 
        "accumulated_operating_revenue": 44651, 
        "long_term_average": 6606, 
        "date": "2014-12-31", 
        "operating_revenue": 5158, 
        "short_term_average": 5037
    }, 
    {
        "accumulated_operating_revenue_yoy": -41.988950276243095, 
        "accumulated_operating_revenue": 4830, 
        "long_term_average": 5122, 
        "date": "2015-01-31", 
        "operating_revenue": 4830, 
        "short_term_average": 4761
    }, 
    {
        "accumulated_operating_revenue_yoy": -22.147846332945285, 
        "accumulated_operating_revenue": 10700, 
        "long_term_average": 4612, 
        "date": "2015-02-28", 
        "operating_revenue": 5870, 
        "short_term_average": 5286
    }, 
    {
        "accumulated_operating_revenue_yoy": 31.96108991239856, 
        "accumulated_operating_revenue": 24554, 
        "long_term_average": 5073, 
        "date": "2015-03-31", 
        "operating_revenue": 13854, 
        "short_term_average": 8184
    }, 
    {
        "accumulated_operating_revenue_yoy": 58.38578304331728, 
        "accumulated_operating_revenue": 29946, 
        "long_term_average": 5071, 
        "date": "2015-04-30", 
        "operating_revenue": 5392, 
        "short_term_average": 8372
    }, 
    {
        "accumulated_operating_revenue_yoy": 77.43335399876008, 
        "accumulated_operating_revenue": 34344, 
        "long_term_average": 5032, 
        "date": "2015-05-31", 
        "operating_revenue": 4398, 
        "short_term_average": 7881
    }, 
    {
        "accumulated_operating_revenue_yoy": 42.00184672206833, 
        "accumulated_operating_revenue": 38447, 
        "long_term_average": 5349, 
        "date": "2015-06-30", 
        "operating_revenue": 4103, 
        "short_term_average": 4631
    }, 
    {
        "date": "2015-07-31", 
        "operating_revenue": 4931, 
        "accumulated_operating_revenue": 43378, 
        "long_term_average": 5722, 
        "short_term_average": 4477
    }, 
    {
        "date": "2015-08-31", 
        "operating_revenue": 55184, 
        "accumulated_operating_revenue": 98562, 
        "long_term_average": 9678, 
        "short_term_average": 21406
    }
]