[
    {
        "date": "2012-01-31", 
        "operating_revenue": 34303, 
        "accumulated_operating_revenue": 34303, 
        "long_term_average": 34303, 
        "short_term_average": 34303
    }, 
    {
        "date": "2012-02-29", 
        "operating_revenue": 36100, 
        "accumulated_operating_revenue": 70403, 
        "long_term_average": 35201, 
        "short_term_average": 35201
    }, 
    {
        "date": "2012-03-31", 
        "operating_revenue": 42054, 
        "accumulated_operating_revenue": 112457, 
        "long_term_average": 37485, 
        "short_term_average": 37485
    }, 
    {
        "date": "2012-04-30", 
        "operating_revenue": 46318, 
        "accumulated_operating_revenue": 158775, 
        "long_term_average": 39693, 
        "short_term_average": 41490
    }, 
    {
        "date": "2012-05-31", 
        "operating_revenue": 52218, 
        "accumulated_operating_revenue": 210993, 
        "long_term_average": 42198, 
        "short_term_average": 46863
    }, 
    {
        "date": "2012-06-30", 
        "operating_revenue": 46055, 
        "accumulated_operating_revenue": 257048, 
        "long_term_average": 42841, 
        "short_term_average": 48197
    }, 
    {
        "date": "2012-07-31", 
        "operating_revenue": 46422, 
        "accumulated_operating_revenue": 303470, 
        "long_term_average": 43352, 
        "short_term_average": 48231
    }, 
    {
        "date": "2012-08-31", 
        "operating_revenue": 42671, 
        "accumulated_operating_revenue": 346141, 
        "long_term_average": 43267, 
        "short_term_average": 45049
    }, 
    {
        "date": "2012-09-30", 
        "operating_revenue": 34300, 
        "accumulated_operating_revenue": 380441, 
        "long_term_average": 42271, 
        "short_term_average": 41131
    }, 
    {
        "date": "2012-10-31", 
        "operating_revenue": 39038, 
        "accumulated_operating_revenue": 419479, 
        "long_term_average": 41947, 
        "short_term_average": 38669
    }, 
    {
        "date": "2012-11-30", 
        "operating_revenue": 39284, 
        "accumulated_operating_revenue": 458763, 
        "long_term_average": 41705, 
        "short_term_average": 37540
    }, 
    {
        "date": "2012-12-31", 
        "operating_revenue": 34182, 
        "accumulated_operating_revenue": 492945, 
        "long_term_average": 41078, 
        "short_term_average": 37501
    }, 
    {
        "accumulated_operating_revenue_yoy": 30.017782701221467, 
        "accumulated_operating_revenue": 44600, 
        "long_term_average": 41936, 
        "date": "2013-01-31", 
        "operating_revenue": 44600, 
        "short_term_average": 39355
    }, 
    {
        "accumulated_operating_revenue_yoy": 11.53217902646194, 
        "accumulated_operating_revenue": 78522, 
        "long_term_average": 41755, 
        "date": "2013-02-28", 
        "operating_revenue": 33922, 
        "short_term_average": 37568
    }, 
    {
        "accumulated_operating_revenue_yoy": 8.91807535324613, 
        "accumulated_operating_revenue": 122486, 
        "long_term_average": 41914, 
        "date": "2013-03-31", 
        "operating_revenue": 43964, 
        "short_term_average": 40828
    }, 
    {
        "accumulated_operating_revenue_yoy": 7.369548102660999, 
        "accumulated_operating_revenue": 170476, 
        "long_term_average": 42053, 
        "date": "2013-04-30", 
        "operating_revenue": 47990, 
        "short_term_average": 41958
    }, 
    {
        "accumulated_operating_revenue_yoy": 4.479295521652378, 
        "accumulated_operating_revenue": 220444, 
        "long_term_average": 41866, 
        "date": "2013-05-31", 
        "operating_revenue": 49968, 
        "short_term_average": 47307
    }, 
    {
        "accumulated_operating_revenue_yoy": 1.5549624972767733, 
        "accumulated_operating_revenue": 261045, 
        "long_term_average": 41411, 
        "date": "2013-06-30", 
        "operating_revenue": 40601, 
        "short_term_average": 46186
    }, 
    {
        "accumulated_operating_revenue_yoy": 1.119385771245922, 
        "accumulated_operating_revenue": 306867, 
        "long_term_average": 41361, 
        "date": "2013-07-31", 
        "operating_revenue": 45822, 
        "short_term_average": 45463
    }, 
    {
        "accumulated_operating_revenue_yoy": 1.2986037481835437, 
        "accumulated_operating_revenue": 350636, 
        "long_term_average": 41453, 
        "date": "2013-08-31", 
        "operating_revenue": 43769, 
        "short_term_average": 43397
    }, 
    {
        "accumulated_operating_revenue_yoy": 3.7148992879316376, 
        "accumulated_operating_revenue": 394574, 
        "long_term_average": 42256, 
        "date": "2013-09-30", 
        "operating_revenue": 43938, 
        "short_term_average": 44509
    }, 
    {
        "accumulated_operating_revenue_yoy": 4.465301004341099, 
        "accumulated_operating_revenue": 438210, 
        "long_term_average": 42639, 
        "date": "2013-10-31", 
        "operating_revenue": 43636, 
        "short_term_average": 43781
    }, 
    {
        "accumulated_operating_revenue_yoy": 4.807929148601783, 
        "accumulated_operating_revenue": 480820, 
        "long_term_average": 42916, 
        "date": "2013-11-30", 
        "operating_revenue": 42610, 
        "short_term_average": 43394
    }, 
    {
        "accumulated_operating_revenue_yoy": 5.711590542555458, 
        "accumulated_operating_revenue": 521100, 
        "long_term_average": 43425, 
        "date": "2013-12-31", 
        "operating_revenue": 40280, 
        "short_term_average": 42175
    }, 
    {
        "accumulated_operating_revenue_yoy": -0.4080717488789238, 
        "accumulated_operating_revenue": 44418, 
        "long_term_average": 43409, 
        "date": "2014-01-31", 
        "operating_revenue": 44418, 
        "short_term_average": 42436
    }, 
    {
        "accumulated_operating_revenue_yoy": 6.0721835918596065, 
        "accumulated_operating_revenue": 83290, 
        "long_term_average": 43822, 
        "date": "2014-02-28", 
        "operating_revenue": 38872, 
        "short_term_average": 41190
    }, 
    {
        "accumulated_operating_revenue_yoy": 7.302875430661464, 
        "accumulated_operating_revenue": 131431, 
        "long_term_average": 44170, 
        "date": "2014-03-31", 
        "operating_revenue": 48141, 
        "short_term_average": 43810
    }, 
    {
        "accumulated_operating_revenue_yoy": 5.46117928623384, 
        "accumulated_operating_revenue": 179786, 
        "long_term_average": 44200, 
        "date": "2014-04-30", 
        "operating_revenue": 48355, 
        "short_term_average": 45122
    }, 
    {
        "accumulated_operating_revenue_yoy": 2.639672660630364, 
        "accumulated_operating_revenue": 226263, 
        "long_term_average": 43909, 
        "date": "2014-05-31", 
        "operating_revenue": 46477, 
        "short_term_average": 47657
    }, 
    {
        "accumulated_operating_revenue_yoy": 4.194296002604915, 
        "accumulated_operating_revenue": 271994, 
        "long_term_average": 44337, 
        "date": "2014-06-30", 
        "operating_revenue": 45731, 
        "short_term_average": 46854
    }, 
    {
        "accumulated_operating_revenue_yoy": 3.596346299862807, 
        "accumulated_operating_revenue": 317903, 
        "long_term_average": 44344, 
        "date": "2014-07-31", 
        "operating_revenue": 45909, 
        "short_term_average": 46039
    }, 
    {
        "accumulated_operating_revenue_yoy": 3.08353962513832, 
        "accumulated_operating_revenue": 361448, 
        "long_term_average": 44326, 
        "date": "2014-08-31", 
        "operating_revenue": 43545, 
        "short_term_average": 45061
    }, 
    {
        "accumulated_operating_revenue_yoy": 3.6860005981134085, 
        "accumulated_operating_revenue": 409118, 
        "long_term_average": 44637, 
        "date": "2014-09-30", 
        "operating_revenue": 47670, 
        "short_term_average": 45708
    }, 
    {
        "accumulated_operating_revenue_yoy": 4.330800301225439, 
        "accumulated_operating_revenue": 457188, 
        "long_term_average": 45006, 
        "date": "2014-10-31", 
        "operating_revenue": 48070, 
        "short_term_average": 46428
    }, 
    {
        "accumulated_operating_revenue_yoy": 2.386132024458217, 
        "accumulated_operating_revenue": 492293, 
        "long_term_average": 44381, 
        "date": "2014-11-30", 
        "operating_revenue": 35105, 
        "short_term_average": 43615
    }, 
    {
        "accumulated_operating_revenue_yoy": 2.441757819996162, 
        "accumulated_operating_revenue": 533824, 
        "long_term_average": 44485, 
        "date": "2014-12-31", 
        "operating_revenue": 41531, 
        "short_term_average": 41568
    }, 
    {
        "accumulated_operating_revenue_yoy": -19.66319960376424, 
        "accumulated_operating_revenue": 35684, 
        "long_term_average": 43757, 
        "date": "2015-01-31", 
        "operating_revenue": 35684, 
        "short_term_average": 37440
    }, 
    {
        "accumulated_operating_revenue_yoy": -17.58314323448193, 
        "accumulated_operating_revenue": 68645, 
        "long_term_average": 43264, 
        "date": "2015-02-28", 
        "operating_revenue": 32961, 
        "short_term_average": 36725
    }, 
    {
        "accumulated_operating_revenue_yoy": -16.638388203696238, 
        "accumulated_operating_revenue": 109563, 
        "long_term_average": 42663, 
        "date": "2015-03-31", 
        "operating_revenue": 40918, 
        "short_term_average": 36521
    }, 
    {
        "accumulated_operating_revenue_yoy": -17.226591614474987, 
        "accumulated_operating_revenue": 148815, 
        "long_term_average": 41904, 
        "date": "2015-04-30", 
        "operating_revenue": 39252, 
        "short_term_average": 37710
    }, 
    {
        "accumulated_operating_revenue_yoy": -15.974330756685804, 
        "accumulated_operating_revenue": 190119, 
        "long_term_average": 41473, 
        "date": "2015-05-31", 
        "operating_revenue": 41304, 
        "short_term_average": 40491
    }, 
    {
        "accumulated_operating_revenue_yoy": -12.11901733126466, 
        "accumulated_operating_revenue": 239031, 
        "long_term_average": 41738, 
        "date": "2015-06-30", 
        "operating_revenue": 48912, 
        "short_term_average": 43156
    }, 
    {
        "accumulated_operating_revenue_yoy": -10.553219063676655, 
        "accumulated_operating_revenue": 284354, 
        "long_term_average": 41689, 
        "date": "2015-07-31", 
        "operating_revenue": 45323, 
        "short_term_average": 45179
    }, 
    {
        "accumulated_operating_revenue_yoy": -9.160377149686816, 
        "accumulated_operating_revenue": 328338, 
        "long_term_average": 41726, 
        "date": "2015-08-31", 
        "operating_revenue": 43984, 
        "short_term_average": 46073
    }
]