[
    {
        "date": "2011-09-30", 
        "operating_revenue": 82848, 
        "accumulated_operating_revenue": 82848, 
        "long_term_average": 82848, 
        "short_term_average": 82848
    }, 
    {
        "date": "2011-10-31", 
        "operating_revenue": 66502, 
        "accumulated_operating_revenue": 149350, 
        "long_term_average": 74675, 
        "short_term_average": 74675
    }, 
    {
        "date": "2011-11-30", 
        "operating_revenue": 74280, 
        "accumulated_operating_revenue": 223630, 
        "long_term_average": 74543, 
        "short_term_average": 74543
    }, 
    {
        "date": "2011-12-31", 
        "operating_revenue": 66351, 
        "accumulated_operating_revenue": 289981, 
        "long_term_average": 72495, 
        "short_term_average": 69044
    }, 
    {
        "date": "2012-01-31", 
        "operating_revenue": 40112, 
        "accumulated_operating_revenue": 40112, 
        "long_term_average": 66018, 
        "short_term_average": 60247
    }, 
    {
        "date": "2012-02-29", 
        "operating_revenue": 45601, 
        "accumulated_operating_revenue": 85713, 
        "long_term_average": 62615, 
        "short_term_average": 50688
    }, 
    {
        "date": "2012-03-31", 
        "operating_revenue": 78553, 
        "accumulated_operating_revenue": 164266, 
        "long_term_average": 64892, 
        "short_term_average": 54755
    }, 
    {
        "date": "2012-04-30", 
        "operating_revenue": 71078, 
        "accumulated_operating_revenue": 235344, 
        "long_term_average": 65665, 
        "short_term_average": 65077
    }, 
    {
        "date": "2012-05-31", 
        "operating_revenue": 91201, 
        "accumulated_operating_revenue": 326545, 
        "long_term_average": 68502, 
        "short_term_average": 80277
    }, 
    {
        "date": "2012-06-30", 
        "operating_revenue": 61779, 
        "accumulated_operating_revenue": 388324, 
        "long_term_average": 67830, 
        "short_term_average": 74686
    }, 
    {
        "date": "2012-07-31", 
        "operating_revenue": 88558, 
        "accumulated_operating_revenue": 476882, 
        "long_term_average": 69714, 
        "short_term_average": 80512
    }, 
    {
        "date": "2012-08-31", 
        "operating_revenue": 86441, 
        "accumulated_operating_revenue": 563323, 
        "long_term_average": 71108, 
        "short_term_average": 78926
    }, 
    {
        "accumulated_operating_revenue_yoy": 682.6248068752415, 
        "accumulated_operating_revenue": 648389, 
        "long_term_average": 71293, 
        "date": "2012-09-30", 
        "operating_revenue": 85066, 
        "short_term_average": 86688
    }, 
    {
        "accumulated_operating_revenue_yoy": 379.89822564445933, 
        "accumulated_operating_revenue": 716728, 
        "long_term_average": 71446, 
        "date": "2012-10-31", 
        "operating_revenue": 68339, 
        "short_term_average": 79948
    }, 
    {
        "accumulated_operating_revenue_yoy": 251.27800384563787, 
        "accumulated_operating_revenue": 785563, 
        "long_term_average": 70992, 
        "date": "2012-11-30", 
        "operating_revenue": 68835, 
        "short_term_average": 74080
    }, 
    {
        "accumulated_operating_revenue_yoy": 205.8276231891055, 
        "accumulated_operating_revenue": 886842, 
        "long_term_average": 73903, 
        "date": "2012-12-31", 
        "operating_revenue": 101279, 
        "short_term_average": 79484
    }, 
    {
        "accumulated_operating_revenue_yoy": 33.812824092540886, 
        "accumulated_operating_revenue": 53675, 
        "long_term_average": 75033, 
        "date": "2013-01-31", 
        "operating_revenue": 53675, 
        "short_term_average": 74596
    }, 
    {
        "accumulated_operating_revenue_yoy": -0.3581720392472554, 
        "accumulated_operating_revenue": 85406, 
        "long_term_average": 73877, 
        "date": "2013-02-28", 
        "operating_revenue": 31731, 
        "short_term_average": 62228
    }, 
    {
        "accumulated_operating_revenue_yoy": -12.522372249887379, 
        "accumulated_operating_revenue": 143696, 
        "long_term_average": 72189, 
        "date": "2013-03-31", 
        "operating_revenue": 58290, 
        "short_term_average": 47898
    }, 
    {
        "accumulated_operating_revenue_yoy": -19.42263240193079, 
        "accumulated_operating_revenue": 189634, 
        "long_term_average": 70094, 
        "date": "2013-04-30", 
        "operating_revenue": 45938, 
        "short_term_average": 45319
    }, 
    {
        "accumulated_operating_revenue_yoy": -26.059807989710453, 
        "accumulated_operating_revenue": 241448, 
        "long_term_average": 66812, 
        "date": "2013-05-31", 
        "operating_revenue": 51814, 
        "short_term_average": 52014
    }, 
    {
        "accumulated_operating_revenue_yoy": -26.249472090316335, 
        "accumulated_operating_revenue": 286391, 
        "long_term_average": 65409, 
        "date": "2013-06-30", 
        "operating_revenue": 44943, 
        "short_term_average": 47565
    }, 
    {
        "accumulated_operating_revenue_yoy": -31.112728096258614, 
        "accumulated_operating_revenue": 328511, 
        "long_term_average": 61539, 
        "date": "2013-07-31", 
        "operating_revenue": 42120, 
        "short_term_average": 46292
    }, 
    {
        "accumulated_operating_revenue_yoy": -32.14603344795082, 
        "accumulated_operating_revenue": 382237, 
        "long_term_average": 58813, 
        "date": "2013-08-31", 
        "operating_revenue": 53726, 
        "short_term_average": 46929
    }, 
    {
        "accumulated_operating_revenue_yoy": -35.274040737890374, 
        "accumulated_operating_revenue": 419676, 
        "long_term_average": 54844, 
        "date": "2013-09-30", 
        "operating_revenue": 37439, 
        "short_term_average": 44428
    }, 
    {
        "accumulated_operating_revenue_yoy": -35.24475114687859, 
        "accumulated_operating_revenue": 464119, 
        "long_term_average": 52852, 
        "date": "2013-10-31", 
        "operating_revenue": 44443, 
        "short_term_average": 45202
    }, 
    {
        "accumulated_operating_revenue_yoy": -33.76533772593668, 
        "accumulated_operating_revenue": 520315, 
        "long_term_average": 51799, 
        "date": "2013-11-30", 
        "operating_revenue": 56196, 
        "short_term_average": 46026
    }, 
    {
        "accumulated_operating_revenue_yoy": -35.671066548494544, 
        "accumulated_operating_revenue": 570496, 
        "long_term_average": 47541, 
        "date": "2013-12-31", 
        "operating_revenue": 50181, 
        "short_term_average": 50273
    }, 
    {
        "accumulated_operating_revenue_yoy": -11.046110852352118, 
        "accumulated_operating_revenue": 47746, 
        "long_term_average": 47047, 
        "date": "2014-01-31", 
        "operating_revenue": 47746, 
        "short_term_average": 51374
    }, 
    {
        "accumulated_operating_revenue_yoy": 20.207011217010514, 
        "accumulated_operating_revenue": 102664, 
        "long_term_average": 48979, 
        "date": "2014-02-28", 
        "operating_revenue": 54918, 
        "short_term_average": 50948
    }, 
    {
        "accumulated_operating_revenue_yoy": 16.007404520654717, 
        "accumulated_operating_revenue": 166698, 
        "long_term_average": 49458, 
        "date": "2014-03-31", 
        "operating_revenue": 64034, 
        "short_term_average": 55566
    }, 
    {
        "accumulated_operating_revenue_yoy": 25.456405496904566, 
        "accumulated_operating_revenue": 237908, 
        "long_term_average": 51564, 
        "date": "2014-04-30", 
        "operating_revenue": 71210, 
        "short_term_average": 63387
    }, 
    {
        "accumulated_operating_revenue_yoy": 28.690235578675328, 
        "accumulated_operating_revenue": 310720, 
        "long_term_average": 53314, 
        "date": "2014-05-31", 
        "operating_revenue": 72812, 
        "short_term_average": 69352
    }, 
    {
        "accumulated_operating_revenue_yoy": 31.742966783174055, 
        "accumulated_operating_revenue": 377300, 
        "long_term_average": 55117, 
        "date": "2014-06-30", 
        "operating_revenue": 66580, 
        "short_term_average": 70200
    }, 
    {
        "accumulated_operating_revenue_yoy": 37.58108556486693, 
        "accumulated_operating_revenue": 451969, 
        "long_term_average": 57829, 
        "date": "2014-07-31", 
        "operating_revenue": 74669, 
        "short_term_average": 71353
    }, 
    {
        "accumulated_operating_revenue_yoy": 34.03124239673292, 
        "accumulated_operating_revenue": 512317, 
        "long_term_average": 58381, 
        "date": "2014-08-31", 
        "operating_revenue": 60348, 
        "short_term_average": 67199
    }, 
    {
        "accumulated_operating_revenue_yoy": 34.32933977639894, 
        "accumulated_operating_revenue": 563748, 
        "long_term_average": 59547, 
        "date": "2014-09-30", 
        "operating_revenue": 51431, 
        "short_term_average": 62149
    }, 
    {
        "accumulated_operating_revenue_yoy": 33.88807611840929, 
        "accumulated_operating_revenue": 621400, 
        "long_term_average": 60648, 
        "date": "2014-10-31", 
        "operating_revenue": 57652, 
        "short_term_average": 56477
    }, 
    {
        "accumulated_operating_revenue_yoy": 28.77699086130517, 
        "accumulated_operating_revenue": 670046, 
        "long_term_average": 60018, 
        "date": "2014-11-30", 
        "operating_revenue": 48646, 
        "short_term_average": 52576
    }, 
    {
        "accumulated_operating_revenue_yoy": 25.33654924837335, 
        "accumulated_operating_revenue": 715040, 
        "long_term_average": 59586, 
        "date": "2014-12-31", 
        "operating_revenue": 44994, 
        "short_term_average": 50430
    }, 
    {
        "accumulated_operating_revenue_yoy": 5.0391655845515855, 
        "accumulated_operating_revenue": 50152, 
        "long_term_average": 59787, 
        "date": "2015-01-31", 
        "operating_revenue": 50152, 
        "short_term_average": 47930
    }, 
    {
        "accumulated_operating_revenue_yoy": -14.3156315748461, 
        "accumulated_operating_revenue": 87967, 
        "long_term_average": 58361, 
        "date": "2015-02-28", 
        "operating_revenue": 37815, 
        "short_term_average": 44320
    }, 
    {
        "accumulated_operating_revenue_yoy": -27.255276008110474, 
        "accumulated_operating_revenue": 121264, 
        "long_term_average": 55800, 
        "date": "2015-03-31", 
        "operating_revenue": 33297, 
        "short_term_average": 40421
    }, 
    {
        "accumulated_operating_revenue_yoy": -32.423878137767545, 
        "accumulated_operating_revenue": 160769, 
        "long_term_average": 53158, 
        "date": "2015-04-30", 
        "operating_revenue": 39505, 
        "short_term_average": 36872
    }, 
    {
        "accumulated_operating_revenue_yoy": -37.899073120494336, 
        "accumulated_operating_revenue": 192960, 
        "long_term_average": 49773, 
        "date": "2015-05-31", 
        "operating_revenue": 32191, 
        "short_term_average": 34997
    }, 
    {
        "accumulated_operating_revenue_yoy": -38.7095149748211, 
        "accumulated_operating_revenue": 231249, 
        "long_term_average": 47415, 
        "date": "2015-06-30", 
        "operating_revenue": 38289, 
        "short_term_average": 36661
    }, 
    {
        "accumulated_operating_revenue_yoy": -38.53450126004217, 
        "accumulated_operating_revenue": 277805, 
        "long_term_average": 45073, 
        "date": "2015-07-31", 
        "operating_revenue": 46556, 
        "short_term_average": 39012
    }, 
    {
        "accumulated_operating_revenue_yoy": -38.476958601803176, 
        "accumulated_operating_revenue": 315193, 
        "long_term_average": 43159, 
        "date": "2015-08-31", 
        "operating_revenue": 37388, 
        "short_term_average": 40744
    }
]