[
    {
        "date": "2012-01-31", 
        "operating_revenue": 320351, 
        "accumulated_operating_revenue": 320351, 
        "long_term_average": 320351, 
        "short_term_average": 320351
    }, 
    {
        "date": "2012-02-29", 
        "operating_revenue": 348364, 
        "accumulated_operating_revenue": 668715, 
        "long_term_average": 334357, 
        "short_term_average": 334357
    }, 
    {
        "date": "2012-03-31", 
        "operating_revenue": 434948, 
        "accumulated_operating_revenue": 1103663, 
        "long_term_average": 367887, 
        "short_term_average": 367887
    }, 
    {
        "date": "2012-04-30", 
        "operating_revenue": 428053, 
        "accumulated_operating_revenue": 1531716, 
        "long_term_average": 382929, 
        "short_term_average": 403788
    }, 
    {
        "date": "2012-05-31", 
        "operating_revenue": 375866, 
        "accumulated_operating_revenue": 1907582, 
        "long_term_average": 381516, 
        "short_term_average": 412955
    }, 
    {
        "date": "2012-06-30", 
        "operating_revenue": 412379, 
        "accumulated_operating_revenue": 2319961, 
        "long_term_average": 386660, 
        "short_term_average": 405432
    }, 
    {
        "date": "2012-07-31", 
        "operating_revenue": 409830, 
        "accumulated_operating_revenue": 2729791, 
        "long_term_average": 389970, 
        "short_term_average": 399358
    }, 
    {
        "date": "2012-08-31", 
        "operating_revenue": 434516, 
        "accumulated_operating_revenue": 3164307, 
        "long_term_average": 395538, 
        "short_term_average": 418908
    }, 
    {
        "date": "2012-09-30", 
        "operating_revenue": 447734, 
        "accumulated_operating_revenue": 3612041, 
        "long_term_average": 401337, 
        "short_term_average": 430693
    }, 
    {
        "date": "2012-10-31", 
        "operating_revenue": 377179, 
        "accumulated_operating_revenue": 3989220, 
        "long_term_average": 398922, 
        "short_term_average": 419809
    }, 
    {
        "date": "2012-11-30", 
        "operating_revenue": 385326, 
        "accumulated_operating_revenue": 4374546, 
        "long_term_average": 397686, 
        "short_term_average": 403413
    }, 
    {
        "date": "2012-12-31", 
        "operating_revenue": 307799, 
        "accumulated_operating_revenue": 4682345, 
        "long_term_average": 390195, 
        "short_term_average": 356768
    }, 
    {
        "accumulated_operating_revenue_yoy": 5.593239914968269, 
        "accumulated_operating_revenue": 338269, 
        "long_term_average": 391688, 
        "date": "2013-01-31", 
        "operating_revenue": 338269, 
        "short_term_average": 343798
    }, 
    {
        "accumulated_operating_revenue_yoy": -12.388237141383101, 
        "accumulated_operating_revenue": 585873, 
        "long_term_average": 383291, 
        "date": "2013-02-28", 
        "operating_revenue": 247604, 
        "short_term_average": 297890
    }, 
    {
        "accumulated_operating_revenue_yoy": -17.574476991617914, 
        "accumulated_operating_revenue": 909700, 
        "long_term_average": 374031, 
        "date": "2013-03-31", 
        "operating_revenue": 323827, 
        "short_term_average": 303233
    }, 
    {
        "accumulated_operating_revenue_yoy": -17.79899145794651, 
        "accumulated_operating_revenue": 1259086, 
        "long_term_average": 367476, 
        "date": "2013-04-30", 
        "operating_revenue": 349386, 
        "short_term_average": 306939
    }, 
    {
        "accumulated_operating_revenue_yoy": -16.060279453255482, 
        "accumulated_operating_revenue": 1601219, 
        "long_term_average": 364665, 
        "date": "2013-05-31", 
        "operating_revenue": 342133, 
        "short_term_average": 338448
    }, 
    {
        "accumulated_operating_revenue_yoy": -16.760411058634176, 
        "accumulated_operating_revenue": 1931126, 
        "long_term_average": 357792, 
        "date": "2013-06-30", 
        "operating_revenue": 329907, 
        "short_term_average": 340475
    }, 
    {
        "accumulated_operating_revenue_yoy": -16.071853119890864, 
        "accumulated_operating_revenue": 2291063, 
        "long_term_average": 353634, 
        "date": "2013-07-31", 
        "operating_revenue": 359937, 
        "short_term_average": 343992
    }, 
    {
        "accumulated_operating_revenue_yoy": -16.56489082759669, 
        "accumulated_operating_revenue": 2640143, 
        "long_term_average": 346515, 
        "date": "2013-08-31", 
        "operating_revenue": 349080, 
        "short_term_average": 346308
    }, 
    {
        "accumulated_operating_revenue_yoy": -17.558383196646993, 
        "accumulated_operating_revenue": 2977825, 
        "long_term_average": 337344, 
        "date": "2013-09-30", 
        "operating_revenue": 337682, 
        "short_term_average": 348899
    }, 
    {
        "accumulated_operating_revenue_yoy": -17.477226124405274, 
        "accumulated_operating_revenue": 3292015, 
        "long_term_average": 332095, 
        "date": "2013-10-31", 
        "operating_revenue": 314190, 
        "short_term_average": 333650
    }, 
    {
        "accumulated_operating_revenue_yoy": -17.558439207177155, 
        "accumulated_operating_revenue": 3606444, 
        "long_term_average": 326186, 
        "date": "2013-11-30", 
        "operating_revenue": 314429, 
        "short_term_average": 322100
    }, 
    {
        "accumulated_operating_revenue_yoy": -16.503546833904807, 
        "accumulated_operating_revenue": 3909592, 
        "long_term_average": 325799, 
        "date": "2013-12-31", 
        "operating_revenue": 303148, 
        "short_term_average": 310589
    }, 
    {
        "accumulated_operating_revenue_yoy": 3.457012022975797, 
        "accumulated_operating_revenue": 349963, 
        "long_term_average": 326773, 
        "date": "2014-01-31", 
        "operating_revenue": 349963, 
        "short_term_average": 322513
    }, 
    {
        "accumulated_operating_revenue_yoy": 6.587434478120685, 
        "accumulated_operating_revenue": 624467, 
        "long_term_average": 329015, 
        "date": "2014-02-28", 
        "operating_revenue": 274504, 
        "short_term_average": 309205
    }, 
    {
        "accumulated_operating_revenue_yoy": 5.4873035066505444, 
        "accumulated_operating_revenue": 959618, 
        "long_term_average": 329959, 
        "date": "2014-03-31", 
        "operating_revenue": 335151, 
        "short_term_average": 319872
    }, 
    {
        "accumulated_operating_revenue_yoy": 2.2509185234368423, 
        "accumulated_operating_revenue": 1287427, 
        "long_term_average": 328161, 
        "date": "2014-04-30", 
        "operating_revenue": 327809, 
        "short_term_average": 312488
    }, 
    {
        "accumulated_operating_revenue_yoy": 1.2020217097099148, 
        "accumulated_operating_revenue": 1620466, 
        "long_term_average": 327403, 
        "date": "2014-05-31", 
        "operating_revenue": 333039, 
        "short_term_average": 331999
    }, 
    {
        "accumulated_operating_revenue_yoy": 0.1366042402204724, 
        "accumulated_operating_revenue": 1933764, 
        "long_term_average": 326019, 
        "date": "2014-06-30", 
        "operating_revenue": 313298, 
        "short_term_average": 324715
    }, 
    {
        "accumulated_operating_revenue_yoy": -0.8744412528158326, 
        "accumulated_operating_revenue": 2271029, 
        "long_term_average": 324129, 
        "date": "2014-07-31", 
        "operating_revenue": 337265, 
        "short_term_average": 327867
    }, 
    {
        "accumulated_operating_revenue_yoy": -0.7105675715292694, 
        "accumulated_operating_revenue": 2621383, 
        "long_term_average": 324236, 
        "date": "2014-08-31", 
        "operating_revenue": 350354, 
        "short_term_average": 333639
    }, 
    {
        "accumulated_operating_revenue_yoy": 0.18547093936010342, 
        "accumulated_operating_revenue": 2983348, 
        "long_term_average": 326259, 
        "date": "2014-09-30", 
        "operating_revenue": 361965, 
        "short_term_average": 349861
    }, 
    {
        "accumulated_operating_revenue_yoy": 1.1809484464681965, 
        "accumulated_operating_revenue": 3330892, 
        "long_term_average": 329039, 
        "date": "2014-10-31", 
        "operating_revenue": 347544, 
        "short_term_average": 353287
    }, 
    {
        "accumulated_operating_revenue_yoy": 1.3966111771040948, 
        "accumulated_operating_revenue": 3656812, 
        "long_term_average": 329996, 
        "date": "2014-11-30", 
        "operating_revenue": 325920, 
        "short_term_average": 345143
    }, 
    {
        "accumulated_operating_revenue_yoy": 0.8175533406043392, 
        "accumulated_operating_revenue": 3941555, 
        "long_term_average": 328462, 
        "date": "2014-12-31", 
        "operating_revenue": 284743, 
        "short_term_average": 319402
    }, 
    {
        "accumulated_operating_revenue_yoy": -4.286738883824862, 
        "accumulated_operating_revenue": 334961, 
        "long_term_average": 327212, 
        "date": "2015-01-31", 
        "operating_revenue": 334961, 
        "short_term_average": 315208
    }, 
    {
        "accumulated_operating_revenue_yoy": -4.590154483743737, 
        "accumulated_operating_revenue": 595803, 
        "long_term_average": 326074, 
        "date": "2015-02-28", 
        "operating_revenue": 260842, 
        "short_term_average": 293515
    }, 
    {
        "accumulated_operating_revenue_yoy": -7.28862943379553, 
        "accumulated_operating_revenue": 889675, 
        "long_term_average": 322634, 
        "date": "2015-03-31", 
        "operating_revenue": 293872, 
        "short_term_average": 296558
    }, 
    {
        "accumulated_operating_revenue_yoy": -8.040921931884293, 
        "accumulated_operating_revenue": 1183906, 
        "long_term_average": 319836, 
        "date": "2015-04-30", 
        "operating_revenue": 294231, 
        "short_term_average": 282981
    }, 
    {
        "accumulated_operating_revenue_yoy": -10.10400711893986, 
        "accumulated_operating_revenue": 1456734, 
        "long_term_average": 314818, 
        "date": "2015-05-31", 
        "operating_revenue": 272828, 
        "short_term_average": 286977
    }, 
    {
        "accumulated_operating_revenue_yoy": -11.213260770187054, 
        "accumulated_operating_revenue": 1716926, 
        "long_term_average": 310393, 
        "date": "2015-06-30", 
        "operating_revenue": 260192, 
        "short_term_average": 275750
    }, 
    {
        "accumulated_operating_revenue_yoy": -12.780197875060159, 
        "accumulated_operating_revenue": 1980787, 
        "long_term_average": 304276, 
        "date": "2015-07-31", 
        "operating_revenue": 263861, 
        "short_term_average": 265627
    }, 
    {
        "accumulated_operating_revenue_yoy": -13.03472251097989, 
        "accumulated_operating_revenue": 2279693, 
        "long_term_average": 299988, 
        "date": "2015-08-31", 
        "operating_revenue": 298906, 
        "short_term_average": 274319
    }, 
    {
        "accumulated_operating_revenue_yoy": -13.054259844979532, 
        "accumulated_operating_revenue": 2593894, 
        "long_term_average": 296008, 
        "date": "2015-09-30", 
        "operating_revenue": 314201, 
        "short_term_average": 292322
    }
]