[
    {
        "date": "2012-01-31", 
        "operating_revenue": 18, 
        "accumulated_operating_revenue": 18, 
        "long_term_average": 18, 
        "short_term_average": 18
    }, 
    {
        "date": "2012-02-29", 
        "operating_revenue": 801, 
        "accumulated_operating_revenue": 819, 
        "long_term_average": 409, 
        "short_term_average": 409
    }, 
    {
        "date": "2012-03-31", 
        "operating_revenue": 4, 
        "accumulated_operating_revenue": 823, 
        "long_term_average": 274, 
        "short_term_average": 274
    }, 
    {
        "date": "2012-04-30", 
        "operating_revenue": 473, 
        "accumulated_operating_revenue": 1296, 
        "long_term_average": 324, 
        "short_term_average": 426
    }, 
    {
        "date": "2012-05-31", 
        "operating_revenue": 5498, 
        "accumulated_operating_revenue": 6794, 
        "long_term_average": 1358, 
        "short_term_average": 1991
    }, 
    {
        "date": "2012-06-30", 
        "operating_revenue": 1731, 
        "accumulated_operating_revenue": 8525, 
        "long_term_average": 1420, 
        "short_term_average": 2567
    }, 
    {
        "date": "2012-07-31", 
        "operating_revenue": 4, 
        "accumulated_operating_revenue": 8529, 
        "long_term_average": 1218, 
        "short_term_average": 2411
    }, 
    {
        "date": "2012-08-31", 
        "operating_revenue": 1403, 
        "accumulated_operating_revenue": 9932, 
        "long_term_average": 1241, 
        "short_term_average": 1046
    }, 
    {
        "date": "2012-10-31", 
        "operating_revenue": 37, 
        "accumulated_operating_revenue": 9969, 
        "long_term_average": 1107, 
        "short_term_average": 481
    }, 
    {
        "date": "2012-11-30", 
        "operating_revenue": 323, 
        "accumulated_operating_revenue": 10292, 
        "long_term_average": 1029, 
        "short_term_average": 587
    }, 
    {
        "date": "2012-12-31", 
        "operating_revenue": 322, 
        "accumulated_operating_revenue": 10614, 
        "long_term_average": 964, 
        "short_term_average": 227
    }, 
    {
        "accumulated_operating_revenue_yoy": 1716.6666666666667, 
        "accumulated_operating_revenue": 327, 
        "long_term_average": 911, 
        "date": "2013-01-31", 
        "operating_revenue": 327, 
        "short_term_average": 324
    }, 
    {
        "accumulated_operating_revenue_yoy": -20.024420024420024, 
        "accumulated_operating_revenue": 655, 
        "long_term_average": 937, 
        "date": "2013-02-28", 
        "operating_revenue": 328, 
        "short_term_average": 325
    }, 
    {
        "accumulated_operating_revenue_yoy": 448.8456865127582, 
        "accumulated_operating_revenue": 4517, 
        "long_term_average": 1192, 
        "date": "2013-03-31", 
        "operating_revenue": 3862, 
        "short_term_average": 1505
    }, 
    {
        "accumulated_operating_revenue_yoy": 967.824074074074, 
        "accumulated_operating_revenue": 13839, 
        "long_term_average": 1969, 
        "date": "2013-04-30", 
        "operating_revenue": 9322, 
        "short_term_average": 4504
    }, 
    {
        "accumulated_operating_revenue_yoy": 143.40594642331467, 
        "accumulated_operating_revenue": 16537, 
        "long_term_average": 2154, 
        "date": "2013-05-31", 
        "operating_revenue": 2698, 
        "short_term_average": 5294
    }, 
    {
        "accumulated_operating_revenue_yoy": 168.57478005865104, 
        "accumulated_operating_revenue": 22896, 
        "long_term_average": 2226, 
        "date": "2013-06-30", 
        "operating_revenue": 6359, 
        "short_term_average": 6126
    }, 
    {
        "accumulated_operating_revenue_yoy": 215.31246336030017, 
        "accumulated_operating_revenue": 26893, 
        "long_term_average": 2415, 
        "date": "2013-07-31", 
        "operating_revenue": 3997, 
        "short_term_average": 4351
    }, 
    {
        "accumulated_operating_revenue_yoy": 199.51671365283931, 
        "accumulated_operating_revenue": 29748, 
        "long_term_average": 2652, 
        "date": "2013-08-31", 
        "operating_revenue": 2855, 
        "short_term_average": 4403
    }, 
    {
        "date": "2013-09-30", 
        "operating_revenue": 4155, 
        "accumulated_operating_revenue": 33903, 
        "long_term_average": 2882, 
        "short_term_average": 3669
    }, 
    {
        "accumulated_operating_revenue_yoy": 279.4462834787842, 
        "accumulated_operating_revenue": 37827, 
        "long_term_average": 3206, 
        "date": "2013-10-31", 
        "operating_revenue": 3924, 
        "short_term_average": 3644
    }, 
    {
        "accumulated_operating_revenue_yoy": 278.82821609016713, 
        "accumulated_operating_revenue": 38989, 
        "long_term_average": 3275, 
        "date": "2013-11-30", 
        "operating_revenue": 1162, 
        "short_term_average": 3080
    }, 
    {
        "accumulated_operating_revenue_yoy": 275.5888449218014, 
        "accumulated_operating_revenue": 39865, 
        "long_term_average": 3322, 
        "date": "2013-12-31", 
        "operating_revenue": 876, 
        "short_term_average": 1987
    }, 
    {
        "accumulated_operating_revenue_yoy": 167.88990825688072, 
        "accumulated_operating_revenue": 876, 
        "long_term_average": 3367, 
        "date": "2014-01-31", 
        "operating_revenue": 876, 
        "short_term_average": 971
    }, 
    {
        "accumulated_operating_revenue_yoy": 1851.297709923664, 
        "accumulated_operating_revenue": 12781, 
        "long_term_average": 4332, 
        "date": "2014-02-28", 
        "operating_revenue": 11905, 
        "short_term_average": 4552
    }, 
    {
        "accumulated_operating_revenue_yoy": 202.34669028116005, 
        "accumulated_operating_revenue": 13657, 
        "long_term_average": 4083, 
        "date": "2014-03-31", 
        "operating_revenue": 876, 
        "short_term_average": 4552
    }, 
    {
        "accumulated_operating_revenue_yoy": 5.014813209046896, 
        "accumulated_operating_revenue": 14533, 
        "long_term_average": 3379, 
        "date": "2014-04-30", 
        "operating_revenue": 876, 
        "short_term_average": 4552
    }, 
    {
        "accumulated_operating_revenue_yoy": -30.27603074772886, 
        "accumulated_operating_revenue": 15964, 
        "long_term_average": 3274, 
        "date": "2014-06-30", 
        "operating_revenue": 1431, 
        "short_term_average": 1061
    }, 
    {
        "accumulated_operating_revenue_yoy": -38.86885063027554, 
        "accumulated_operating_revenue": 16440, 
        "long_term_average": 2784, 
        "date": "2014-07-31", 
        "operating_revenue": 476, 
        "short_term_average": 927
    }, 
    {
        "accumulated_operating_revenue_yoy": -43.935726771547664, 
        "accumulated_operating_revenue": 16678, 
        "long_term_average": 2470, 
        "date": "2014-08-31", 
        "operating_revenue": 238, 
        "short_term_average": 715
    }, 
    {
        "accumulated_operating_revenue_yoy": -50.10471049759608, 
        "accumulated_operating_revenue": 16916, 
        "long_term_average": 2252, 
        "date": "2014-09-30", 
        "operating_revenue": 238, 
        "short_term_average": 317
    }, 
    {
        "accumulated_operating_revenue_yoy": -54.65143944801333, 
        "accumulated_operating_revenue": 17154, 
        "long_term_average": 1926, 
        "date": "2014-10-31", 
        "operating_revenue": 238, 
        "short_term_average": 238
    }, 
    {
        "accumulated_operating_revenue_yoy": -55.389981789735565, 
        "accumulated_operating_revenue": 17393, 
        "long_term_average": 1619, 
        "date": "2014-11-30", 
        "operating_revenue": 239, 
        "short_term_average": 238
    }, 
    {
        "accumulated_operating_revenue_yoy": -54.17283331242945, 
        "accumulated_operating_revenue": 18269, 
        "long_term_average": 1595, 
        "date": "2014-12-31", 
        "operating_revenue": 876, 
        "short_term_average": 451
    }, 
    {
        "accumulated_operating_revenue_yoy": -42.922374429223744, 
        "accumulated_operating_revenue": 500, 
        "long_term_average": 1564, 
        "date": "2015-01-31", 
        "operating_revenue": 500, 
        "short_term_average": 538
    }, 
    {
        "accumulated_operating_revenue_yoy": -92.17588608090134, 
        "accumulated_operating_revenue": 1000, 
        "long_term_average": 1532, 
        "date": "2015-02-28", 
        "operating_revenue": 500, 
        "short_term_average": 625
    }, 
    {
        "accumulated_operating_revenue_yoy": -87.91828366405507, 
        "accumulated_operating_revenue": 1650, 
        "long_term_average": 594, 
        "date": "2015-03-31", 
        "operating_revenue": 650, 
        "short_term_average": 550
    }, 
    {
        "accumulated_operating_revenue_yoy": -84.17394894378312, 
        "accumulated_operating_revenue": 2300, 
        "long_term_average": 576, 
        "date": "2015-04-30", 
        "operating_revenue": 650, 
        "short_term_average": 600
    }, 
    {
        "date": "2015-05-31", 
        "operating_revenue": 850, 
        "accumulated_operating_revenue": 3150, 
        "long_term_average": 573, 
        "short_term_average": 716
    }, 
    {
        "accumulated_operating_revenue_yoy": -77.33024304685543, 
        "accumulated_operating_revenue": 3619, 
        "long_term_average": 493, 
        "date": "2015-06-30", 
        "operating_revenue": 469, 
        "short_term_average": 656
    }, 
    {
        "accumulated_operating_revenue_yoy": -77.26277372262774, 
        "accumulated_operating_revenue": 3738, 
        "long_term_average": 463, 
        "date": "2015-07-31", 
        "operating_revenue": 119, 
        "short_term_average": 479
    }
]