[
    {
        "date": "2012-01-31", 
        "operating_revenue": 66821, 
        "accumulated_operating_revenue": 66821, 
        "long_term_average": 66821, 
        "short_term_average": 66821
    }, 
    {
        "date": "2012-02-29", 
        "operating_revenue": 80076, 
        "accumulated_operating_revenue": 146897, 
        "long_term_average": 73448, 
        "short_term_average": 73448
    }, 
    {
        "date": "2012-03-31", 
        "operating_revenue": 80987, 
        "accumulated_operating_revenue": 227884, 
        "long_term_average": 75961, 
        "short_term_average": 75961
    }, 
    {
        "date": "2012-04-30", 
        "operating_revenue": 86709, 
        "accumulated_operating_revenue": 314593, 
        "long_term_average": 78648, 
        "short_term_average": 82590
    }, 
    {
        "date": "2012-05-31", 
        "operating_revenue": 88871, 
        "accumulated_operating_revenue": 403464, 
        "long_term_average": 80692, 
        "short_term_average": 85522
    }, 
    {
        "date": "2012-06-30", 
        "operating_revenue": 74074, 
        "accumulated_operating_revenue": 477538, 
        "long_term_average": 79589, 
        "short_term_average": 83218
    }, 
    {
        "date": "2012-07-31", 
        "operating_revenue": 84819, 
        "accumulated_operating_revenue": 562357, 
        "long_term_average": 80336, 
        "short_term_average": 82588
    }, 
    {
        "date": "2012-08-31", 
        "operating_revenue": 82065, 
        "accumulated_operating_revenue": 644422, 
        "long_term_average": 80552, 
        "short_term_average": 80319
    }, 
    {
        "date": "2012-09-30", 
        "operating_revenue": 71925, 
        "accumulated_operating_revenue": 716347, 
        "long_term_average": 79594, 
        "short_term_average": 79603
    }, 
    {
        "date": "2012-10-31", 
        "operating_revenue": 64365, 
        "accumulated_operating_revenue": 780712, 
        "long_term_average": 78071, 
        "short_term_average": 72785
    }, 
    {
        "date": "2012-11-30", 
        "operating_revenue": 61351, 
        "accumulated_operating_revenue": 842063, 
        "long_term_average": 76551, 
        "short_term_average": 65880
    }, 
    {
        "date": "2012-12-31", 
        "operating_revenue": 57249, 
        "accumulated_operating_revenue": 899312, 
        "long_term_average": 74942, 
        "short_term_average": 60988
    }, 
    {
        "accumulated_operating_revenue_yoy": 14.004579398692027, 
        "accumulated_operating_revenue": 76179, 
        "long_term_average": 75722, 
        "date": "2013-01-31", 
        "operating_revenue": 76179, 
        "short_term_average": 64926
    }, 
    {
        "accumulated_operating_revenue_yoy": -5.250617779804897, 
        "accumulated_operating_revenue": 139184, 
        "long_term_average": 74299, 
        "date": "2013-02-28", 
        "operating_revenue": 63005, 
        "short_term_average": 65477
    }, 
    {
        "accumulated_operating_revenue_yoy": -2.98178020396342, 
        "accumulated_operating_revenue": 221089, 
        "long_term_average": 74376, 
        "date": "2013-03-31", 
        "operating_revenue": 81905, 
        "short_term_average": 73696
    }, 
    {
        "accumulated_operating_revenue_yoy": -2.7905897461164106, 
        "accumulated_operating_revenue": 305814, 
        "long_term_average": 74211, 
        "date": "2013-04-30", 
        "operating_revenue": 84725, 
        "short_term_average": 76545
    }, 
    {
        "accumulated_operating_revenue_yoy": -1.1874665397656297, 
        "accumulated_operating_revenue": 398673, 
        "long_term_average": 74543, 
        "date": "2013-05-31", 
        "operating_revenue": 92859, 
        "short_term_average": 86496
    }, 
    {
        "accumulated_operating_revenue_yoy": 3.2395327701669814, 
        "accumulated_operating_revenue": 493008, 
        "long_term_average": 76231, 
        "date": "2013-06-30", 
        "operating_revenue": 94335, 
        "short_term_average": 90639
    }, 
    {
        "accumulated_operating_revenue_yoy": 3.7294814503953897, 
        "accumulated_operating_revenue": 583330, 
        "long_term_average": 76690, 
        "date": "2013-07-31", 
        "operating_revenue": 90322, 
        "short_term_average": 92505
    }, 
    {
        "accumulated_operating_revenue_yoy": 4.799029207568953, 
        "accumulated_operating_revenue": 675348, 
        "long_term_average": 77519, 
        "date": "2013-08-31", 
        "operating_revenue": 92018, 
        "short_term_average": 92225
    }, 
    {
        "accumulated_operating_revenue_yoy": 5.835160892695859, 
        "accumulated_operating_revenue": 758147, 
        "long_term_average": 78426, 
        "date": "2013-09-30", 
        "operating_revenue": 82799, 
        "short_term_average": 88379
    }, 
    {
        "accumulated_operating_revenue_yoy": 7.395428788080624, 
        "accumulated_operating_revenue": 838449, 
        "long_term_average": 79754, 
        "date": "2013-10-31", 
        "operating_revenue": 80302, 
        "short_term_average": 85039
    }, 
    {
        "accumulated_operating_revenue_yoy": 9.076993051588776, 
        "accumulated_operating_revenue": 918497, 
        "long_term_average": 81312, 
        "date": "2013-11-30", 
        "operating_revenue": 80048, 
        "short_term_average": 81049
    }, 
    {
        "accumulated_operating_revenue_yoy": 11.376808048819543, 
        "accumulated_operating_revenue": 1001625, 
        "long_term_average": 83468, 
        "date": "2013-12-31", 
        "operating_revenue": 83128, 
        "short_term_average": 81159
    }, 
    {
        "accumulated_operating_revenue_yoy": 36.437863453182636, 
        "accumulated_operating_revenue": 103937, 
        "long_term_average": 85781, 
        "date": "2014-01-31", 
        "operating_revenue": 103937, 
        "short_term_average": 89037
    }, 
    {
        "accumulated_operating_revenue_yoy": 34.632572709506846, 
        "accumulated_operating_revenue": 187387, 
        "long_term_average": 87485, 
        "date": "2014-02-28", 
        "operating_revenue": 83450, 
        "short_term_average": 90171
    }, 
    {
        "accumulated_operating_revenue_yoy": 33.51500979243653, 
        "accumulated_operating_revenue": 295187, 
        "long_term_average": 89643, 
        "date": "2014-03-31", 
        "operating_revenue": 107800, 
        "short_term_average": 98395
    }, 
    {
        "accumulated_operating_revenue_yoy": 33.361128005912086, 
        "accumulated_operating_revenue": 407837, 
        "long_term_average": 91970, 
        "date": "2014-04-30", 
        "operating_revenue": 112650, 
        "short_term_average": 101300
    }, 
    {
        "accumulated_operating_revenue_yoy": 30.827771130726184, 
        "accumulated_operating_revenue": 521575, 
        "long_term_average": 93710, 
        "date": "2014-05-31", 
        "operating_revenue": 113738, 
        "short_term_average": 111396
    }, 
    {
        "accumulated_operating_revenue_yoy": 27.324911563301203, 
        "accumulated_operating_revenue": 627722, 
        "long_term_average": 94694, 
        "date": "2014-06-30", 
        "operating_revenue": 106147, 
        "short_term_average": 110845
    }, 
    {
        "accumulated_operating_revenue_yoy": 28.102274870142114, 
        "accumulated_operating_revenue": 747259, 
        "long_term_average": 97129, 
        "date": "2014-07-31", 
        "operating_revenue": 119537, 
        "short_term_average": 113140
    }, 
    {
        "accumulated_operating_revenue_yoy": 27.329613769493655, 
        "accumulated_operating_revenue": 859918, 
        "long_term_average": 98849, 
        "date": "2014-08-31", 
        "operating_revenue": 112659, 
        "short_term_average": 112781
    }, 
    {
        "accumulated_operating_revenue_yoy": 28.1663054790166, 
        "accumulated_operating_revenue": 971689, 
        "long_term_average": 101263, 
        "date": "2014-09-30", 
        "operating_revenue": 111771, 
        "short_term_average": 114655
    }, 
    {
        "accumulated_operating_revenue_yoy": 27.988941486005707, 
        "accumulated_operating_revenue": 1073122, 
        "long_term_average": 103024, 
        "date": "2014-10-31", 
        "operating_revenue": 101433, 
        "short_term_average": 108621
    }, 
    {
        "accumulated_operating_revenue_yoy": 26.97080121110902, 
        "accumulated_operating_revenue": 1166223, 
        "long_term_average": 104112, 
        "date": "2014-11-30", 
        "operating_revenue": 93101, 
        "short_term_average": 102101
    }, 
    {
        "accumulated_operating_revenue_yoy": 26.321827031074502, 
        "accumulated_operating_revenue": 1265271, 
        "long_term_average": 105439, 
        "date": "2014-12-31", 
        "operating_revenue": 99048, 
        "short_term_average": 97860
    }, 
    {
        "accumulated_operating_revenue_yoy": 13.899766204527742, 
        "accumulated_operating_revenue": 118384, 
        "long_term_average": 106643, 
        "date": "2015-01-31", 
        "operating_revenue": 118384, 
        "short_term_average": 103511
    }, 
    {
        "accumulated_operating_revenue_yoy": 9.572702482029168, 
        "accumulated_operating_revenue": 205325, 
        "long_term_average": 106934, 
        "date": "2015-02-28", 
        "operating_revenue": 86941, 
        "short_term_average": 101457
    }, 
    {
        "accumulated_operating_revenue_yoy": 11.63499747617612, 
        "accumulated_operating_revenue": 329532, 
        "long_term_average": 108301, 
        "date": "2015-03-31", 
        "operating_revenue": 124207, 
        "short_term_average": 109844
    }, 
    {
        "accumulated_operating_revenue_yoy": 12.648680722935879, 
        "accumulated_operating_revenue": 459423, 
        "long_term_average": 109738, 
        "date": "2015-04-30", 
        "operating_revenue": 129891, 
        "short_term_average": 113679
    }, 
    {
        "accumulated_operating_revenue_yoy": 7.94209845180463, 
        "accumulated_operating_revenue": 562999, 
        "long_term_average": 108891, 
        "date": "2015-05-31", 
        "operating_revenue": 103576, 
        "short_term_average": 119224
    }, 
    {
        "accumulated_operating_revenue_yoy": 6.693249559518385, 
        "accumulated_operating_revenue": 669737, 
        "long_term_average": 108940, 
        "date": "2015-06-30", 
        "operating_revenue": 106738, 
        "short_term_average": 113401
    }, 
    {
        "accumulated_operating_revenue_yoy": 4.766888053539669, 
        "accumulated_operating_revenue": 782880, 
        "long_term_average": 108407, 
        "date": "2015-07-31", 
        "operating_revenue": 113143, 
        "short_term_average": 107819
    }, 
    {
        "accumulated_operating_revenue_yoy": 3.376601024748872, 
        "accumulated_operating_revenue": 888954, 
        "long_term_average": 107858, 
        "date": "2015-08-31", 
        "operating_revenue": 106074, 
        "short_term_average": 108651
    }
]