[
    {
        "date": "2011-09-30", 
        "operating_revenue": 199370, 
        "accumulated_operating_revenue": 199370, 
        "long_term_average": 199370, 
        "short_term_average": 199370
    }, 
    {
        "date": "2011-10-31", 
        "operating_revenue": 207437, 
        "accumulated_operating_revenue": 406807, 
        "long_term_average": 203403, 
        "short_term_average": 203403
    }, 
    {
        "date": "2011-11-30", 
        "operating_revenue": 242177, 
        "accumulated_operating_revenue": 648984, 
        "long_term_average": 216328, 
        "short_term_average": 216328
    }, 
    {
        "date": "2011-12-31", 
        "operating_revenue": 238229, 
        "accumulated_operating_revenue": 887213, 
        "long_term_average": 221803, 
        "short_term_average": 229281
    }, 
    {
        "date": "2012-01-31", 
        "operating_revenue": 153257, 
        "accumulated_operating_revenue": 153257, 
        "long_term_average": 208094, 
        "short_term_average": 211221
    }, 
    {
        "date": "2012-02-29", 
        "operating_revenue": 152289, 
        "accumulated_operating_revenue": 305546, 
        "long_term_average": 198793, 
        "short_term_average": 181258
    }, 
    {
        "date": "2012-03-31", 
        "operating_revenue": 211006, 
        "accumulated_operating_revenue": 516552, 
        "long_term_average": 200537, 
        "short_term_average": 172184
    }, 
    {
        "date": "2012-04-30", 
        "operating_revenue": 212111, 
        "accumulated_operating_revenue": 728663, 
        "long_term_average": 201984, 
        "short_term_average": 191802
    }, 
    {
        "date": "2012-05-31", 
        "operating_revenue": 280655, 
        "accumulated_operating_revenue": 1009318, 
        "long_term_average": 210725, 
        "short_term_average": 234590
    }, 
    {
        "date": "2012-06-30", 
        "operating_revenue": 274806, 
        "accumulated_operating_revenue": 1284124, 
        "long_term_average": 217133, 
        "short_term_average": 255857
    }, 
    {
        "date": "2012-07-31", 
        "operating_revenue": 224435, 
        "accumulated_operating_revenue": 1508559, 
        "long_term_average": 217797, 
        "short_term_average": 259965
    }, 
    {
        "date": "2012-08-31", 
        "operating_revenue": 273048, 
        "accumulated_operating_revenue": 1781607, 
        "long_term_average": 222401, 
        "short_term_average": 257429
    }, 
    {
        "accumulated_operating_revenue_yoy": 928.6948889000352, 
        "accumulated_operating_revenue": 2050909, 
        "long_term_average": 228229, 
        "date": "2012-09-30", 
        "operating_revenue": 269302, 
        "short_term_average": 255595
    }, 
    {
        "accumulated_operating_revenue_yoy": 475.6503698313942, 
        "accumulated_operating_revenue": 2341786, 
        "long_term_average": 235182, 
        "date": "2012-10-31", 
        "operating_revenue": 290877, 
        "short_term_average": 277742
    }, 
    {
        "accumulated_operating_revenue_yoy": 306.16979771458153, 
        "accumulated_operating_revenue": 2635977, 
        "long_term_average": 239517, 
        "date": "2012-11-30", 
        "operating_revenue": 294191, 
        "short_term_average": 284790
    }, 
    {
        "accumulated_operating_revenue_yoy": 231.5164453180916, 
        "accumulated_operating_revenue": 2941257, 
        "long_term_average": 245104, 
        "date": "2012-12-31", 
        "operating_revenue": 305280, 
        "short_term_average": 296782
    }, 
    {
        "accumulated_operating_revenue_yoy": 89.84646704555094, 
        "accumulated_operating_revenue": 290953, 
        "long_term_average": 256579, 
        "date": "2013-01-31", 
        "operating_revenue": 290953, 
        "short_term_average": 296808
    }, 
    {
        "accumulated_operating_revenue_yoy": 56.65333534066883, 
        "accumulated_operating_revenue": 478648, 
        "long_term_average": 259529, 
        "date": "2013-02-28", 
        "operating_revenue": 187695, 
        "short_term_average": 261309
    }, 
    {
        "accumulated_operating_revenue_yoy": 57.11215908562932, 
        "accumulated_operating_revenue": 811566, 
        "long_term_average": 269689, 
        "date": "2013-03-31", 
        "operating_revenue": 332918, 
        "short_term_average": 270522
    }, 
    {
        "accumulated_operating_revenue_yoy": 53.30639815662385, 
        "accumulated_operating_revenue": 1117087, 
        "long_term_average": 277473, 
        "date": "2013-04-30", 
        "operating_revenue": 305521, 
        "short_term_average": 275378
    }, 
    {
        "accumulated_operating_revenue_yoy": 44.008924838356194, 
        "accumulated_operating_revenue": 1453508, 
        "long_term_average": 282120, 
        "date": "2013-05-31", 
        "operating_revenue": 336421, 
        "short_term_average": 324953
    }, 
    {
        "accumulated_operating_revenue_yoy": 38.29334238749529, 
        "accumulated_operating_revenue": 1775858, 
        "long_term_average": 286082, 
        "date": "2013-06-30", 
        "operating_revenue": 322350, 
        "short_term_average": 321430
    }, 
    {
        "accumulated_operating_revenue_yoy": 39.031751492649605, 
        "accumulated_operating_revenue": 2097376, 
        "long_term_average": 294172, 
        "date": "2013-07-31", 
        "operating_revenue": 321518, 
        "short_term_average": 326763
    }, 
    {
        "accumulated_operating_revenue_yoy": 36.571308936258106, 
        "accumulated_operating_revenue": 2433164, 
        "long_term_average": 299401, 
        "date": "2013-08-31", 
        "operating_revenue": 335788, 
        "short_term_average": 326552
    }, 
    {
        "accumulated_operating_revenue_yoy": 35.39640227820932, 
        "accumulated_operating_revenue": 2776857, 
        "long_term_average": 305600, 
        "date": "2013-09-30", 
        "operating_revenue": 343693, 
        "short_term_average": 333666
    }, 
    {
        "accumulated_operating_revenue_yoy": 31.01431983964376, 
        "accumulated_operating_revenue": 3068075, 
        "long_term_average": 305628, 
        "date": "2013-10-31", 
        "operating_revenue": 291218, 
        "short_term_average": 323566
    }, 
    {
        "accumulated_operating_revenue_yoy": 27.40809195224389, 
        "accumulated_operating_revenue": 3358448, 
        "long_term_average": 305310, 
        "date": "2013-11-30", 
        "operating_revenue": 290373, 
        "short_term_average": 308428
    }, 
    {
        "accumulated_operating_revenue_yoy": 24.389028228407106, 
        "accumulated_operating_revenue": 3658601, 
        "long_term_average": 304883, 
        "date": "2013-12-31", 
        "operating_revenue": 300153, 
        "short_term_average": 293914
    }, 
    {
        "accumulated_operating_revenue_yoy": -13.427598271885838, 
        "accumulated_operating_revenue": 251885, 
        "long_term_average": 301627, 
        "date": "2014-01-31", 
        "operating_revenue": 251885, 
        "short_term_average": 280803
    }, 
    {
        "accumulated_operating_revenue_yoy": -14.64646253614347, 
        "accumulated_operating_revenue": 408543, 
        "long_term_average": 299041, 
        "date": "2014-02-28", 
        "operating_revenue": 156658, 
        "short_term_average": 236232
    }, 
    {
        "accumulated_operating_revenue_yoy": -27.85441972679979, 
        "accumulated_operating_revenue": 585509, 
        "long_term_average": 286045, 
        "date": "2014-03-31", 
        "operating_revenue": 176966, 
        "short_term_average": 195169
    }, 
    {
        "accumulated_operating_revenue_yoy": -26.337429403439483, 
        "accumulated_operating_revenue": 822875, 
        "long_term_average": 280365, 
        "date": "2014-04-30", 
        "operating_revenue": 237366, 
        "short_term_average": 190330
    }, 
    {
        "accumulated_operating_revenue_yoy": -26.527476972950957, 
        "accumulated_operating_revenue": 1067929, 
        "long_term_average": 272751, 
        "date": "2014-05-31", 
        "operating_revenue": 245054, 
        "short_term_average": 219795
    }, 
    {
        "accumulated_operating_revenue_yoy": -27.79546562844552, 
        "accumulated_operating_revenue": 1282250, 
        "long_term_average": 263749, 
        "date": "2014-06-30", 
        "operating_revenue": 214321, 
        "short_term_average": 232247
    }, 
    {
        "accumulated_operating_revenue_yoy": -32.722649634591036, 
        "accumulated_operating_revenue": 1411059, 
        "long_term_average": 247690, 
        "date": "2014-07-31", 
        "operating_revenue": 128809, 
        "short_term_average": 196061
    }, 
    {
        "accumulated_operating_revenue_yoy": -34.67016608827026, 
        "accumulated_operating_revenue": 1589582, 
        "long_term_average": 234584, 
        "date": "2014-08-31", 
        "operating_revenue": 178523, 
        "short_term_average": 173884
    }, 
    {
        "accumulated_operating_revenue_yoy": -37.40394265891258, 
        "accumulated_operating_revenue": 1738203, 
        "long_term_average": 218328, 
        "date": "2014-09-30", 
        "operating_revenue": 148621, 
        "short_term_average": 151984
    }, 
    {
        "accumulated_operating_revenue_yoy": -38.26252617683727, 
        "accumulated_operating_revenue": 1894152, 
        "long_term_average": 207056, 
        "date": "2014-10-31", 
        "operating_revenue": 155949, 
        "short_term_average": 161031
    }, 
    {
        "accumulated_operating_revenue_yoy": -40.006098054815794, 
        "accumulated_operating_revenue": 2014864, 
        "long_term_average": 192918, 
        "date": "2014-11-30", 
        "operating_revenue": 120712, 
        "short_term_average": 141760
    }, 
    {
        "accumulated_operating_revenue_yoy": -41.82965018595906, 
        "accumulated_operating_revenue": 2128221, 
        "long_term_average": 177351, 
        "date": "2014-12-31", 
        "operating_revenue": 113357, 
        "short_term_average": 130006
    }, 
    {
        "accumulated_operating_revenue_yoy": -47.06909899358834, 
        "accumulated_operating_revenue": 133325, 
        "long_term_average": 167471, 
        "date": "2015-01-31", 
        "operating_revenue": 133325, 
        "short_term_average": 122464
    }, 
    {
        "accumulated_operating_revenue_yoy": -48.23531427536392, 
        "accumulated_operating_revenue": 211481, 
        "long_term_average": 160929, 
        "date": "2015-02-28", 
        "operating_revenue": 78156, 
        "short_term_average": 108279
    }, 
    {
        "accumulated_operating_revenue_yoy": -31.764498923159167, 
        "accumulated_operating_revenue": 399525, 
        "long_term_average": 161853, 
        "date": "2015-03-31", 
        "operating_revenue": 188044, 
        "short_term_average": 133175
    }, 
    {
        "accumulated_operating_revenue_yoy": -32.27671274494911, 
        "accumulated_operating_revenue": 557278, 
        "long_term_average": 155218, 
        "date": "2015-04-30", 
        "operating_revenue": 157753, 
        "short_term_average": 141317
    }, 
    {
        "accumulated_operating_revenue_yoy": -29.906107990325197, 
        "accumulated_operating_revenue": 748553, 
        "long_term_average": 150737, 
        "date": "2015-05-31", 
        "operating_revenue": 191275, 
        "short_term_average": 179024
    }, 
    {
        "accumulated_operating_revenue_yoy": -22.504815753558198, 
        "accumulated_operating_revenue": 993682, 
        "long_term_average": 153304, 
        "date": "2015-06-30", 
        "operating_revenue": 245129, 
        "short_term_average": 198052
    }, 
    {
        "accumulated_operating_revenue_yoy": -18.30653431217263, 
        "accumulated_operating_revenue": 1152743, 
        "long_term_average": 155825, 
        "date": "2015-07-31", 
        "operating_revenue": 159061, 
        "short_term_average": 198488
    }, 
    {
        "accumulated_operating_revenue_yoy": -15.569124461650924, 
        "accumulated_operating_revenue": 1342098, 
        "long_term_average": 156728, 
        "date": "2015-08-31", 
        "operating_revenue": 189355, 
        "short_term_average": 197848
    }, 
    {
        "accumulated_operating_revenue_yoy": -12.021840947231134, 
        "accumulated_operating_revenue": 1529239, 
        "long_term_average": 159938, 
        "date": "2015-09-30", 
        "operating_revenue": 187141, 
        "short_term_average": 178519
    }
]