[
    {
        "date": "2011-09-30", 
        "operating_revenue": 383021, 
        "accumulated_operating_revenue": 383021, 
        "long_term_average": 383021, 
        "short_term_average": 383021
    }, 
    {
        "date": "2011-10-31", 
        "operating_revenue": 352497, 
        "accumulated_operating_revenue": 735518, 
        "long_term_average": 367759, 
        "short_term_average": 367759
    }, 
    {
        "date": "2011-11-30", 
        "operating_revenue": 313687, 
        "accumulated_operating_revenue": 1049205, 
        "long_term_average": 349735, 
        "short_term_average": 349735
    }, 
    {
        "date": "2011-12-31", 
        "operating_revenue": 261316, 
        "accumulated_operating_revenue": 1310521, 
        "long_term_average": 327630, 
        "short_term_average": 309166
    }, 
    {
        "date": "2012-01-31", 
        "operating_revenue": 278008, 
        "accumulated_operating_revenue": 278008, 
        "long_term_average": 317705, 
        "short_term_average": 284337
    }, 
    {
        "date": "2012-02-29", 
        "operating_revenue": 428376, 
        "accumulated_operating_revenue": 706384, 
        "long_term_average": 336150, 
        "short_term_average": 322566
    }, 
    {
        "date": "2012-03-31", 
        "operating_revenue": 440618, 
        "accumulated_operating_revenue": 1147002, 
        "long_term_average": 351074, 
        "short_term_average": 382334
    }, 
    {
        "date": "2012-04-30", 
        "operating_revenue": 332746, 
        "accumulated_operating_revenue": 1479748, 
        "long_term_average": 348783, 
        "short_term_average": 400580
    }, 
    {
        "date": "2012-05-31", 
        "operating_revenue": 348620, 
        "accumulated_operating_revenue": 1828368, 
        "long_term_average": 348765, 
        "short_term_average": 373994
    }, 
    {
        "date": "2012-06-30", 
        "operating_revenue": 334333, 
        "accumulated_operating_revenue": 2162701, 
        "long_term_average": 347322, 
        "short_term_average": 338566
    }, 
    {
        "date": "2012-07-31", 
        "operating_revenue": 319817, 
        "accumulated_operating_revenue": 2482518, 
        "long_term_average": 344821, 
        "short_term_average": 334256
    }, 
    {
        "date": "2012-08-31", 
        "operating_revenue": 363299, 
        "accumulated_operating_revenue": 2845817, 
        "long_term_average": 346361, 
        "short_term_average": 339149
    }, 
    {
        "accumulated_operating_revenue_yoy": 728.3950488354425, 
        "accumulated_operating_revenue": 3172927, 
        "long_term_average": 341702, 
        "date": "2012-09-30", 
        "operating_revenue": 327110, 
        "short_term_average": 336742
    }, 
    {
        "accumulated_operating_revenue_yoy": 372.68727617814926, 
        "accumulated_operating_revenue": 3476700, 
        "long_term_average": 337641, 
        "date": "2012-10-31", 
        "operating_revenue": 303773, 
        "short_term_average": 331394
    }, 
    {
        "accumulated_operating_revenue_yoy": 266.4830991083725, 
        "accumulated_operating_revenue": 3845159, 
        "long_term_average": 342206, 
        "date": "2012-11-30", 
        "operating_revenue": 368459, 
        "short_term_average": 333114
    }, 
    {
        "accumulated_operating_revenue_yoy": 226.12151960937675, 
        "accumulated_operating_revenue": 4273891, 
        "long_term_average": 356157, 
        "date": "2012-12-31", 
        "operating_revenue": 428732, 
        "short_term_average": 366988
    }, 
    {
        "accumulated_operating_revenue_yoy": 57.89833386089609, 
        "accumulated_operating_revenue": 438970, 
        "long_term_average": 369571, 
        "date": "2013-01-31", 
        "operating_revenue": 438970, 
        "short_term_average": 412053
    }, 
    {
        "accumulated_operating_revenue_yoy": 14.122063919907585, 
        "accumulated_operating_revenue": 806140, 
        "long_term_average": 364470, 
        "date": "2013-02-28", 
        "operating_revenue": 367170, 
        "short_term_average": 411624
    }, 
    {
        "accumulated_operating_revenue_yoy": 1.650825369092643, 
        "accumulated_operating_revenue": 1165937, 
        "long_term_average": 357735, 
        "date": "2013-03-31", 
        "operating_revenue": 359797, 
        "short_term_average": 388645
    }, 
    {
        "accumulated_operating_revenue_yoy": 8.688979474883562, 
        "accumulated_operating_revenue": 1608323, 
        "long_term_average": 366872, 
        "date": "2013-04-30", 
        "operating_revenue": 442386, 
        "short_term_average": 389784
    }, 
    {
        "accumulated_operating_revenue_yoy": 13.48989918878475, 
        "accumulated_operating_revenue": 2075013, 
        "long_term_average": 376711, 
        "date": "2013-05-31", 
        "operating_revenue": 466690, 
        "short_term_average": 422957
    }, 
    {
        "accumulated_operating_revenue_yoy": 15.453916190911274, 
        "accumulated_operating_revenue": 2496923, 
        "long_term_average": 384009, 
        "date": "2013-06-30", 
        "operating_revenue": 421910, 
        "short_term_average": 443662
    }, 
    {
        "accumulated_operating_revenue_yoy": 16.87073366638228, 
        "accumulated_operating_revenue": 2901337, 
        "long_term_average": 391059, 
        "date": "2013-07-31", 
        "operating_revenue": 404414, 
        "short_term_average": 431004
    }, 
    {
        "accumulated_operating_revenue_yoy": 15.60068690291751, 
        "accumulated_operating_revenue": 3289784, 
        "long_term_average": 393154, 
        "date": "2013-08-31", 
        "operating_revenue": 388447, 
        "short_term_average": 404923
    }, 
    {
        "accumulated_operating_revenue_yoy": 15.416081113747653, 
        "accumulated_operating_revenue": 3662068, 
        "long_term_average": 396919, 
        "date": "2013-09-30", 
        "operating_revenue": 372284, 
        "short_term_average": 388381
    }, 
    {
        "accumulated_operating_revenue_yoy": 14.559122156067536, 
        "accumulated_operating_revenue": 3982877, 
        "long_term_average": 398339, 
        "date": "2013-10-31", 
        "operating_revenue": 320809, 
        "short_term_average": 360513
    }, 
    {
        "accumulated_operating_revenue_yoy": 11.55632315854819, 
        "accumulated_operating_revenue": 4289518, 
        "long_term_average": 393187, 
        "date": "2013-11-30", 
        "operating_revenue": 306641, 
        "short_term_average": 333244
    }, 
    {
        "accumulated_operating_revenue_yoy": 8.78606871349784, 
        "accumulated_operating_revenue": 4649398, 
        "long_term_average": 387449, 
        "date": "2013-12-31", 
        "operating_revenue": 359880, 
        "short_term_average": 329110
    }, 
    {
        "accumulated_operating_revenue_yoy": -58.570289541426526, 
        "accumulated_operating_revenue": 181864, 
        "long_term_average": 366024, 
        "date": "2014-01-31", 
        "operating_revenue": 181864, 
        "short_term_average": 282795
    }, 
    {
        "accumulated_operating_revenue_yoy": -61.23278834941821, 
        "accumulated_operating_revenue": 312518, 
        "long_term_average": 346314, 
        "date": "2014-02-28", 
        "operating_revenue": 130654, 
        "short_term_average": 224132
    }, 
    {
        "accumulated_operating_revenue_yoy": -59.065627045029025, 
        "accumulated_operating_revenue": 477269, 
        "long_term_average": 330060, 
        "date": "2014-03-31", 
        "operating_revenue": 164751, 
        "short_term_average": 159089
    }, 
    {
        "accumulated_operating_revenue_yoy": -58.695237212923026, 
        "accumulated_operating_revenue": 664314, 
        "long_term_average": 308782, 
        "date": "2014-04-30", 
        "operating_revenue": 187045, 
        "short_term_average": 160816
    }, 
    {
        "accumulated_operating_revenue_yoy": -57.48272420461944, 
        "accumulated_operating_revenue": 882239, 
        "long_term_average": 288052, 
        "date": "2014-05-31", 
        "operating_revenue": 217925, 
        "short_term_average": 189907
    }, 
    {
        "accumulated_operating_revenue_yoy": -55.600232766489, 
        "accumulated_operating_revenue": 1108628, 
        "long_term_average": 271758, 
        "date": "2014-06-30", 
        "operating_revenue": 226389, 
        "short_term_average": 210453
    }, 
    {
        "accumulated_operating_revenue_yoy": -54.83099688178243, 
        "accumulated_operating_revenue": 1310505, 
        "long_term_average": 254880, 
        "date": "2014-07-31", 
        "operating_revenue": 201877, 
        "short_term_average": 215397
    }, 
    {
        "accumulated_operating_revenue_yoy": -53.234163701933014, 
        "accumulated_operating_revenue": 1538495, 
        "long_term_average": 241509, 
        "date": "2014-08-31", 
        "operating_revenue": 227990, 
        "short_term_average": 218752
    }, 
    {
        "accumulated_operating_revenue_yoy": -53.750694962518445, 
        "accumulated_operating_revenue": 1693681, 
        "long_term_average": 223417, 
        "date": "2014-09-30", 
        "operating_revenue": 155186, 
        "short_term_average": 195017
    }, 
    {
        "accumulated_operating_revenue_yoy": -53.37937877569405, 
        "accumulated_operating_revenue": 1856842, 
        "long_term_average": 210280, 
        "date": "2014-10-31", 
        "operating_revenue": 163161, 
        "short_term_average": 182112
    }, 
    {
        "accumulated_operating_revenue_yoy": -53.197655307659275, 
        "accumulated_operating_revenue": 2007595, 
        "long_term_average": 197289, 
        "date": "2014-11-30", 
        "operating_revenue": 150753, 
        "short_term_average": 156366
    }, 
    {
        "accumulated_operating_revenue_yoy": -53.15468798326148, 
        "accumulated_operating_revenue": 2178025, 
        "long_term_average": 181502, 
        "date": "2014-12-31", 
        "operating_revenue": 170430, 
        "short_term_average": 161448
    }, 
    {
        "accumulated_operating_revenue_yoy": -4.532507808032376, 
        "accumulated_operating_revenue": 173621, 
        "long_term_average": 180815, 
        "date": "2015-01-31", 
        "operating_revenue": 173621, 
        "short_term_average": 164934
    }, 
    {
        "accumulated_operating_revenue_yoy": -3.1351794136657727, 
        "accumulated_operating_revenue": 302720, 
        "long_term_average": 180685, 
        "date": "2015-02-28", 
        "operating_revenue": 129099, 
        "short_term_average": 157716
    }, 
    {
        "accumulated_operating_revenue_yoy": -4.654817304287519, 
        "accumulated_operating_revenue": 455053, 
        "long_term_average": 179650, 
        "date": "2015-03-31", 
        "operating_revenue": 152333, 
        "short_term_average": 151684
    }, 
    {
        "accumulated_operating_revenue_yoy": -6.643244008104602, 
        "accumulated_operating_revenue": 620182, 
        "long_term_average": 177824, 
        "date": "2015-04-30", 
        "operating_revenue": 165129, 
        "short_term_average": 148853
    }, 
    {
        "accumulated_operating_revenue_yoy": -12.951252438398212, 
        "accumulated_operating_revenue": 767978, 
        "long_term_average": 171980, 
        "date": "2015-05-31", 
        "operating_revenue": 147796, 
        "short_term_average": 155086
    }, 
    {
        "accumulated_operating_revenue_yoy": -17.304632392470694, 
        "accumulated_operating_revenue": 916784, 
        "long_term_average": 165515, 
        "date": "2015-06-30", 
        "operating_revenue": 148806, 
        "short_term_average": 153910
    }, 
    {
        "accumulated_operating_revenue_yoy": -19.839756429773256, 
        "accumulated_operating_revenue": 1050504, 
        "long_term_average": 159835, 
        "date": "2015-07-31", 
        "operating_revenue": 133720, 
        "short_term_average": 143440
    }, 
    {
        "accumulated_operating_revenue_yoy": -21.831465165632647, 
        "accumulated_operating_revenue": 1202619, 
        "long_term_average": 153512, 
        "date": "2015-08-31", 
        "operating_revenue": 152115, 
        "short_term_average": 144880
    }
]