[
    {
        "date": "2012-01-31", 
        "operating_revenue": 75865, 
        "accumulated_operating_revenue": 75865, 
        "long_term_average": 75865, 
        "short_term_average": 75865
    }, 
    {
        "date": "2012-02-29", 
        "operating_revenue": 93630, 
        "accumulated_operating_revenue": 169495, 
        "long_term_average": 84747, 
        "short_term_average": 84747
    }, 
    {
        "date": "2012-03-31", 
        "operating_revenue": 114416, 
        "accumulated_operating_revenue": 283911, 
        "long_term_average": 94637, 
        "short_term_average": 94637
    }, 
    {
        "date": "2012-04-30", 
        "operating_revenue": 142995, 
        "accumulated_operating_revenue": 426906, 
        "long_term_average": 106726, 
        "short_term_average": 117013
    }, 
    {
        "date": "2012-05-31", 
        "operating_revenue": 168800, 
        "accumulated_operating_revenue": 595706, 
        "long_term_average": 119141, 
        "short_term_average": 142070
    }, 
    {
        "date": "2012-06-30", 
        "operating_revenue": 177984, 
        "accumulated_operating_revenue": 773690, 
        "long_term_average": 128948, 
        "short_term_average": 163259
    }, 
    {
        "date": "2012-07-31", 
        "operating_revenue": 178430, 
        "accumulated_operating_revenue": 952120, 
        "long_term_average": 136017, 
        "short_term_average": 175071
    }, 
    {
        "date": "2012-08-31", 
        "operating_revenue": 175666, 
        "accumulated_operating_revenue": 1127786, 
        "long_term_average": 140973, 
        "short_term_average": 177360
    }, 
    {
        "date": "2012-09-30", 
        "operating_revenue": 150314, 
        "accumulated_operating_revenue": 1278100, 
        "long_term_average": 142011, 
        "short_term_average": 168136
    }, 
    {
        "date": "2012-10-31", 
        "operating_revenue": 123892, 
        "accumulated_operating_revenue": 1401992, 
        "long_term_average": 140199, 
        "short_term_average": 149957
    }, 
    {
        "date": "2012-11-30", 
        "operating_revenue": 107996, 
        "accumulated_operating_revenue": 1509988, 
        "long_term_average": 137271, 
        "short_term_average": 127400
    }, 
    {
        "date": "2012-12-31", 
        "operating_revenue": 100776, 
        "accumulated_operating_revenue": 1610764, 
        "long_term_average": 134230, 
        "short_term_average": 110888
    }, 
    {
        "accumulated_operating_revenue_yoy": 3.9464838858498648, 
        "accumulated_operating_revenue": 78859, 
        "long_term_average": 134479, 
        "date": "2013-01-31", 
        "operating_revenue": 78859, 
        "short_term_average": 95877
    }, 
    {
        "accumulated_operating_revenue_yoy": -9.704121065518157, 
        "accumulated_operating_revenue": 153047, 
        "long_term_average": 132859, 
        "date": "2013-02-28", 
        "operating_revenue": 74188, 
        "short_term_average": 84607
    }, 
    {
        "accumulated_operating_revenue_yoy": -13.520081997527395, 
        "accumulated_operating_revenue": 245526, 
        "long_term_average": 131031, 
        "date": "2013-03-31", 
        "operating_revenue": 92479, 
        "short_term_average": 81842
    }, 
    {
        "accumulated_operating_revenue_yoy": -14.79857392493898, 
        "accumulated_operating_revenue": 363730, 
        "long_term_average": 128965, 
        "date": "2013-04-30", 
        "operating_revenue": 118204, 
        "short_term_average": 94957
    }, 
    {
        "accumulated_operating_revenue_yoy": -19.362907205903586, 
        "accumulated_operating_revenue": 480360, 
        "long_term_average": 124618, 
        "date": "2013-05-31", 
        "operating_revenue": 116630, 
        "short_term_average": 109104
    }, 
    {
        "accumulated_operating_revenue_yoy": -23.037779989401443, 
        "accumulated_operating_revenue": 595449, 
        "long_term_average": 119376, 
        "date": "2013-06-30", 
        "operating_revenue": 115089, 
        "short_term_average": 116641
    }, 
    {
        "accumulated_operating_revenue_yoy": -28.03816745788346, 
        "accumulated_operating_revenue": 685163, 
        "long_term_average": 111983, 
        "date": "2013-07-31", 
        "operating_revenue": 89714, 
        "short_term_average": 107144
    }, 
    {
        "accumulated_operating_revenue_yoy": -31.648646108392903, 
        "accumulated_operating_revenue": 770857, 
        "long_term_average": 104486, 
        "date": "2013-08-31", 
        "operating_revenue": 85694, 
        "short_term_average": 96832
    }, 
    {
        "accumulated_operating_revenue_yoy": -34.17729442140677, 
        "accumulated_operating_revenue": 841280, 
        "long_term_average": 97828, 
        "date": "2013-09-30", 
        "operating_revenue": 70423, 
        "short_term_average": 81943
    }, 
    {
        "accumulated_operating_revenue_yoy": -34.89121193273571, 
        "accumulated_operating_revenue": 912820, 
        "long_term_average": 93466, 
        "date": "2013-10-31", 
        "operating_revenue": 71540, 
        "short_term_average": 75885
    }, 
    {
        "accumulated_operating_revenue_yoy": -34.65054026919419, 
        "accumulated_operating_revenue": 986769, 
        "long_term_average": 90628, 
        "date": "2013-11-30", 
        "operating_revenue": 73949, 
        "short_term_average": 71970
    }, 
    {
        "accumulated_operating_revenue_yoy": -33.81345746490485, 
        "accumulated_operating_revenue": 1066109, 
        "long_term_average": 88842, 
        "date": "2013-12-31", 
        "operating_revenue": 79340, 
        "short_term_average": 74943
    }, 
    {
        "accumulated_operating_revenue_yoy": 12.948426939220633, 
        "accumulated_operating_revenue": 89070, 
        "long_term_average": 89693, 
        "date": "2014-01-31", 
        "operating_revenue": 89070, 
        "short_term_average": 80786
    }, 
    {
        "accumulated_operating_revenue_yoy": 10.774467973890374, 
        "accumulated_operating_revenue": 169537, 
        "long_term_average": 90216, 
        "date": "2014-02-28", 
        "operating_revenue": 80467, 
        "short_term_average": 82959
    }, 
    {
        "accumulated_operating_revenue_yoy": 9.336689393383999, 
        "accumulated_operating_revenue": 268450, 
        "long_term_average": 90752, 
        "date": "2014-03-31", 
        "operating_revenue": 98913, 
        "short_term_average": 89483
    }, 
    {
        "accumulated_operating_revenue_yoy": 12.033376405575565, 
        "accumulated_operating_revenue": 407499, 
        "long_term_average": 92489, 
        "date": "2014-04-30", 
        "operating_revenue": 139049, 
        "short_term_average": 106143
    }, 
    {
        "accumulated_operating_revenue_yoy": 22.320967607627612, 
        "accumulated_operating_revenue": 587581, 
        "long_term_average": 97777, 
        "date": "2014-05-31", 
        "operating_revenue": 180082, 
        "short_term_average": 139348
    }, 
    {
        "accumulated_operating_revenue_yoy": 32.91264239254747, 
        "accumulated_operating_revenue": 791427, 
        "long_term_average": 105173, 
        "date": "2014-06-30", 
        "operating_revenue": 203846, 
        "short_term_average": 174325
    }, 
    {
        "accumulated_operating_revenue_yoy": 53.96409321577493, 
        "accumulated_operating_revenue": 1054905, 
        "long_term_average": 119654, 
        "date": "2014-07-31", 
        "operating_revenue": 263478, 
        "short_term_average": 215802
    }, 
    {
        "accumulated_operating_revenue_yoy": 72.53264872732557, 
        "accumulated_operating_revenue": 1329980, 
        "long_term_average": 135436, 
        "date": "2014-08-31", 
        "operating_revenue": 275075, 
        "short_term_average": 247466
    }, 
    {
        "accumulated_operating_revenue_yoy": 94.28965386078357, 
        "accumulated_operating_revenue": 1634520, 
        "long_term_average": 154945, 
        "date": "2014-09-30", 
        "operating_revenue": 304540, 
        "short_term_average": 281031
    }, 
    {
        "accumulated_operating_revenue_yoy": 115.45507328936702, 
        "accumulated_operating_revenue": 1966717, 
        "long_term_average": 176667, 
        "date": "2014-10-31", 
        "operating_revenue": 332197, 
        "short_term_average": 303937
    }, 
    {
        "accumulated_operating_revenue_yoy": 133.74954016593549, 
        "accumulated_operating_revenue": 2306568, 
        "long_term_average": 198825, 
        "date": "2014-11-30", 
        "operating_revenue": 339851, 
        "short_term_average": 325529
    }, 
    {
        "accumulated_operating_revenue_yoy": 150.38921911361786, 
        "accumulated_operating_revenue": 2669422, 
        "long_term_average": 222451, 
        "date": "2014-12-31", 
        "operating_revenue": 362854, 
        "short_term_average": 344967
    }, 
    {
        "accumulated_operating_revenue_yoy": 309.8574155158864, 
        "accumulated_operating_revenue": 365060, 
        "long_term_average": 245451, 
        "date": "2015-01-31", 
        "operating_revenue": 365060, 
        "short_term_average": 355921
    }, 
    {
        "accumulated_operating_revenue_yoy": 298.375575833004, 
        "accumulated_operating_revenue": 675394, 
        "long_term_average": 264606, 
        "date": "2015-02-28", 
        "operating_revenue": 310334, 
        "short_term_average": 346082
    }, 
    {
        "accumulated_operating_revenue_yoy": 278.63438256658594, 
        "accumulated_operating_revenue": 1016444, 
        "long_term_average": 284784, 
        "date": "2015-03-31", 
        "operating_revenue": 341050, 
        "short_term_average": 338814
    }, 
    {
        "accumulated_operating_revenue_yoy": 235.5748112265306, 
        "accumulated_operating_revenue": 1367464, 
        "long_term_average": 302448, 
        "date": "2015-04-30", 
        "operating_revenue": 351020, 
        "short_term_average": 334134
    }, 
    {
        "accumulated_operating_revenue_yoy": 195.9035435114478, 
        "accumulated_operating_revenue": 1738673, 
        "long_term_average": 318376, 
        "date": "2015-05-31", 
        "operating_revenue": 371209, 
        "short_term_average": 354426
    }, 
    {
        "accumulated_operating_revenue_yoy": 167.16816585736902, 
        "accumulated_operating_revenue": 2114441, 
        "long_term_average": 332703, 
        "date": "2015-06-30", 
        "operating_revenue": 375768, 
        "short_term_average": 365999
    }, 
    {
        "accumulated_operating_revenue_yoy": 136.95479687744395, 
        "accumulated_operating_revenue": 2499648, 
        "long_term_average": 342847, 
        "date": "2015-07-31", 
        "operating_revenue": 385207, 
        "short_term_average": 377394
    }, 
    {
        "accumulated_operating_revenue_yoy": 118.498849606761, 
        "accumulated_operating_revenue": 2905991, 
        "long_term_average": 353786, 
        "date": "2015-08-31", 
        "operating_revenue": 406343, 
        "short_term_average": 389106
    }
]