[
    {
        "date": "2012-01-31", 
        "operating_revenue": 20343, 
        "accumulated_operating_revenue": 20343, 
        "long_term_average": 20343, 
        "short_term_average": 20343
    }, 
    {
        "date": "2012-02-29", 
        "operating_revenue": 22804, 
        "accumulated_operating_revenue": 43147, 
        "long_term_average": 21573, 
        "short_term_average": 21573
    }, 
    {
        "date": "2012-03-31", 
        "operating_revenue": 23611, 
        "accumulated_operating_revenue": 66758, 
        "long_term_average": 22252, 
        "short_term_average": 22252
    }, 
    {
        "date": "2012-04-30", 
        "operating_revenue": 19007, 
        "accumulated_operating_revenue": 85765, 
        "long_term_average": 21441, 
        "short_term_average": 21807
    }, 
    {
        "date": "2012-05-31", 
        "operating_revenue": 18649, 
        "accumulated_operating_revenue": 104414, 
        "long_term_average": 20882, 
        "short_term_average": 20422
    }, 
    {
        "date": "2012-06-30", 
        "operating_revenue": 17555, 
        "accumulated_operating_revenue": 121969, 
        "long_term_average": 20328, 
        "short_term_average": 18403
    }, 
    {
        "date": "2012-07-31", 
        "operating_revenue": 22217, 
        "accumulated_operating_revenue": 144186, 
        "long_term_average": 20598, 
        "short_term_average": 19473
    }, 
    {
        "date": "2012-08-31", 
        "operating_revenue": 24721, 
        "accumulated_operating_revenue": 168907, 
        "long_term_average": 21113, 
        "short_term_average": 21497
    }, 
    {
        "date": "2012-09-30", 
        "operating_revenue": 20103, 
        "accumulated_operating_revenue": 189010, 
        "long_term_average": 21001, 
        "short_term_average": 22347
    }, 
    {
        "date": "2012-10-31", 
        "operating_revenue": 19790, 
        "accumulated_operating_revenue": 208800, 
        "long_term_average": 20880, 
        "short_term_average": 21538
    }, 
    {
        "date": "2012-11-30", 
        "operating_revenue": 20772, 
        "accumulated_operating_revenue": 229572, 
        "long_term_average": 20870, 
        "short_term_average": 20221
    }, 
    {
        "date": "2012-12-31", 
        "operating_revenue": 20402, 
        "accumulated_operating_revenue": 249974, 
        "long_term_average": 20831, 
        "short_term_average": 20321
    }, 
    {
        "accumulated_operating_revenue_yoy": -10.509757656196236, 
        "accumulated_operating_revenue": 18205, 
        "long_term_average": 20653, 
        "date": "2013-01-31", 
        "operating_revenue": 18205, 
        "short_term_average": 19793
    }, 
    {
        "accumulated_operating_revenue_yoy": -23.329547824877743, 
        "accumulated_operating_revenue": 33081, 
        "long_term_average": 19992, 
        "date": "2013-02-28", 
        "operating_revenue": 14876, 
        "short_term_average": 17827
    }, 
    {
        "accumulated_operating_revenue_yoy": -23.501303214596003, 
        "accumulated_operating_revenue": 51069, 
        "long_term_average": 19523, 
        "date": "2013-03-31", 
        "operating_revenue": 17988, 
        "short_term_average": 17023
    }, 
    {
        "accumulated_operating_revenue_yoy": -23.57954876697954, 
        "accumulated_operating_revenue": 65542, 
        "long_term_average": 19145, 
        "date": "2013-04-30", 
        "operating_revenue": 14473, 
        "short_term_average": 15779
    }, 
    {
        "accumulated_operating_revenue_yoy": -23.785124600149405, 
        "accumulated_operating_revenue": 79579, 
        "long_term_average": 18761, 
        "date": "2013-05-31", 
        "operating_revenue": 14037, 
        "short_term_average": 15499
    }, 
    {
        "accumulated_operating_revenue_yoy": -22.48276201329846, 
        "accumulated_operating_revenue": 94547, 
        "long_term_average": 18546, 
        "date": "2013-06-30", 
        "operating_revenue": 14968, 
        "short_term_average": 14492
    }, 
    {
        "accumulated_operating_revenue_yoy": -20.9576519218232, 
        "accumulated_operating_revenue": 113968, 
        "long_term_average": 18313, 
        "date": "2013-07-31", 
        "operating_revenue": 19421, 
        "short_term_average": 16142
    }, 
    {
        "accumulated_operating_revenue_yoy": -22.379179074875523, 
        "accumulated_operating_revenue": 131107, 
        "long_term_average": 17681, 
        "date": "2013-08-31", 
        "operating_revenue": 17139, 
        "short_term_average": 17176
    }, 
    {
        "accumulated_operating_revenue_yoy": -23.087138246653616, 
        "accumulated_operating_revenue": 145373, 
        "long_term_average": 17194, 
        "date": "2013-09-30", 
        "operating_revenue": 14266, 
        "short_term_average": 16942
    }, 
    {
        "accumulated_operating_revenue_yoy": -24.49090038314176, 
        "accumulated_operating_revenue": 157663, 
        "long_term_average": 16569, 
        "date": "2013-10-31", 
        "operating_revenue": 12290, 
        "short_term_average": 14565
    }, 
    {
        "accumulated_operating_revenue_yoy": -25.287927099123586, 
        "accumulated_operating_revenue": 171518, 
        "long_term_average": 15993, 
        "date": "2013-11-30", 
        "operating_revenue": 13855, 
        "short_term_average": 13470
    }, 
    {
        "accumulated_operating_revenue_yoy": -24.746173602054615, 
        "accumulated_operating_revenue": 188115, 
        "long_term_average": 15676, 
        "date": "2013-12-31", 
        "operating_revenue": 16597, 
        "short_term_average": 14247
    }, 
    {
        "accumulated_operating_revenue_yoy": -23.779181543531998, 
        "accumulated_operating_revenue": 13876, 
        "long_term_average": 15315, 
        "date": "2014-01-31", 
        "operating_revenue": 13876, 
        "short_term_average": 14776
    }, 
    {
        "accumulated_operating_revenue_yoy": -20.697681448565643, 
        "accumulated_operating_revenue": 26234, 
        "long_term_average": 15105, 
        "date": "2014-02-28", 
        "operating_revenue": 12358, 
        "short_term_average": 14277
    }, 
    {
        "accumulated_operating_revenue_yoy": -14.915114844621982, 
        "accumulated_operating_revenue": 43452, 
        "long_term_average": 15041, 
        "date": "2014-03-31", 
        "operating_revenue": 17218, 
        "short_term_average": 14484
    }, 
    {
        "accumulated_operating_revenue_yoy": -15.100241066796864, 
        "accumulated_operating_revenue": 55645, 
        "long_term_average": 14851, 
        "date": "2014-04-30", 
        "operating_revenue": 12193, 
        "short_term_average": 13923
    }, 
    {
        "accumulated_operating_revenue_yoy": -15.238944947787733, 
        "accumulated_operating_revenue": 67452, 
        "long_term_average": 14665, 
        "date": "2014-05-31", 
        "operating_revenue": 11807, 
        "short_term_average": 13739
    }, 
    {
        "accumulated_operating_revenue_yoy": -17.664230488540092, 
        "accumulated_operating_revenue": 77846, 
        "long_term_average": 14284, 
        "date": "2014-06-30", 
        "operating_revenue": 10394, 
        "short_term_average": 11464
    }, 
    {
        "accumulated_operating_revenue_yoy": -18.262143759651835, 
        "accumulated_operating_revenue": 93155, 
        "long_term_average": 13941, 
        "date": "2014-07-31", 
        "operating_revenue": 15309, 
        "short_term_average": 12503
    }, 
    {
        "accumulated_operating_revenue_yoy": -19.921133120275805, 
        "accumulated_operating_revenue": 104989, 
        "long_term_average": 13499, 
        "date": "2014-08-31", 
        "operating_revenue": 11834, 
        "short_term_average": 12512
    }, 
    {
        "accumulated_operating_revenue_yoy": -20.43157945423153, 
        "accumulated_operating_revenue": 115671, 
        "long_term_average": 13201, 
        "date": "2014-09-30", 
        "operating_revenue": 10682, 
        "short_term_average": 12608
    }, 
    {
        "accumulated_operating_revenue_yoy": -20.252056601739152, 
        "accumulated_operating_revenue": 125733, 
        "long_term_average": 13015, 
        "date": "2014-10-31", 
        "operating_revenue": 10062, 
        "short_term_average": 10859
    }, 
    {
        "accumulated_operating_revenue_yoy": -19.76702153709815, 
        "accumulated_operating_revenue": 137614, 
        "long_term_average": 12850, 
        "date": "2014-11-30", 
        "operating_revenue": 11881, 
        "short_term_average": 10875
    }, 
    {
        "accumulated_operating_revenue_yoy": -18.634346011748132, 
        "accumulated_operating_revenue": 153061, 
        "long_term_average": 12755, 
        "date": "2014-12-31", 
        "operating_revenue": 15447, 
        "short_term_average": 12463
    }, 
    {
        "accumulated_operating_revenue_yoy": -0.007206687806284232, 
        "accumulated_operating_revenue": 13875, 
        "long_term_average": 12755, 
        "date": "2015-01-31", 
        "operating_revenue": 13875, 
        "short_term_average": 13734
    }, 
    {
        "accumulated_operating_revenue_yoy": -14.187695357170085, 
        "accumulated_operating_revenue": 22512, 
        "long_term_average": 12444, 
        "date": "2015-02-28", 
        "operating_revenue": 8637, 
        "short_term_average": 12653
    }, 
    {
        "accumulated_operating_revenue_yoy": -14.381386357359846, 
        "accumulated_operating_revenue": 37203, 
        "long_term_average": 12234, 
        "date": "2015-03-31", 
        "operating_revenue": 14691, 
        "short_term_average": 12401
    }, 
    {
        "accumulated_operating_revenue_yoy": -16.59627998921736, 
        "accumulated_operating_revenue": 46410, 
        "long_term_average": 11985, 
        "date": "2015-04-30", 
        "operating_revenue": 9207, 
        "short_term_average": 10845
    }, 
    {
        "accumulated_operating_revenue_yoy": -17.08918934946332, 
        "accumulated_operating_revenue": 55925, 
        "long_term_average": 11794, 
        "date": "2015-05-31", 
        "operating_revenue": 9515, 
        "short_term_average": 11137
    }, 
    {
        "accumulated_operating_revenue_yoy": -10.590139506204558, 
        "accumulated_operating_revenue": 69602, 
        "long_term_average": 12068, 
        "date": "2015-06-30", 
        "operating_revenue": 13677, 
        "short_term_average": 10799
    }, 
    {
        "accumulated_operating_revenue_yoy": -9.085932048735977, 
        "accumulated_operating_revenue": 84691, 
        "long_term_average": 12049, 
        "date": "2015-07-31", 
        "operating_revenue": 15089, 
        "short_term_average": 12760
    }, 
    {
        "accumulated_operating_revenue_yoy": -5.548200287649182, 
        "accumulated_operating_revenue": 99164, 
        "long_term_average": 12269, 
        "date": "2015-08-31", 
        "operating_revenue": 14473, 
        "short_term_average": 14413
    }
]