[
    {
        "date": "2012-01-31", 
        "operating_revenue": 132807, 
        "accumulated_operating_revenue": 132807, 
        "long_term_average": 132807, 
        "short_term_average": 132807
    }, 
    {
        "date": "2012-02-29", 
        "operating_revenue": 218935, 
        "accumulated_operating_revenue": 351742, 
        "long_term_average": 175871, 
        "short_term_average": 175871
    }, 
    {
        "date": "2012-03-31", 
        "operating_revenue": 290494, 
        "accumulated_operating_revenue": 642236, 
        "long_term_average": 214078, 
        "short_term_average": 214078
    }, 
    {
        "date": "2012-04-30", 
        "operating_revenue": 164231, 
        "accumulated_operating_revenue": 806467, 
        "long_term_average": 201616, 
        "short_term_average": 224553
    }, 
    {
        "date": "2012-05-31", 
        "operating_revenue": 169461, 
        "accumulated_operating_revenue": 975928, 
        "long_term_average": 195185, 
        "short_term_average": 208062
    }, 
    {
        "date": "2012-06-30", 
        "operating_revenue": 122935, 
        "accumulated_operating_revenue": 1098863, 
        "long_term_average": 183143, 
        "short_term_average": 152209
    }, 
    {
        "date": "2012-07-31", 
        "operating_revenue": 209727, 
        "accumulated_operating_revenue": 1308590, 
        "long_term_average": 186941, 
        "short_term_average": 167374
    }, 
    {
        "date": "2012-08-31", 
        "operating_revenue": 238096, 
        "accumulated_operating_revenue": 1546686, 
        "long_term_average": 193335, 
        "short_term_average": 190252
    }, 
    {
        "date": "2012-09-30", 
        "operating_revenue": 336147, 
        "accumulated_operating_revenue": 1882833, 
        "long_term_average": 209203, 
        "short_term_average": 261323
    }, 
    {
        "date": "2012-10-31", 
        "operating_revenue": 421293, 
        "accumulated_operating_revenue": 2304126, 
        "long_term_average": 230412, 
        "short_term_average": 331845
    }, 
    {
        "date": "2012-11-30", 
        "operating_revenue": 321874, 
        "accumulated_operating_revenue": 2626000, 
        "long_term_average": 238727, 
        "short_term_average": 359771
    }, 
    {
        "date": "2012-12-31", 
        "operating_revenue": 235323, 
        "accumulated_operating_revenue": 2861323, 
        "long_term_average": 238443, 
        "short_term_average": 326163
    }, 
    {
        "accumulated_operating_revenue_yoy": 166.13657412636383, 
        "accumulated_operating_revenue": 353448, 
        "long_term_average": 256830, 
        "date": "2013-01-31", 
        "operating_revenue": 353448, 
        "short_term_average": 303548
    }, 
    {
        "accumulated_operating_revenue_yoy": 77.78201067828124, 
        "accumulated_operating_revenue": 625334, 
        "long_term_average": 261242, 
        "date": "2013-02-28", 
        "operating_revenue": 271886, 
        "short_term_average": 286885
    }, 
    {
        "accumulated_operating_revenue_yoy": 61.82914068971531, 
        "accumulated_operating_revenue": 1039325, 
        "long_term_average": 271534, 
        "date": "2013-03-31", 
        "operating_revenue": 413991, 
        "short_term_average": 346441
    }, 
    {
        "accumulated_operating_revenue_yoy": 57.08144288606973, 
        "accumulated_operating_revenue": 1266810, 
        "long_term_average": 276805, 
        "date": "2013-04-30", 
        "operating_revenue": 227485, 
        "short_term_average": 304454
    }, 
    {
        "accumulated_operating_revenue_yoy": 54.08308809666287, 
        "accumulated_operating_revenue": 1503740, 
        "long_term_average": 282427, 
        "date": "2013-05-31", 
        "operating_revenue": 236930, 
        "short_term_average": 292802
    }, 
    {
        "accumulated_operating_revenue_yoy": 57.541294956696156, 
        "accumulated_operating_revenue": 1731163, 
        "long_term_average": 291135, 
        "date": "2013-06-30", 
        "operating_revenue": 227423, 
        "short_term_average": 230612
    }, 
    {
        "accumulated_operating_revenue_yoy": 51.46952062907404, 
        "accumulated_operating_revenue": 1982115, 
        "long_term_average": 294570, 
        "date": "2013-07-31", 
        "operating_revenue": 250952, 
        "short_term_average": 238435
    }, 
    {
        "accumulated_operating_revenue_yoy": 42.04854766901621, 
        "accumulated_operating_revenue": 2197045, 
        "long_term_average": 292640, 
        "date": "2013-08-31", 
        "operating_revenue": 214930, 
        "short_term_average": 231101
    }, 
    {
        "accumulated_operating_revenue_yoy": 36.42569468455248, 
        "accumulated_operating_revenue": 2568668, 
        "long_term_average": 295596, 
        "date": "2013-09-30", 
        "operating_revenue": 371623, 
        "short_term_average": 279168
    }, 
    {
        "accumulated_operating_revenue_yoy": 24.249455107923783, 
        "accumulated_operating_revenue": 2862864, 
        "long_term_average": 285005, 
        "date": "2013-10-31", 
        "operating_revenue": 294196, 
        "short_term_average": 293583
    }, 
    {
        "accumulated_operating_revenue_yoy": 20.835719725818734, 
        "accumulated_operating_revenue": 3173146, 
        "long_term_average": 284039, 
        "date": "2013-11-30", 
        "operating_revenue": 310282, 
        "short_term_average": 325367
    }, 
    {
        "accumulated_operating_revenue_yoy": 20.409230275645218, 
        "accumulated_operating_revenue": 3445297, 
        "long_term_average": 287108, 
        "date": "2013-12-31", 
        "operating_revenue": 272151, 
        "short_term_average": 292209
    }, 
    {
        "accumulated_operating_revenue_yoy": -26.36059618387995, 
        "accumulated_operating_revenue": 260277, 
        "long_term_average": 279343, 
        "date": "2014-01-31", 
        "operating_revenue": 260277, 
        "short_term_average": 280903
    }, 
    {
        "accumulated_operating_revenue_yoy": -36.20545180655458, 
        "accumulated_operating_revenue": 398929, 
        "long_term_average": 268241, 
        "date": "2014-02-28", 
        "operating_revenue": 138652, 
        "short_term_average": 223693
    }, 
    {
        "accumulated_operating_revenue_yoy": -36.95148293363481, 
        "accumulated_operating_revenue": 655279, 
        "long_term_average": 255104, 
        "date": "2014-03-31", 
        "operating_revenue": 256350, 
        "short_term_average": 218426
    }, 
    {
        "accumulated_operating_revenue_yoy": -19.681404472651778, 
        "accumulated_operating_revenue": 1017484, 
        "long_term_average": 266330, 
        "date": "2014-04-30", 
        "operating_revenue": 362205, 
        "short_term_average": 252402
    }, 
    {
        "accumulated_operating_revenue_yoy": -15.83930732706452, 
        "accumulated_operating_revenue": 1265558, 
        "long_term_average": 267259, 
        "date": "2014-05-31", 
        "operating_revenue": 248074, 
        "short_term_average": 288876
    }, 
    {
        "accumulated_operating_revenue_yoy": -17.212879434230054, 
        "accumulated_operating_revenue": 1433180, 
        "long_term_average": 262276, 
        "date": "2014-06-30", 
        "operating_revenue": 167622, 
        "short_term_average": 259300
    }, 
    {
        "accumulated_operating_revenue_yoy": -10.277859760911955, 
        "accumulated_operating_revenue": 1778396, 
        "long_term_average": 270131, 
        "date": "2014-07-31", 
        "operating_revenue": 345216, 
        "short_term_average": 253637
    }, 
    {
        "accumulated_operating_revenue_yoy": -8.726903636475356, 
        "accumulated_operating_revenue": 2005311, 
        "long_term_average": 271130, 
        "date": "2014-08-31", 
        "operating_revenue": 226915, 
        "short_term_average": 246584
    }, 
    {
        "accumulated_operating_revenue_yoy": -10.554458575417298, 
        "accumulated_operating_revenue": 2297559, 
        "long_term_average": 264515, 
        "date": "2014-09-30", 
        "operating_revenue": 292248, 
        "short_term_average": 288126
    }, 
    {
        "accumulated_operating_revenue_yoy": -10.463438011725321, 
        "accumulated_operating_revenue": 2563310, 
        "long_term_average": 262145, 
        "date": "2014-10-31", 
        "operating_revenue": 265751, 
        "short_term_average": 261638
    }, 
    {
        "accumulated_operating_revenue_yoy": -11.713265005770298, 
        "accumulated_operating_revenue": 2801467, 
        "long_term_average": 256134, 
        "date": "2014-11-30", 
        "operating_revenue": 238157, 
        "short_term_average": 265385
    }, 
    {
        "accumulated_operating_revenue_yoy": -12.881559993231354, 
        "accumulated_operating_revenue": 3001489, 
        "long_term_average": 250124, 
        "date": "2014-12-31", 
        "operating_revenue": 200022, 
        "short_term_average": 234643
    }, 
    {
        "accumulated_operating_revenue_yoy": -35.989349808089074, 
        "accumulated_operating_revenue": 166605, 
        "long_term_average": 242318, 
        "date": "2015-01-31", 
        "operating_revenue": 166605, 
        "short_term_average": 201594
    }, 
    {
        "accumulated_operating_revenue_yoy": -23.935838206798703, 
        "accumulated_operating_revenue": 303442, 
        "long_term_average": 242166, 
        "date": "2015-02-28", 
        "operating_revenue": 136837, 
        "short_term_average": 167821
    }, 
    {
        "accumulated_operating_revenue_yoy": -32.00194115788847, 
        "accumulated_operating_revenue": 445577, 
        "long_term_average": 232648, 
        "date": "2015-03-31", 
        "operating_revenue": 142135, 
        "short_term_average": 148525
    }, 
    {
        "accumulated_operating_revenue_yoy": -40.54343852090058, 
        "accumulated_operating_revenue": 604961, 
        "long_term_average": 215747, 
        "date": "2015-04-30", 
        "operating_revenue": 159384, 
        "short_term_average": 146118
    }, 
    {
        "accumulated_operating_revenue_yoy": -40.87224765676484, 
        "accumulated_operating_revenue": 748296, 
        "long_term_average": 207018, 
        "date": "2015-05-31", 
        "operating_revenue": 143335, 
        "short_term_average": 148284
    }, 
    {
        "accumulated_operating_revenue_yoy": -35.275122454960304, 
        "accumulated_operating_revenue": 927624, 
        "long_term_average": 207994, 
        "date": "2015-06-30", 
        "operating_revenue": 179328, 
        "short_term_average": 160682
    }, 
    {
        "accumulated_operating_revenue_yoy": -37.4409299166215, 
        "accumulated_operating_revenue": 1112548, 
        "long_term_average": 194636, 
        "date": "2015-07-31", 
        "operating_revenue": 184924, 
        "short_term_average": 169195
    }, 
    {
        "accumulated_operating_revenue_yoy": -36.22146390260663, 
        "accumulated_operating_revenue": 1278958, 
        "long_term_average": 189594, 
        "date": "2015-08-31", 
        "operating_revenue": 166410, 
        "short_term_average": 176887
    }
]