[
    {
        "date": "2012-01-31", 
        "operating_revenue": 131186, 
        "accumulated_operating_revenue": 131186, 
        "long_term_average": 131186, 
        "short_term_average": 131186
    }, 
    {
        "date": "2012-02-29", 
        "operating_revenue": 108796, 
        "accumulated_operating_revenue": 239982, 
        "long_term_average": 119991, 
        "short_term_average": 119991
    }, 
    {
        "date": "2012-03-31", 
        "operating_revenue": 107164, 
        "accumulated_operating_revenue": 347146, 
        "long_term_average": 115715, 
        "short_term_average": 115715
    }, 
    {
        "date": "2012-04-30", 
        "operating_revenue": 112785, 
        "accumulated_operating_revenue": 459931, 
        "long_term_average": 114982, 
        "short_term_average": 109581
    }, 
    {
        "date": "2012-05-31", 
        "operating_revenue": 125376, 
        "accumulated_operating_revenue": 585307, 
        "long_term_average": 117061, 
        "short_term_average": 115108
    }, 
    {
        "date": "2012-06-30", 
        "operating_revenue": 151471, 
        "accumulated_operating_revenue": 736778, 
        "long_term_average": 122796, 
        "short_term_average": 129877
    }, 
    {
        "date": "2012-07-31", 
        "operating_revenue": 121893, 
        "accumulated_operating_revenue": 858671, 
        "long_term_average": 122667, 
        "short_term_average": 132913
    }, 
    {
        "date": "2012-08-31", 
        "operating_revenue": 119287, 
        "accumulated_operating_revenue": 977958, 
        "long_term_average": 122244, 
        "short_term_average": 130883
    }, 
    {
        "date": "2012-09-30", 
        "operating_revenue": 87982, 
        "accumulated_operating_revenue": 1065940, 
        "long_term_average": 118437, 
        "short_term_average": 109720
    }, 
    {
        "date": "2012-10-31", 
        "operating_revenue": 94460, 
        "accumulated_operating_revenue": 1160400, 
        "long_term_average": 116040, 
        "short_term_average": 100576
    }, 
    {
        "date": "2012-11-30", 
        "operating_revenue": 91325, 
        "accumulated_operating_revenue": 1251725, 
        "long_term_average": 113793, 
        "short_term_average": 91255
    }, 
    {
        "date": "2012-12-31", 
        "operating_revenue": 81178, 
        "accumulated_operating_revenue": 1332903, 
        "long_term_average": 111075, 
        "short_term_average": 88987
    }, 
    {
        "accumulated_operating_revenue_yoy": -13.136310277011267, 
        "accumulated_operating_revenue": 113953, 
        "long_term_average": 109639, 
        "date": "2013-01-31", 
        "operating_revenue": 113953, 
        "short_term_average": 95485
    }, 
    {
        "accumulated_operating_revenue_yoy": -15.50282937887008, 
        "accumulated_operating_revenue": 202778, 
        "long_term_average": 107974, 
        "date": "2013-02-28", 
        "operating_revenue": 88825, 
        "short_term_average": 94652
    }, 
    {
        "accumulated_operating_revenue_yoy": -14.18625016563636, 
        "accumulated_operating_revenue": 297899, 
        "long_term_average": 106971, 
        "date": "2013-03-31", 
        "operating_revenue": 95121, 
        "short_term_average": 99299
    }, 
    {
        "accumulated_operating_revenue_yoy": -15.047474512481221, 
        "accumulated_operating_revenue": 390723, 
        "long_term_average": 105307, 
        "date": "2013-04-30", 
        "operating_revenue": 92824, 
        "short_term_average": 92256
    }, 
    {
        "accumulated_operating_revenue_yoy": -10.365671348540168, 
        "accumulated_operating_revenue": 524636, 
        "long_term_average": 106019, 
        "date": "2013-05-31", 
        "operating_revenue": 133913, 
        "short_term_average": 107286
    }, 
    {
        "accumulated_operating_revenue_yoy": -14.615664419947391, 
        "accumulated_operating_revenue": 629093, 
        "long_term_average": 102101, 
        "date": "2013-06-30", 
        "operating_revenue": 104457, 
        "short_term_average": 110398
    }, 
    {
        "accumulated_operating_revenue_yoy": -14.27834409220761, 
        "accumulated_operating_revenue": 736067, 
        "long_term_average": 100858, 
        "date": "2013-07-31", 
        "operating_revenue": 106974, 
        "short_term_average": 115114
    }, 
    {
        "accumulated_operating_revenue_yoy": -13.114878144051175, 
        "accumulated_operating_revenue": 849700, 
        "long_term_average": 100387, 
        "date": "2013-08-31", 
        "operating_revenue": 113633, 
        "short_term_average": 108354
    }, 
    {
        "accumulated_operating_revenue_yoy": -11.349606919714056, 
        "accumulated_operating_revenue": 944960, 
        "long_term_average": 100993, 
        "date": "2013-09-30", 
        "operating_revenue": 95260, 
        "short_term_average": 105289
    }, 
    {
        "accumulated_operating_revenue_yoy": -9.84944846604619, 
        "accumulated_operating_revenue": 1046107, 
        "long_term_average": 101550, 
        "date": "2013-10-31", 
        "operating_revenue": 101147, 
        "short_term_average": 103346
    }, 
    {
        "accumulated_operating_revenue_yoy": -8.659969242445426, 
        "accumulated_operating_revenue": 1143326, 
        "long_term_average": 102042, 
        "date": "2013-11-30", 
        "operating_revenue": 97219, 
        "short_term_average": 97875
    }, 
    {
        "accumulated_operating_revenue_yoy": -6.91070543017759, 
        "accumulated_operating_revenue": 1240790, 
        "long_term_average": 103399, 
        "date": "2013-12-31", 
        "operating_revenue": 97464, 
        "short_term_average": 98610
    }, 
    {
        "accumulated_operating_revenue_yoy": -12.319991575474099, 
        "accumulated_operating_revenue": 99914, 
        "long_term_average": 102229, 
        "date": "2014-01-31", 
        "operating_revenue": 99914, 
        "short_term_average": 98199
    }, 
    {
        "accumulated_operating_revenue_yoy": -11.511110672755427, 
        "accumulated_operating_revenue": 179436, 
        "long_term_average": 101454, 
        "date": "2014-02-28", 
        "operating_revenue": 79522, 
        "short_term_average": 92300
    }, 
    {
        "accumulated_operating_revenue_yoy": -4.663661173753521, 
        "accumulated_operating_revenue": 284006, 
        "long_term_average": 102241, 
        "date": "2014-03-31", 
        "operating_revenue": 104570, 
        "short_term_average": 94668
    }, 
    {
        "accumulated_operating_revenue_yoy": -1.717073220670398, 
        "accumulated_operating_revenue": 384014, 
        "long_term_average": 102840, 
        "date": "2014-04-30", 
        "operating_revenue": 100008, 
        "short_term_average": 94700
    }, 
    {
        "accumulated_operating_revenue_yoy": -6.150931312376581, 
        "accumulated_operating_revenue": 492366, 
        "long_term_average": 100710, 
        "date": "2014-05-31", 
        "operating_revenue": 108352, 
        "short_term_average": 104310
    }, 
    {
        "accumulated_operating_revenue_yoy": -2.8291524464586315, 
        "accumulated_operating_revenue": 611295, 
        "long_term_average": 101916, 
        "date": "2014-06-30", 
        "operating_revenue": 118929, 
        "short_term_average": 109096
    }, 
    {
        "accumulated_operating_revenue_yoy": -0.6745309869889562, 
        "accumulated_operating_revenue": 731102, 
        "long_term_average": 102985, 
        "date": "2014-07-31", 
        "operating_revenue": 119807, 
        "short_term_average": 115696
    }, 
    {
        "accumulated_operating_revenue_yoy": 0.3037542662116041, 
        "accumulated_operating_revenue": 852281, 
        "long_term_average": 103614, 
        "date": "2014-08-31", 
        "operating_revenue": 121179, 
        "short_term_average": 119971
    }, 
    {
        "accumulated_operating_revenue_yoy": 0.8824712157128344, 
        "accumulated_operating_revenue": 953299, 
        "long_term_average": 104094, 
        "date": "2014-09-30", 
        "operating_revenue": 101018, 
        "short_term_average": 114001
    }, 
    {
        "accumulated_operating_revenue_yoy": 3.565696434494751, 
        "accumulated_operating_revenue": 1083408, 
        "long_term_average": 106507, 
        "date": "2014-10-31", 
        "operating_revenue": 130109, 
        "short_term_average": 117435
    }, 
    {
        "accumulated_operating_revenue_yoy": 4.924667155299538, 
        "accumulated_operating_revenue": 1199631, 
        "long_term_average": 108091, 
        "date": "2014-11-30", 
        "operating_revenue": 116223, 
        "short_term_average": 115783
    }, 
    {
        "accumulated_operating_revenue_yoy": 4.298148760064153, 
        "accumulated_operating_revenue": 1294121, 
        "long_term_average": 107843, 
        "date": "2014-12-31", 
        "operating_revenue": 94490, 
        "short_term_average": 113607
    }, 
    {
        "accumulated_operating_revenue_yoy": -2.90549872890686, 
        "accumulated_operating_revenue": 97011, 
        "long_term_average": 107601, 
        "date": "2015-01-31", 
        "operating_revenue": 97011, 
        "short_term_average": 102574
    }, 
    {
        "accumulated_operating_revenue_yoy": 45.19828796896944, 
        "accumulated_operating_revenue": 260538, 
        "long_term_average": 114601, 
        "date": "2015-02-28", 
        "operating_revenue": 163527, 
        "short_term_average": 118342
    }, 
    {
        "accumulated_operating_revenue_yoy": 55.55058695943044, 
        "accumulated_operating_revenue": 441773, 
        "long_term_average": 120990, 
        "date": "2015-03-31", 
        "operating_revenue": 181235, 
        "short_term_average": 147257
    }, 
    {
        "accumulated_operating_revenue_yoy": 45.95822027321921, 
        "accumulated_operating_revenue": 560500, 
        "long_term_average": 122550, 
        "date": "2015-04-30", 
        "operating_revenue": 118727, 
        "short_term_average": 154496
    }, 
    {
        "accumulated_operating_revenue_yoy": 52.70977281128266, 
        "accumulated_operating_revenue": 751891, 
        "long_term_average": 129470, 
        "date": "2015-05-31", 
        "operating_revenue": 191391, 
        "short_term_average": 163784
    }, 
    {
        "accumulated_operating_revenue_yoy": 65.38168969155646, 
        "accumulated_operating_revenue": 1010970, 
        "long_term_average": 141149, 
        "date": "2015-06-30", 
        "operating_revenue": 259079, 
        "short_term_average": 189732
    }, 
    {
        "accumulated_operating_revenue_yoy": 61.92870488659585, 
        "accumulated_operating_revenue": 1183864, 
        "long_term_average": 145573, 
        "date": "2015-07-31", 
        "operating_revenue": 172894, 
        "short_term_average": 207788
    }, 
    {
        "accumulated_operating_revenue_yoy": 67.88089843607918, 
        "accumulated_operating_revenue": 1430817, 
        "long_term_average": 156054, 
        "date": "2015-08-31", 
        "operating_revenue": 246953, 
        "short_term_average": 226308
    }, 
    {
        "accumulated_operating_revenue_yoy": 68.55603540966685, 
        "accumulated_operating_revenue": 1606843, 
        "long_term_average": 162305, 
        "date": "2015-09-30", 
        "operating_revenue": 176026, 
        "short_term_average": 198624
    }, 
    {
        "accumulated_operating_revenue_yoy": 69.32476038574572, 
        "accumulated_operating_revenue": 1834478, 
        "long_term_average": 170432, 
        "date": "2015-10-31", 
        "operating_revenue": 227635, 
        "short_term_average": 216871
    }
]