[
    {
        "date": "2011-09-30", 
        "operating_revenue": 23820, 
        "accumulated_operating_revenue": 23820, 
        "long_term_average": 23820, 
        "short_term_average": 23820
    }, 
    {
        "date": "2011-10-31", 
        "operating_revenue": 21276, 
        "accumulated_operating_revenue": 45096, 
        "long_term_average": 22548, 
        "short_term_average": 22548
    }, 
    {
        "date": "2011-11-30", 
        "operating_revenue": 25274, 
        "accumulated_operating_revenue": 70370, 
        "long_term_average": 23456, 
        "short_term_average": 23456
    }, 
    {
        "date": "2011-12-31", 
        "operating_revenue": 30797, 
        "accumulated_operating_revenue": 101167, 
        "long_term_average": 25291, 
        "short_term_average": 25782
    }, 
    {
        "date": "2012-01-31", 
        "operating_revenue": 15090, 
        "accumulated_operating_revenue": 15090, 
        "long_term_average": 23251, 
        "short_term_average": 23720
    }, 
    {
        "date": "2012-02-29", 
        "operating_revenue": 42411, 
        "accumulated_operating_revenue": 57501, 
        "long_term_average": 26444, 
        "short_term_average": 29432
    }, 
    {
        "date": "2012-03-31", 
        "operating_revenue": 30612, 
        "accumulated_operating_revenue": 88113, 
        "long_term_average": 27040, 
        "short_term_average": 29371
    }, 
    {
        "date": "2012-04-30", 
        "operating_revenue": 26881, 
        "accumulated_operating_revenue": 114994, 
        "long_term_average": 27020, 
        "short_term_average": 33301
    }, 
    {
        "date": "2012-05-31", 
        "operating_revenue": 33821, 
        "accumulated_operating_revenue": 148815, 
        "long_term_average": 27775, 
        "short_term_average": 30438
    }, 
    {
        "date": "2012-06-30", 
        "operating_revenue": 33316, 
        "accumulated_operating_revenue": 182131, 
        "long_term_average": 28329, 
        "short_term_average": 31339
    }, 
    {
        "date": "2012-07-31", 
        "operating_revenue": 32734, 
        "accumulated_operating_revenue": 214865, 
        "long_term_average": 28730, 
        "short_term_average": 33290
    }, 
    {
        "date": "2012-08-31", 
        "operating_revenue": 29422, 
        "accumulated_operating_revenue": 244287, 
        "long_term_average": 28787, 
        "short_term_average": 31824
    }, 
    {
        "accumulated_operating_revenue_yoy": 1072.5356842989083, 
        "accumulated_operating_revenue": 279298, 
        "long_term_average": 29720, 
        "date": "2012-09-30", 
        "operating_revenue": 35011, 
        "short_term_average": 32389
    }, 
    {
        "accumulated_operating_revenue_yoy": 589.9547631719, 
        "accumulated_operating_revenue": 311142, 
        "long_term_average": 30601, 
        "date": "2012-10-31", 
        "operating_revenue": 31844, 
        "short_term_average": 32092
    }, 
    {
        "accumulated_operating_revenue_yoy": 385.1101321585903, 
        "accumulated_operating_revenue": 341372, 
        "long_term_average": 31014, 
        "date": "2012-11-30", 
        "operating_revenue": 30230, 
        "short_term_average": 32361
    }, 
    {
        "accumulated_operating_revenue_yoy": 266.7599118289561, 
        "accumulated_operating_revenue": 371040, 
        "long_term_average": 30920, 
        "date": "2012-12-31", 
        "operating_revenue": 29668, 
        "short_term_average": 30580
    }, 
    {
        "accumulated_operating_revenue_yoy": 49.880715705765404, 
        "accumulated_operating_revenue": 22617, 
        "long_term_average": 31547, 
        "date": "2013-01-31", 
        "operating_revenue": 22617, 
        "short_term_average": 27505
    }, 
    {
        "accumulated_operating_revenue_yoy": -24.50044347054834, 
        "accumulated_operating_revenue": 43413, 
        "long_term_average": 29746, 
        "date": "2013-02-28", 
        "operating_revenue": 20796, 
        "short_term_average": 24360
    }, 
    {
        "accumulated_operating_revenue_yoy": -15.431321144439528, 
        "accumulated_operating_revenue": 74516, 
        "long_term_average": 29786, 
        "date": "2013-03-31", 
        "operating_revenue": 31103, 
        "short_term_average": 24838
    }, 
    {
        "accumulated_operating_revenue_yoy": -5.614205958571752, 
        "accumulated_operating_revenue": 108538, 
        "long_term_average": 30382, 
        "date": "2013-04-30", 
        "operating_revenue": 34022, 
        "short_term_average": 28640
    }, 
    {
        "accumulated_operating_revenue_yoy": -1.70278533749958, 
        "accumulated_operating_revenue": 146281, 
        "long_term_average": 30708, 
        "date": "2013-05-31", 
        "operating_revenue": 37743, 
        "short_term_average": 34289
    }, 
    {
        "accumulated_operating_revenue_yoy": -3.1394984928430634, 
        "accumulated_operating_revenue": 176413, 
        "long_term_average": 30443, 
        "date": "2013-06-30", 
        "operating_revenue": 30132, 
        "short_term_average": 33965
    }, 
    {
        "accumulated_operating_revenue_yoy": -4.031368533730482, 
        "accumulated_operating_revenue": 206203, 
        "long_term_average": 30198, 
        "date": "2013-07-31", 
        "operating_revenue": 29790, 
        "short_term_average": 32555
    }, 
    {
        "accumulated_operating_revenue_yoy": -3.1872346870688983, 
        "accumulated_operating_revenue": 236501, 
        "long_term_average": 30271, 
        "date": "2013-08-31", 
        "operating_revenue": 30298, 
        "short_term_average": 30073
    }, 
    {
        "accumulated_operating_revenue_yoy": -5.676374338520147, 
        "accumulated_operating_revenue": 263444, 
        "long_term_average": 29598, 
        "date": "2013-09-30", 
        "operating_revenue": 26943, 
        "short_term_average": 29010
    }, 
    {
        "accumulated_operating_revenue_yoy": -6.634591279865784, 
        "accumulated_operating_revenue": 290499, 
        "long_term_average": 29199, 
        "date": "2013-10-31", 
        "operating_revenue": 27055, 
        "short_term_average": 28098
    }, 
    {
        "accumulated_operating_revenue_yoy": -5.637544965609365, 
        "accumulated_operating_revenue": 322127, 
        "long_term_average": 29316, 
        "date": "2013-11-30", 
        "operating_revenue": 31628, 
        "short_term_average": 28542
    }, 
    {
        "accumulated_operating_revenue_yoy": -4.215448469167745, 
        "accumulated_operating_revenue": 355399, 
        "long_term_average": 29616, 
        "date": "2013-12-31", 
        "operating_revenue": 33272, 
        "short_term_average": 30651
    }, 
    {
        "accumulated_operating_revenue_yoy": 101.65362338064287, 
        "accumulated_operating_revenue": 45608, 
        "long_term_average": 31532, 
        "date": "2014-01-31", 
        "operating_revenue": 45608, 
        "short_term_average": 36836
    }, 
    {
        "accumulated_operating_revenue_yoy": 49.34005942920323, 
        "accumulated_operating_revenue": 64833, 
        "long_term_average": 31401, 
        "date": "2014-02-28", 
        "operating_revenue": 19225, 
        "short_term_average": 32701
    }, 
    {
        "accumulated_operating_revenue_yoy": 16.067690160502444, 
        "accumulated_operating_revenue": 86489, 
        "long_term_average": 30614, 
        "date": "2014-03-31", 
        "operating_revenue": 21656, 
        "short_term_average": 28829
    }, 
    {
        "accumulated_operating_revenue_yoy": 12.334850467117507, 
        "accumulated_operating_revenue": 121926, 
        "long_term_average": 30732, 
        "date": "2014-04-30", 
        "operating_revenue": 35437, 
        "short_term_average": 25439
    }, 
    {
        "accumulated_operating_revenue_yoy": 8.260129476828842, 
        "accumulated_operating_revenue": 158364, 
        "long_term_average": 30623, 
        "date": "2014-05-31", 
        "operating_revenue": 36438, 
        "short_term_average": 31177
    }, 
    {
        "accumulated_operating_revenue_yoy": 9.283896311496319, 
        "accumulated_operating_revenue": 192791, 
        "long_term_average": 30981, 
        "date": "2014-06-30", 
        "operating_revenue": 34427, 
        "short_term_average": 35434
    }, 
    {
        "accumulated_operating_revenue_yoy": 11.142902867562547, 
        "accumulated_operating_revenue": 229180, 
        "long_term_average": 31531, 
        "date": "2014-07-31", 
        "operating_revenue": 36389, 
        "short_term_average": 35751
    }, 
    {
        "accumulated_operating_revenue_yoy": 14.031653143115674, 
        "accumulated_operating_revenue": 269686, 
        "long_term_average": 32382, 
        "date": "2014-08-31", 
        "operating_revenue": 40506, 
        "short_term_average": 37107
    }, 
    {
        "accumulated_operating_revenue_yoy": 15.850807002626743, 
        "accumulated_operating_revenue": 305202, 
        "long_term_average": 33096, 
        "date": "2014-09-30", 
        "operating_revenue": 35516, 
        "short_term_average": 37470
    }, 
    {
        "accumulated_operating_revenue_yoy": 17.45548177446394, 
        "accumulated_operating_revenue": 341207, 
        "long_term_average": 33842, 
        "date": "2014-10-31", 
        "operating_revenue": 36005, 
        "short_term_average": 37342
    }, 
    {
        "accumulated_operating_revenue_yoy": 20.668866627137746, 
        "accumulated_operating_revenue": 388707, 
        "long_term_average": 35164, 
        "date": "2014-11-30", 
        "operating_revenue": 47500, 
        "short_term_average": 39673
    }, 
    {
        "accumulated_operating_revenue_yoy": 19.26032431154843, 
        "accumulated_operating_revenue": 423850, 
        "long_term_average": 35320, 
        "date": "2014-12-31", 
        "operating_revenue": 35143, 
        "short_term_average": 39549
    }, 
    {
        "accumulated_operating_revenue_yoy": -11.633923873004735, 
        "accumulated_operating_revenue": 40302, 
        "long_term_average": 34878, 
        "date": "2015-01-31", 
        "operating_revenue": 40302, 
        "short_term_average": 40981
    }, 
    {
        "accumulated_operating_revenue_yoy": 1.704378942822328, 
        "accumulated_operating_revenue": 65938, 
        "long_term_average": 35412, 
        "date": "2015-02-28", 
        "operating_revenue": 25636, 
        "short_term_average": 33693
    }, 
    {
        "accumulated_operating_revenue_yoy": 30.984287019158508, 
        "accumulated_operating_revenue": 113287, 
        "long_term_average": 37554, 
        "date": "2015-03-31", 
        "operating_revenue": 47349, 
        "short_term_average": 37762
    }, 
    {
        "accumulated_operating_revenue_yoy": 17.355609139970145, 
        "accumulated_operating_revenue": 143087, 
        "long_term_average": 37084, 
        "date": "2015-04-30", 
        "operating_revenue": 29800, 
        "short_term_average": 34261
    }, 
    {
        "accumulated_operating_revenue_yoy": 15.022353565204213, 
        "accumulated_operating_revenue": 182154, 
        "long_term_average": 37303, 
        "date": "2015-05-31", 
        "operating_revenue": 39067, 
        "short_term_average": 38738
    }, 
    {
        "accumulated_operating_revenue_yoy": 7.132075667432608, 
        "accumulated_operating_revenue": 206541, 
        "long_term_average": 36466, 
        "date": "2015-06-30", 
        "operating_revenue": 24387, 
        "short_term_average": 31084
    }, 
    {
        "accumulated_operating_revenue_yoy": 11.543328388166508, 
        "accumulated_operating_revenue": 255635, 
        "long_term_average": 37525, 
        "date": "2015-07-31", 
        "operating_revenue": 49094, 
        "short_term_average": 37516
    }, 
    {
        "accumulated_operating_revenue_yoy": 6.538715394940783, 
        "accumulated_operating_revenue": 287320, 
        "long_term_average": 36790, 
        "date": "2015-08-31", 
        "operating_revenue": 31685, 
        "short_term_average": 35055
    }
]