[
    {
        "date": "2012-01-31", 
        "operating_revenue": 50125, 
        "accumulated_operating_revenue": 50125, 
        "long_term_average": 50125, 
        "short_term_average": 50125
    }, 
    {
        "date": "2012-02-29", 
        "operating_revenue": 56631, 
        "accumulated_operating_revenue": 106756, 
        "long_term_average": 53378, 
        "short_term_average": 53378
    }, 
    {
        "date": "2012-03-31", 
        "operating_revenue": 63048, 
        "accumulated_operating_revenue": 169804, 
        "long_term_average": 56601, 
        "short_term_average": 56601
    }, 
    {
        "date": "2012-04-30", 
        "operating_revenue": 71720, 
        "accumulated_operating_revenue": 241524, 
        "long_term_average": 60381, 
        "short_term_average": 63799
    }, 
    {
        "date": "2012-05-31", 
        "operating_revenue": 88701, 
        "accumulated_operating_revenue": 330225, 
        "long_term_average": 66045, 
        "short_term_average": 74489
    }, 
    {
        "date": "2012-06-30", 
        "operating_revenue": 70667, 
        "accumulated_operating_revenue": 400892, 
        "long_term_average": 66815, 
        "short_term_average": 77029
    }, 
    {
        "date": "2012-07-31", 
        "operating_revenue": 64575, 
        "accumulated_operating_revenue": 465467, 
        "long_term_average": 66495, 
        "short_term_average": 74647
    }, 
    {
        "date": "2012-08-31", 
        "operating_revenue": 58837, 
        "accumulated_operating_revenue": 524304, 
        "long_term_average": 65538, 
        "short_term_average": 64693
    }, 
    {
        "date": "2012-09-30", 
        "operating_revenue": 63076, 
        "accumulated_operating_revenue": 587380, 
        "long_term_average": 65264, 
        "short_term_average": 62162
    }, 
    {
        "date": "2012-10-31", 
        "operating_revenue": 59992, 
        "accumulated_operating_revenue": 647372, 
        "long_term_average": 64737, 
        "short_term_average": 60635
    }, 
    {
        "date": "2012-11-30", 
        "operating_revenue": 69711, 
        "accumulated_operating_revenue": 717083, 
        "long_term_average": 65189, 
        "short_term_average": 64259
    }, 
    {
        "date": "2012-12-31", 
        "operating_revenue": 52386, 
        "accumulated_operating_revenue": 769469, 
        "long_term_average": 64122, 
        "short_term_average": 60696
    }, 
    {
        "accumulated_operating_revenue_yoy": 23.092269326683294, 
        "accumulated_operating_revenue": 61700, 
        "long_term_average": 65087, 
        "date": "2013-01-31", 
        "operating_revenue": 61700, 
        "short_term_average": 61265
    }, 
    {
        "accumulated_operating_revenue_yoy": 4.1702574094196105, 
        "accumulated_operating_revenue": 111208, 
        "long_term_average": 64493, 
        "date": "2013-02-28", 
        "operating_revenue": 49508, 
        "short_term_average": 54531
    }, 
    {
        "accumulated_operating_revenue_yoy": -10.540387741160396, 
        "accumulated_operating_revenue": 151906, 
        "long_term_average": 62630, 
        "date": "2013-03-31", 
        "operating_revenue": 40698, 
        "short_term_average": 50635
    }, 
    {
        "accumulated_operating_revenue_yoy": -14.751743097994401, 
        "accumulated_operating_revenue": 205895, 
        "long_term_average": 61153, 
        "date": "2013-04-30", 
        "operating_revenue": 53989, 
        "short_term_average": 48065
    }, 
    {
        "accumulated_operating_revenue_yoy": -18.90286925581043, 
        "accumulated_operating_revenue": 267803, 
        "long_term_average": 58920, 
        "date": "2013-05-31", 
        "operating_revenue": 61908, 
        "short_term_average": 52198
    }, 
    {
        "accumulated_operating_revenue_yoy": -18.47604841204115, 
        "accumulated_operating_revenue": 326823, 
        "long_term_average": 57950, 
        "date": "2013-06-30", 
        "operating_revenue": 59020, 
        "short_term_average": 58305
    }, 
    {
        "accumulated_operating_revenue_yoy": -14.674080009968481, 
        "accumulated_operating_revenue": 397164, 
        "long_term_average": 58430, 
        "date": "2013-07-31", 
        "operating_revenue": 70341, 
        "short_term_average": 63756
    }, 
    {
        "accumulated_operating_revenue_yoy": -12.750808691141016, 
        "accumulated_operating_revenue": 457451, 
        "long_term_average": 58551, 
        "date": "2013-08-31", 
        "operating_revenue": 60287, 
        "short_term_average": 63216
    }, 
    {
        "accumulated_operating_revenue_yoy": -9.56552827811638, 
        "accumulated_operating_revenue": 531194, 
        "long_term_average": 59440, 
        "date": "2013-09-30", 
        "operating_revenue": 73743, 
        "short_term_average": 68123
    }, 
    {
        "accumulated_operating_revenue_yoy": -6.5798335423836685, 
        "accumulated_operating_revenue": 604776, 
        "long_term_average": 60572, 
        "date": "2013-10-31", 
        "operating_revenue": 73582, 
        "short_term_average": 69204
    }, 
    {
        "accumulated_operating_revenue_yoy": -6.667568468364192, 
        "accumulated_operating_revenue": 669271, 
        "long_term_average": 60138, 
        "date": "2013-11-30", 
        "operating_revenue": 64495, 
        "short_term_average": 70606
    }, 
    {
        "accumulated_operating_revenue_yoy": -1.150013840713531, 
        "accumulated_operating_revenue": 760620, 
        "long_term_average": 63385, 
        "date": "2013-12-31", 
        "operating_revenue": 91349, 
        "short_term_average": 76475
    }, 
    {
        "accumulated_operating_revenue_yoy": 45.93841166936791, 
        "accumulated_operating_revenue": 90044, 
        "long_term_average": 65747, 
        "date": "2014-01-31", 
        "operating_revenue": 90044, 
        "short_term_average": 81962
    }, 
    {
        "accumulated_operating_revenue_yoy": 35.193511258182866, 
        "accumulated_operating_revenue": 150346, 
        "long_term_average": 66646, 
        "date": "2014-02-28", 
        "operating_revenue": 60302, 
        "short_term_average": 80565
    }, 
    {
        "accumulated_operating_revenue_yoy": 50.933472015588585, 
        "accumulated_operating_revenue": 229277, 
        "long_term_average": 69832, 
        "date": "2014-03-31", 
        "operating_revenue": 78931, 
        "short_term_average": 76425
    }, 
    {
        "accumulated_operating_revenue_yoy": 54.20092765730106, 
        "accumulated_operating_revenue": 317492, 
        "long_term_average": 72684, 
        "date": "2014-04-30", 
        "operating_revenue": 88215, 
        "short_term_average": 75816
    }, 
    {
        "accumulated_operating_revenue_yoy": 48.51289940740022, 
        "accumulated_operating_revenue": 397722, 
        "long_term_average": 74211, 
        "date": "2014-05-31", 
        "operating_revenue": 80230, 
        "short_term_average": 82458
    }, 
    {
        "accumulated_operating_revenue_yoy": 40.12324713988917, 
        "accumulated_operating_revenue": 457955, 
        "long_term_average": 74312, 
        "date": "2014-06-30", 
        "operating_revenue": 60233, 
        "short_term_average": 76226
    }, 
    {
        "accumulated_operating_revenue_yoy": 28.723147113031395, 
        "accumulated_operating_revenue": 511242, 
        "long_term_average": 72891, 
        "date": "2014-07-31", 
        "operating_revenue": 53287, 
        "short_term_average": 64583
    }, 
    {
        "accumulated_operating_revenue_yoy": 21.787470133413194, 
        "accumulated_operating_revenue": 557118, 
        "long_term_average": 71690, 
        "date": "2014-08-31", 
        "operating_revenue": 45876, 
        "short_term_average": 53132
    }, 
    {
        "accumulated_operating_revenue_yoy": 14.209497848243767, 
        "accumulated_operating_revenue": 606674, 
        "long_term_average": 69675, 
        "date": "2014-09-30", 
        "operating_revenue": 49556, 
        "short_term_average": 49573
    }, 
    {
        "accumulated_operating_revenue_yoy": 9.214320674100824, 
        "accumulated_operating_revenue": 660502, 
        "long_term_average": 68028, 
        "date": "2014-10-31", 
        "operating_revenue": 53828, 
        "short_term_average": 49753
    }, 
    {
        "accumulated_operating_revenue_yoy": 8.029931074258409, 
        "accumulated_operating_revenue": 723013, 
        "long_term_average": 67863, 
        "date": "2014-11-30", 
        "operating_revenue": 62511, 
        "short_term_average": 55298
    }, 
    {
        "accumulated_operating_revenue_yoy": 1.1842970208514108, 
        "accumulated_operating_revenue": 769628, 
        "long_term_average": 64135, 
        "date": "2014-12-31", 
        "operating_revenue": 46615, 
        "short_term_average": 54318
    }, 
    {
        "accumulated_operating_revenue_yoy": -41.64408511394429, 
        "accumulated_operating_revenue": 52546, 
        "long_term_average": 61010, 
        "date": "2015-01-31", 
        "operating_revenue": 52546, 
        "short_term_average": 53890
    }, 
    {
        "accumulated_operating_revenue_yoy": -35.80540885690341, 
        "accumulated_operating_revenue": 96514, 
        "long_term_average": 59649, 
        "date": "2015-02-28", 
        "operating_revenue": 43968, 
        "short_term_average": 47709
    }, 
    {
        "accumulated_operating_revenue_yoy": -37.001094745657, 
        "accumulated_operating_revenue": 144442, 
        "long_term_average": 57066, 
        "date": "2015-03-31", 
        "operating_revenue": 47928, 
        "short_term_average": 48147
    }, 
    {
        "accumulated_operating_revenue_yoy": -39.309651896740704, 
        "accumulated_operating_revenue": 192687, 
        "long_term_average": 53735, 
        "date": "2015-04-30", 
        "operating_revenue": 48245, 
        "short_term_average": 46713
    }, 
    {
        "accumulated_operating_revenue_yoy": -43.145966277952944, 
        "accumulated_operating_revenue": 226121, 
        "long_term_average": 49835, 
        "date": "2015-05-31", 
        "operating_revenue": 33434, 
        "short_term_average": 43202
    }, 
    {
        "accumulated_operating_revenue_yoy": -42.49041936434803, 
        "accumulated_operating_revenue": 263368, 
        "long_term_average": 47920, 
        "date": "2015-06-30", 
        "operating_revenue": 37247, 
        "short_term_average": 39642
    }, 
    {
        "accumulated_operating_revenue_yoy": -38.78789301348481, 
        "accumulated_operating_revenue": 312942, 
        "long_term_average": 47610, 
        "date": "2015-07-31", 
        "operating_revenue": 49574, 
        "short_term_average": 40085
    }, 
    {
        "accumulated_operating_revenue_yoy": -35.44294027477123, 
        "accumulated_operating_revenue": 359659, 
        "long_term_average": 47680, 
        "date": "2015-08-31", 
        "operating_revenue": 46717, 
        "short_term_average": 44512
    }, 
    {
        "accumulated_operating_revenue_yoy": -33.104764667679845, 
        "accumulated_operating_revenue": 405836, 
        "long_term_average": 47399, 
        "date": "2015-09-30", 
        "operating_revenue": 46177, 
        "short_term_average": 47489
    }
]