[
    {
        "date": "2011-09-30", 
        "operating_revenue": 2864840, 
        "accumulated_operating_revenue": 2864840, 
        "long_term_average": 2864840, 
        "short_term_average": 2864840
    }, 
    {
        "date": "2011-10-31", 
        "operating_revenue": 2043648, 
        "accumulated_operating_revenue": 4908488, 
        "long_term_average": 2454244, 
        "short_term_average": 2454244
    }, 
    {
        "date": "2011-11-30", 
        "operating_revenue": 2248227, 
        "accumulated_operating_revenue": 7156715, 
        "long_term_average": 2385571, 
        "short_term_average": 2385571
    }, 
    {
        "date": "2011-12-31", 
        "operating_revenue": 1925435, 
        "accumulated_operating_revenue": 9082150, 
        "long_term_average": 2270537, 
        "short_term_average": 2072436
    }, 
    {
        "date": "2012-01-31", 
        "operating_revenue": 1007648, 
        "accumulated_operating_revenue": 1007648, 
        "long_term_average": 2017959, 
        "short_term_average": 1727103
    }, 
    {
        "date": "2012-02-29", 
        "operating_revenue": 2622639, 
        "accumulated_operating_revenue": 3630287, 
        "long_term_average": 2118739, 
        "short_term_average": 1851907
    }, 
    {
        "date": "2012-03-31", 
        "operating_revenue": 4259962, 
        "accumulated_operating_revenue": 7890249, 
        "long_term_average": 2424628, 
        "short_term_average": 2630083
    }, 
    {
        "date": "2012-04-30", 
        "operating_revenue": 3934556, 
        "accumulated_operating_revenue": 11824805, 
        "long_term_average": 2613369, 
        "short_term_average": 3605719
    }, 
    {
        "date": "2012-05-31", 
        "operating_revenue": 4178373, 
        "accumulated_operating_revenue": 16003178, 
        "long_term_average": 2787258, 
        "short_term_average": 4124297
    }, 
    {
        "date": "2012-06-30", 
        "operating_revenue": 2766217, 
        "accumulated_operating_revenue": 18769395, 
        "long_term_average": 2785154, 
        "short_term_average": 3626382
    }, 
    {
        "date": "2012-07-31", 
        "operating_revenue": 1866306, 
        "accumulated_operating_revenue": 20635701, 
        "long_term_average": 2701622, 
        "short_term_average": 2936965
    }, 
    {
        "date": "2012-08-31", 
        "operating_revenue": 1865701, 
        "accumulated_operating_revenue": 22501402, 
        "long_term_average": 2631962, 
        "short_term_average": 2166074
    }, 
    {
        "accumulated_operating_revenue_yoy": 762.4428240320577, 
        "accumulated_operating_revenue": 24707607, 
        "long_term_average": 2577076, 
        "date": "2012-09-30", 
        "operating_revenue": 2206205, 
        "short_term_average": 1979404
    }, 
    {
        "accumulated_operating_revenue_yoy": 430.3526055274047, 
        "accumulated_operating_revenue": 26032294, 
        "long_term_average": 2517163, 
        "date": "2012-10-31", 
        "operating_revenue": 1324687, 
        "short_term_average": 1798864
    }, 
    {
        "accumulated_operating_revenue_yoy": 276.4936846025027, 
        "accumulated_operating_revenue": 26944580, 
        "long_term_average": 2405834, 
        "date": "2012-11-30", 
        "operating_revenue": 912286, 
        "short_term_average": 1481059
    }, 
    {
        "accumulated_operating_revenue_yoy": 209.76923966241472, 
        "accumulated_operating_revenue": 28133707, 
        "long_term_average": 2344475, 
        "date": "2012-12-31", 
        "operating_revenue": 1189127, 
        "short_term_average": 1142033
    }, 
    {
        "accumulated_operating_revenue_yoy": 15.08066308869764, 
        "accumulated_operating_revenue": 1159608, 
        "long_term_average": 2357138, 
        "date": "2013-01-31", 
        "operating_revenue": 1159608, 
        "short_term_average": 1087007
    }, 
    {
        "accumulated_operating_revenue_yoy": -51.44427974978287, 
        "accumulated_operating_revenue": 1762712, 
        "long_term_average": 2188844, 
        "date": "2013-02-28", 
        "operating_revenue": 603104, 
        "short_term_average": 983946
    }, 
    {
        "accumulated_operating_revenue_yoy": -67.96240524221733, 
        "accumulated_operating_revenue": 2527846, 
        "long_term_average": 1897608, 
        "date": "2013-03-31", 
        "operating_revenue": 765134, 
        "short_term_average": 842615
    }, 
    {
        "accumulated_operating_revenue_yoy": -71.45210428417212, 
        "accumulated_operating_revenue": 3375733, 
        "long_term_average": 1640386, 
        "date": "2013-04-30", 
        "operating_revenue": 847887, 
        "short_term_average": 738708
    }, 
    {
        "accumulated_operating_revenue_yoy": -72.932457540621, 
        "accumulated_operating_revenue": 4331667, 
        "long_term_average": 1371849, 
        "date": "2013-05-31", 
        "operating_revenue": 955934, 
        "short_term_average": 856318
    }, 
    {
        "accumulated_operating_revenue_yoy": -73.0384490283251, 
        "accumulated_operating_revenue": 5060520, 
        "long_term_average": 1202069, 
        "date": "2013-06-30", 
        "operating_revenue": 728853, 
        "short_term_average": 844224
    }, 
    {
        "accumulated_operating_revenue_yoy": -70.98212946582237, 
        "accumulated_operating_revenue": 5988041, 
        "long_term_average": 1123837, 
        "date": "2013-07-31", 
        "operating_revenue": 927521, 
        "short_term_average": 870769
    }, 
    {
        "accumulated_operating_revenue_yoy": -69.63246556814549, 
        "accumulated_operating_revenue": 6833121, 
        "long_term_average": 1038785, 
        "date": "2013-08-31", 
        "operating_revenue": 845080, 
        "short_term_average": 833818
    }, 
    {
        "accumulated_operating_revenue_yoy": -68.11842199044206, 
        "accumulated_operating_revenue": 7877175, 
        "long_term_average": 941939, 
        "date": "2013-09-30", 
        "operating_revenue": 1044054, 
        "short_term_average": 938885
    }, 
    {
        "accumulated_operating_revenue_yoy": -65.84853797364151, 
        "accumulated_operating_revenue": 8890409, 
        "long_term_average": 915985, 
        "date": "2013-10-31", 
        "operating_revenue": 1013234, 
        "short_term_average": 967456
    }, 
    {
        "accumulated_operating_revenue_yoy": -62.960135210866156, 
        "accumulated_operating_revenue": 9980236, 
        "long_term_average": 930780, 
        "date": "2013-11-30", 
        "operating_revenue": 1089827, 
        "short_term_average": 1049038
    }, 
    {
        "accumulated_operating_revenue_yoy": -60.842703736126914, 
        "accumulated_operating_revenue": 11016399, 
        "long_term_average": 918033, 
        "date": "2013-12-31", 
        "operating_revenue": 1036163, 
        "short_term_average": 1046408
    }, 
    {
        "accumulated_operating_revenue_yoy": -30.24522079875268, 
        "accumulated_operating_revenue": 808882, 
        "long_term_average": 888806, 
        "date": "2014-01-31", 
        "operating_revenue": 808882, 
        "short_term_average": 978290
    }, 
    {
        "accumulated_operating_revenue_yoy": -13.593712415868275, 
        "accumulated_operating_revenue": 1523094, 
        "long_term_average": 898065, 
        "date": "2014-02-28", 
        "operating_revenue": 714212, 
        "short_term_average": 853085
    }, 
    {
        "accumulated_operating_revenue_yoy": 3.7010165967388833, 
        "accumulated_operating_revenue": 2621402, 
        "long_term_average": 925829, 
        "date": "2014-03-31", 
        "operating_revenue": 1098308, 
        "short_term_average": 873800
    }, 
    {
        "accumulated_operating_revenue_yoy": 22.859064979368927, 
        "accumulated_operating_revenue": 4147394, 
        "long_term_average": 982338, 
        "date": "2014-04-30", 
        "operating_revenue": 1525992, 
        "short_term_average": 1112837
    }, 
    {
        "accumulated_operating_revenue_yoy": 25.00817814481122, 
        "accumulated_operating_revenue": 5414938, 
        "long_term_average": 1008305, 
        "date": "2014-05-31", 
        "operating_revenue": 1267544, 
        "short_term_average": 1297281
    }, 
    {
        "accumulated_operating_revenue_yoy": 22.16424399073613, 
        "accumulated_operating_revenue": 6182146, 
        "long_term_average": 1011502, 
        "date": "2014-06-30", 
        "operating_revenue": 767208, 
        "short_term_average": 1186914
    }, 
    {
        "accumulated_operating_revenue_yoy": 20.604935737747955, 
        "accumulated_operating_revenue": 7221873, 
        "long_term_average": 1020852, 
        "date": "2014-07-31", 
        "operating_revenue": 1039727, 
        "short_term_average": 1024826
    }, 
    {
        "accumulated_operating_revenue_yoy": 22.57874549565272, 
        "accumulated_operating_revenue": 8375954, 
        "long_term_average": 1046602, 
        "date": "2014-08-31", 
        "operating_revenue": 1154081, 
        "short_term_average": 987005
    }, 
    {
        "accumulated_operating_revenue_yoy": 26.4036662889932, 
        "accumulated_operating_revenue": 9957038, 
        "long_term_average": 1091355, 
        "date": "2014-09-30", 
        "operating_revenue": 1581084, 
        "short_term_average": 1258297
    }, 
    {
        "accumulated_operating_revenue_yoy": 30.25806799214749, 
        "accumulated_operating_revenue": 11580475, 
        "long_term_average": 1142205, 
        "date": "2014-10-31", 
        "operating_revenue": 1623437, 
        "short_term_average": 1452867
    }, 
    {
        "accumulated_operating_revenue_yoy": 29.56925066701829, 
        "accumulated_operating_revenue": 12931317, 
        "long_term_average": 1163956, 
        "date": "2014-11-30", 
        "operating_revenue": 1350842, 
        "short_term_average": 1518454
    }, 
    {
        "accumulated_operating_revenue_yoy": 29.252226612344018, 
        "accumulated_operating_revenue": 14238941, 
        "long_term_average": 1186578, 
        "date": "2014-12-31", 
        "operating_revenue": 1307624, 
        "short_term_average": 1427301
    }, 
    {
        "accumulated_operating_revenue_yoy": 219.6918710021981, 
        "accumulated_operating_revenue": 2585930, 
        "long_term_average": 1334665, 
        "date": "2015-01-31", 
        "operating_revenue": 2585930, 
        "short_term_average": 1748132
    }, 
    {
        "accumulated_operating_revenue_yoy": 142.60190113019945, 
        "accumulated_operating_revenue": 3695055, 
        "long_term_average": 1367575, 
        "date": "2015-02-28", 
        "operating_revenue": 1109125, 
        "short_term_average": 1667559
    }, 
    {
        "accumulated_operating_revenue_yoy": 121.71242716683668, 
        "accumulated_operating_revenue": 5811974, 
        "long_term_average": 1452459, 
        "date": "2015-03-31", 
        "operating_revenue": 2116919, 
        "short_term_average": 1937324
    }, 
    {
        "accumulated_operating_revenue_yoy": 82.18553626687023, 
        "accumulated_operating_revenue": 7555952, 
        "long_term_average": 1470624, 
        "date": "2015-04-30", 
        "operating_revenue": 1743978, 
        "short_term_average": 1656674
    }, 
    {
        "accumulated_operating_revenue_yoy": 84.07429595685122, 
        "accumulated_operating_revenue": 9967509, 
        "long_term_average": 1565959, 
        "date": "2015-05-31", 
        "operating_revenue": 2411557, 
        "short_term_average": 2090818
    }, 
    {
        "accumulated_operating_revenue_yoy": 131.71518433890108, 
        "accumulated_operating_revenue": 14324971, 
        "long_term_average": 1865147, 
        "date": "2015-06-30", 
        "operating_revenue": 4357462, 
        "short_term_average": 2837665
    }, 
    {
        "accumulated_operating_revenue_yoy": 157.13433343399973, 
        "accumulated_operating_revenue": 18569915, 
        "long_term_average": 2132248, 
        "date": "2015-07-31", 
        "operating_revenue": 4244944, 
        "short_term_average": 3671321
    }, 
    {
        "accumulated_operating_revenue_yoy": 173.4067784994999, 
        "accumulated_operating_revenue": 22900426, 
        "long_term_average": 2396951, 
        "date": "2015-08-31", 
        "operating_revenue": 4330511, 
        "short_term_average": 4310972
    }, 
    {
        "accumulated_operating_revenue_yoy": 181.85492512934067, 
        "accumulated_operating_revenue": 28064402, 
        "long_term_average": 2695525, 
        "date": "2015-09-30", 
        "operating_revenue": 5163976, 
        "short_term_average": 4579810
    }
]