[
    {
        "date": "2012-01-31", 
        "operating_revenue": 18064, 
        "accumulated_operating_revenue": 18064, 
        "long_term_average": 18064, 
        "short_term_average": 18064
    }, 
    {
        "date": "2012-02-29", 
        "operating_revenue": 14940, 
        "accumulated_operating_revenue": 33004, 
        "long_term_average": 16502, 
        "short_term_average": 16502
    }, 
    {
        "date": "2012-03-31", 
        "operating_revenue": 21486, 
        "accumulated_operating_revenue": 54490, 
        "long_term_average": 18163, 
        "short_term_average": 18163
    }, 
    {
        "date": "2012-04-30", 
        "operating_revenue": 16702, 
        "accumulated_operating_revenue": 71192, 
        "long_term_average": 17798, 
        "short_term_average": 17709
    }, 
    {
        "date": "2012-05-31", 
        "operating_revenue": 32291, 
        "accumulated_operating_revenue": 103483, 
        "long_term_average": 20696, 
        "short_term_average": 23493
    }, 
    {
        "date": "2012-06-30", 
        "operating_revenue": 35827, 
        "accumulated_operating_revenue": 139310, 
        "long_term_average": 23218, 
        "short_term_average": 28273
    }, 
    {
        "date": "2012-07-31", 
        "operating_revenue": 28467, 
        "accumulated_operating_revenue": 167777, 
        "long_term_average": 23968, 
        "short_term_average": 32195
    }, 
    {
        "date": "2012-08-31", 
        "operating_revenue": 28487, 
        "accumulated_operating_revenue": 196264, 
        "long_term_average": 24533, 
        "short_term_average": 30927
    }, 
    {
        "date": "2012-09-30", 
        "operating_revenue": 19720, 
        "accumulated_operating_revenue": 215984, 
        "long_term_average": 23998, 
        "short_term_average": 25558
    }, 
    {
        "date": "2012-10-31", 
        "operating_revenue": 20272, 
        "accumulated_operating_revenue": 236256, 
        "long_term_average": 23625, 
        "short_term_average": 22826
    }, 
    {
        "date": "2012-11-30", 
        "operating_revenue": 21595, 
        "accumulated_operating_revenue": 257851, 
        "long_term_average": 23441, 
        "short_term_average": 20529
    }, 
    {
        "date": "2012-12-31", 
        "operating_revenue": 27818, 
        "accumulated_operating_revenue": 285669, 
        "long_term_average": 23805, 
        "short_term_average": 23228
    }, 
    {
        "accumulated_operating_revenue_yoy": -9.477413640389726, 
        "accumulated_operating_revenue": 16352, 
        "long_term_average": 23663, 
        "date": "2013-01-31", 
        "operating_revenue": 16352, 
        "short_term_average": 21921
    }, 
    {
        "accumulated_operating_revenue_yoy": -3.8843776511937946, 
        "accumulated_operating_revenue": 31722, 
        "long_term_average": 23698, 
        "date": "2013-02-28", 
        "operating_revenue": 15370, 
        "short_term_average": 19846
    }, 
    {
        "accumulated_operating_revenue_yoy": -4.9366856303908975, 
        "accumulated_operating_revenue": 51800, 
        "long_term_average": 23581, 
        "date": "2013-03-31", 
        "operating_revenue": 20078, 
        "short_term_average": 17266
    }, 
    {
        "accumulated_operating_revenue_yoy": -1.8302618271715925, 
        "accumulated_operating_revenue": 69889, 
        "long_term_average": 23697, 
        "date": "2013-04-30", 
        "operating_revenue": 18089, 
        "short_term_average": 17845
    }, 
    {
        "accumulated_operating_revenue_yoy": -18.913251451929302, 
        "accumulated_operating_revenue": 83911, 
        "long_term_average": 22174, 
        "date": "2013-05-31", 
        "operating_revenue": 14022, 
        "short_term_average": 17396
    }, 
    {
        "accumulated_operating_revenue_yoy": -28.29947598880195, 
        "accumulated_operating_revenue": 99886, 
        "long_term_average": 20520, 
        "date": "2013-06-30", 
        "operating_revenue": 15975, 
        "short_term_average": 16028
    }, 
    {
        "accumulated_operating_revenue_yoy": -34.26750984938341, 
        "accumulated_operating_revenue": 110284, 
        "long_term_average": 19014, 
        "date": "2013-07-31", 
        "operating_revenue": 10398, 
        "short_term_average": 13465
    }, 
    {
        "accumulated_operating_revenue_yoy": -39.225736762727756, 
        "accumulated_operating_revenue": 119278, 
        "long_term_average": 17390, 
        "date": "2013-08-31", 
        "operating_revenue": 8994, 
        "short_term_average": 11789
    }, 
    {
        "accumulated_operating_revenue_yoy": -41.29704052152011, 
        "accumulated_operating_revenue": 126789, 
        "long_term_average": 16372, 
        "date": "2013-09-30", 
        "operating_revenue": 7511, 
        "short_term_average": 8967
    }, 
    {
        "accumulated_operating_revenue_yoy": -42.59828321820398, 
        "accumulated_operating_revenue": 135615, 
        "long_term_average": 15419, 
        "date": "2013-10-31", 
        "operating_revenue": 8826, 
        "short_term_average": 8443
    }, 
    {
        "accumulated_operating_revenue_yoy": -43.862152948796016, 
        "accumulated_operating_revenue": 144752, 
        "long_term_average": 14380, 
        "date": "2013-11-30", 
        "operating_revenue": 9137, 
        "short_term_average": 8491
    }, 
    {
        "accumulated_operating_revenue_yoy": -47.02645369291032, 
        "accumulated_operating_revenue": 151329, 
        "long_term_average": 12610, 
        "date": "2013-12-31", 
        "operating_revenue": 6577, 
        "short_term_average": 8180
    }, 
    {
        "accumulated_operating_revenue_yoy": -16.32216242661448, 
        "accumulated_operating_revenue": 13683, 
        "long_term_average": 12388, 
        "date": "2014-01-31", 
        "operating_revenue": 13683, 
        "short_term_average": 9799
    }, 
    {
        "accumulated_operating_revenue_yoy": -39.984868545488936, 
        "accumulated_operating_revenue": 19038, 
        "long_term_average": 11553, 
        "date": "2014-02-28", 
        "operating_revenue": 5355, 
        "short_term_average": 8538
    }, 
    {
        "accumulated_operating_revenue_yoy": -48.052123552123554, 
        "accumulated_operating_revenue": 26909, 
        "long_term_average": 10536, 
        "date": "2014-03-31", 
        "operating_revenue": 7871, 
        "short_term_average": 8969
    }, 
    {
        "accumulated_operating_revenue_yoy": -54.822647340783234, 
        "accumulated_operating_revenue": 31574, 
        "long_term_average": 9417, 
        "date": "2014-04-30", 
        "operating_revenue": 4665, 
        "short_term_average": 5963
    }, 
    {
        "accumulated_operating_revenue_yoy": -57.04615604628713, 
        "accumulated_operating_revenue": 36043, 
        "long_term_average": 8621, 
        "date": "2014-05-31", 
        "operating_revenue": 4469, 
        "short_term_average": 5668
    }, 
    {
        "accumulated_operating_revenue_yoy": -60.43890034639489, 
        "accumulated_operating_revenue": 39516, 
        "long_term_average": 7579, 
        "date": "2014-06-30", 
        "operating_revenue": 3473, 
        "short_term_average": 4202
    }, 
    {
        "accumulated_operating_revenue_yoy": -57.88963040876283, 
        "accumulated_operating_revenue": 46441, 
        "long_term_average": 7290, 
        "date": "2014-07-31", 
        "operating_revenue": 6925, 
        "short_term_average": 4955
    }, 
    {
        "accumulated_operating_revenue_yoy": -54.167574909036034, 
        "accumulated_operating_revenue": 54668, 
        "long_term_average": 7226, 
        "date": "2014-08-31", 
        "operating_revenue": 8227, 
        "short_term_average": 6208
    }, 
    {
        "accumulated_operating_revenue_yoy": -54.12220303023133, 
        "accumulated_operating_revenue": 58168, 
        "long_term_average": 6892, 
        "date": "2014-09-30", 
        "operating_revenue": 3500, 
        "short_term_average": 6217
    }, 
    {
        "accumulated_operating_revenue_yoy": -49.364008406149765, 
        "accumulated_operating_revenue": 68670, 
        "long_term_average": 7032, 
        "date": "2014-10-31", 
        "operating_revenue": 10502, 
        "short_term_average": 7409
    }, 
    {
        "accumulated_operating_revenue_yoy": -49.87979440698574, 
        "accumulated_operating_revenue": 72550, 
        "long_term_average": 6593, 
        "date": "2014-11-30", 
        "operating_revenue": 3880, 
        "short_term_average": 5960
    }, 
    {
        "accumulated_operating_revenue_yoy": -50.54417857780069, 
        "accumulated_operating_revenue": 74841, 
        "long_term_average": 6236, 
        "date": "2014-12-31", 
        "operating_revenue": 2291, 
        "short_term_average": 5557
    }, 
    {
        "accumulated_operating_revenue_yoy": -91.98275232039758, 
        "accumulated_operating_revenue": 1097, 
        "long_term_average": 5187, 
        "date": "2015-01-31", 
        "operating_revenue": 1097, 
        "short_term_average": 2422
    }, 
    {
        "accumulated_operating_revenue_yoy": -14.55510032566446, 
        "accumulated_operating_revenue": 16267, 
        "long_term_average": 6005, 
        "date": "2015-02-28", 
        "operating_revenue": 15170, 
        "short_term_average": 6186
    }, 
    {
        "accumulated_operating_revenue_yoy": -25.73116801070274, 
        "accumulated_operating_revenue": 19985, 
        "long_term_average": 5659, 
        "date": "2015-03-31", 
        "operating_revenue": 3718, 
        "short_term_average": 6661
    }, 
    {
        "accumulated_operating_revenue_yoy": -23.630202064990183, 
        "accumulated_operating_revenue": 24113, 
        "long_term_average": 5615, 
        "date": "2015-04-30", 
        "operating_revenue": 4128, 
        "short_term_average": 7672
    }, 
    {
        "accumulated_operating_revenue_yoy": -13.478345309768889, 
        "accumulated_operating_revenue": 31185, 
        "long_term_average": 5831, 
        "date": "2015-05-31", 
        "operating_revenue": 7072, 
        "short_term_average": 4972
    }, 
    {
        "accumulated_operating_revenue_yoy": -12.617673853628911, 
        "accumulated_operating_revenue": 34530, 
        "long_term_average": 5821, 
        "date": "2015-06-30", 
        "operating_revenue": 3345, 
        "short_term_average": 4848
    }, 
    {
        "accumulated_operating_revenue_yoy": -16.509119097349327, 
        "accumulated_operating_revenue": 38774, 
        "long_term_average": 5597, 
        "date": "2015-07-31", 
        "operating_revenue": 4244, 
        "short_term_average": 4887
    }, 
    {
        "accumulated_operating_revenue_yoy": -22.718958074193313, 
        "accumulated_operating_revenue": 42248, 
        "long_term_average": 5201, 
        "date": "2015-08-31", 
        "operating_revenue": 3474, 
        "short_term_average": 3687
    }
]