[
    {
        "date": "2012-01-31", 
        "operating_revenue": 224098, 
        "accumulated_operating_revenue": 224098, 
        "long_term_average": 224098, 
        "short_term_average": 224098
    }, 
    {
        "date": "2012-02-29", 
        "operating_revenue": 230557, 
        "accumulated_operating_revenue": 454655, 
        "long_term_average": 227327, 
        "short_term_average": 227327
    }, 
    {
        "date": "2012-03-31", 
        "operating_revenue": 250069, 
        "accumulated_operating_revenue": 704724, 
        "long_term_average": 234908, 
        "short_term_average": 234908
    }, 
    {
        "date": "2012-04-30", 
        "operating_revenue": 223257, 
        "accumulated_operating_revenue": 927981, 
        "long_term_average": 231995, 
        "short_term_average": 234627
    }, 
    {
        "date": "2012-05-31", 
        "operating_revenue": 190852, 
        "accumulated_operating_revenue": 1118833, 
        "long_term_average": 223766, 
        "short_term_average": 221392
    }, 
    {
        "date": "2012-06-30", 
        "operating_revenue": 214593, 
        "accumulated_operating_revenue": 1333426, 
        "long_term_average": 222237, 
        "short_term_average": 209567
    }, 
    {
        "date": "2012-07-31", 
        "operating_revenue": 221132, 
        "accumulated_operating_revenue": 1554558, 
        "long_term_average": 222079, 
        "short_term_average": 208859
    }, 
    {
        "date": "2012-08-31", 
        "operating_revenue": 240250, 
        "accumulated_operating_revenue": 1794808, 
        "long_term_average": 224351, 
        "short_term_average": 225325
    }, 
    {
        "date": "2012-09-30", 
        "operating_revenue": 277221, 
        "accumulated_operating_revenue": 2072029, 
        "long_term_average": 230225, 
        "short_term_average": 246201
    }, 
    {
        "date": "2012-10-31", 
        "operating_revenue": 236831, 
        "accumulated_operating_revenue": 2308860, 
        "long_term_average": 230886, 
        "short_term_average": 251434
    }, 
    {
        "date": "2012-11-30", 
        "operating_revenue": 273287, 
        "accumulated_operating_revenue": 2582147, 
        "long_term_average": 234740, 
        "short_term_average": 262446
    }, 
    {
        "date": "2012-12-31", 
        "operating_revenue": 257136, 
        "accumulated_operating_revenue": 2839283, 
        "long_term_average": 236606, 
        "short_term_average": 255751
    }, 
    {
        "accumulated_operating_revenue_yoy": 26.812822961382963, 
        "accumulated_operating_revenue": 284185, 
        "long_term_average": 241614, 
        "date": "2013-01-31", 
        "operating_revenue": 284185, 
        "short_term_average": 271536
    }, 
    {
        "accumulated_operating_revenue_yoy": 13.103342094555211, 
        "accumulated_operating_revenue": 514230, 
        "long_term_average": 241571, 
        "date": "2013-02-28", 
        "operating_revenue": 230045, 
        "short_term_average": 257122
    }, 
    {
        "accumulated_operating_revenue_yoy": 5.93565707993484, 
        "accumulated_operating_revenue": 746554, 
        "long_term_average": 240092, 
        "date": "2013-03-31", 
        "operating_revenue": 232324, 
        "short_term_average": 248851
    }, 
    {
        "accumulated_operating_revenue_yoy": 5.154308116222207, 
        "accumulated_operating_revenue": 975812, 
        "long_term_average": 240592, 
        "date": "2013-04-30", 
        "operating_revenue": 229258, 
        "short_term_average": 230542
    }, 
    {
        "accumulated_operating_revenue_yoy": 11.731867043607044, 
        "accumulated_operating_revenue": 1250093, 
        "long_term_average": 247545, 
        "date": "2013-05-31", 
        "operating_revenue": 274281, 
        "short_term_average": 245287
    }, 
    {
        "accumulated_operating_revenue_yoy": 15.733606514347255, 
        "accumulated_operating_revenue": 1543222, 
        "long_term_average": 254089, 
        "date": "2013-06-30", 
        "operating_revenue": 293129, 
        "short_term_average": 265556
    }, 
    {
        "accumulated_operating_revenue_yoy": 15.559470923567986, 
        "accumulated_operating_revenue": 1796439, 
        "long_term_average": 256763, 
        "date": "2013-07-31", 
        "operating_revenue": 253217, 
        "short_term_average": 273542
    }, 
    {
        "accumulated_operating_revenue_yoy": 11.864388837134667, 
        "accumulated_operating_revenue": 2007751, 
        "long_term_average": 254352, 
        "date": "2013-08-31", 
        "operating_revenue": 211312, 
        "short_term_average": 252552
    }, 
    {
        "accumulated_operating_revenue_yoy": 11.659296274328208, 
        "accumulated_operating_revenue": 2313613, 
        "long_term_average": 256738, 
        "date": "2013-09-30", 
        "operating_revenue": 305862, 
        "short_term_average": 256797
    }, 
    {
        "accumulated_operating_revenue_yoy": 14.768197292170163, 
        "accumulated_operating_revenue": 2649837, 
        "long_term_average": 265021, 
        "date": "2013-10-31", 
        "operating_revenue": 336224, 
        "short_term_average": 284466
    }, 
    {
        "accumulated_operating_revenue_yoy": 13.194678691801823, 
        "accumulated_operating_revenue": 2922853, 
        "long_term_average": 264999, 
        "date": "2013-11-30", 
        "operating_revenue": 273016, 
        "short_term_average": 305034
    }, 
    {
        "accumulated_operating_revenue_yoy": 14.085704031616434, 
        "accumulated_operating_revenue": 3239216, 
        "long_term_average": 269934, 
        "date": "2013-12-31", 
        "operating_revenue": 316363, 
        "short_term_average": 308534
    }, 
    {
        "accumulated_operating_revenue_yoy": 5.934514488801309, 
        "accumulated_operating_revenue": 301050, 
        "long_term_average": 271340, 
        "date": "2014-01-31", 
        "operating_revenue": 301050, 
        "short_term_average": 296809
    }, 
    {
        "accumulated_operating_revenue_yoy": 3.6197810318340045, 
        "accumulated_operating_revenue": 532844, 
        "long_term_average": 271485, 
        "date": "2014-02-28", 
        "operating_revenue": 231794, 
        "short_term_average": 283069
    }, 
    {
        "accumulated_operating_revenue_yoy": 4.219922470444201, 
        "accumulated_operating_revenue": 778058, 
        "long_term_average": 272560, 
        "date": "2014-03-31", 
        "operating_revenue": 245214, 
        "short_term_average": 259352
    }, 
    {
        "accumulated_operating_revenue_yoy": 1.1179407508823422, 
        "accumulated_operating_revenue": 986721, 
        "long_term_average": 270843, 
        "date": "2014-04-30", 
        "operating_revenue": 208663, 
        "short_term_average": 228557
    }, 
    {
        "accumulated_operating_revenue_yoy": 0.9344104798602985, 
        "accumulated_operating_revenue": 1261774, 
        "long_term_average": 270908, 
        "date": "2014-05-31", 
        "operating_revenue": 275053, 
        "short_term_average": 242976
    }, 
    {
        "accumulated_operating_revenue_yoy": 3.721240365935685, 
        "accumulated_operating_revenue": 1600649, 
        "long_term_average": 274720, 
        "date": "2014-06-30", 
        "operating_revenue": 338875, 
        "short_term_average": 274197
    }, 
    {
        "accumulated_operating_revenue_yoy": 5.022436052657508, 
        "accumulated_operating_revenue": 1886664, 
        "long_term_average": 277453, 
        "date": "2014-07-31", 
        "operating_revenue": 286015, 
        "short_term_average": 299981
    }, 
    {
        "accumulated_operating_revenue_yoy": 8.34306644598857, 
        "accumulated_operating_revenue": 2175259, 
        "long_term_average": 283893, 
        "date": "2014-08-31", 
        "operating_revenue": 288595, 
        "short_term_average": 304495
    }, 
    {
        "accumulated_operating_revenue_yoy": 6.5832098972472926, 
        "accumulated_operating_revenue": 2465923, 
        "long_term_average": 282627, 
        "date": "2014-09-30", 
        "operating_revenue": 290664, 
        "short_term_average": 288424
    }, 
    {
        "accumulated_operating_revenue_yoy": 4.814748982673274, 
        "accumulated_operating_revenue": 2777420, 
        "long_term_average": 280566, 
        "date": "2014-10-31", 
        "operating_revenue": 311497, 
        "short_term_average": 296918
    }, 
    {
        "accumulated_operating_revenue_yoy": 5.269029951215473, 
        "accumulated_operating_revenue": 3076859, 
        "long_term_average": 282768, 
        "date": "2014-11-30", 
        "operating_revenue": 299439, 
        "short_term_average": 300533
    }, 
    {
        "accumulated_operating_revenue_yoy": 5.744105981200389, 
        "accumulated_operating_revenue": 3425280, 
        "long_term_average": 285440, 
        "date": "2014-12-31", 
        "operating_revenue": 348421, 
        "short_term_average": 319785
    }, 
    {
        "accumulated_operating_revenue_yoy": 4.207938880584621, 
        "accumulated_operating_revenue": 313718, 
        "long_term_average": 286495, 
        "date": "2015-01-31", 
        "operating_revenue": 313718, 
        "short_term_average": 320526
    }, 
    {
        "accumulated_operating_revenue_yoy": 11.348724955146347, 
        "accumulated_operating_revenue": 593315, 
        "long_term_average": 290479, 
        "date": "2015-02-28", 
        "operating_revenue": 279597, 
        "short_term_average": 313912
    }, 
    {
        "accumulated_operating_revenue_yoy": 10.123666873163698, 
        "accumulated_operating_revenue": 856826, 
        "long_term_average": 292004, 
        "date": "2015-03-31", 
        "operating_revenue": 263511, 
        "short_term_average": 285608
    }, 
    {
        "accumulated_operating_revenue_yoy": 16.155022544366645, 
        "accumulated_operating_revenue": 1146126, 
        "long_term_average": 298723, 
        "date": "2015-04-30", 
        "operating_revenue": 289300, 
        "short_term_average": 277469
    }, 
    {
        "accumulated_operating_revenue_yoy": 11.133927311864088, 
        "accumulated_operating_revenue": 1402259, 
        "long_term_average": 297147, 
        "date": "2015-05-31", 
        "operating_revenue": 256133, 
        "short_term_average": 269648
    }, 
    {
        "accumulated_operating_revenue_yoy": 7.160408059480873, 
        "accumulated_operating_revenue": 1715262, 
        "long_term_average": 294991, 
        "date": "2015-06-30", 
        "operating_revenue": 313003, 
        "short_term_average": 286145
    }, 
    {
        "accumulated_operating_revenue_yoy": 6.701776256927571, 
        "accumulated_operating_revenue": 2013104, 
        "long_term_average": 295976, 
        "date": "2015-07-31", 
        "operating_revenue": 297842, 
        "short_term_average": 288992
    }, 
    {
        "accumulated_operating_revenue_yoy": 4.686430443455239, 
        "accumulated_operating_revenue": 2277201, 
        "long_term_average": 293935, 
        "date": "2015-08-31", 
        "operating_revenue": 264097, 
        "short_term_average": 291647
    }, 
    {
        "accumulated_operating_revenue_yoy": 2.6940013942041174, 
        "accumulated_operating_revenue": 2532355, 
        "long_term_average": 290976, 
        "date": "2015-09-30", 
        "operating_revenue": 255154, 
        "short_term_average": 272364
    }, 
    {
        "accumulated_operating_revenue_yoy": 0.21491168062446445, 
        "accumulated_operating_revenue": 2783389, 
        "long_term_average": 285937, 
        "date": "2015-10-31", 
        "operating_revenue": 251034, 
        "short_term_average": 256761
    }
]