[
    {
        "date": "2011-09-30", 
        "operating_revenue": 3111697, 
        "accumulated_operating_revenue": 3111697, 
        "long_term_average": 3111697, 
        "short_term_average": 3111697
    }, 
    {
        "date": "2011-10-31", 
        "operating_revenue": 2611846, 
        "accumulated_operating_revenue": 5723543, 
        "long_term_average": 2861771, 
        "short_term_average": 2861771
    }, 
    {
        "date": "2011-11-30", 
        "operating_revenue": 1633955, 
        "accumulated_operating_revenue": 7357498, 
        "long_term_average": 2452499, 
        "short_term_average": 2452499
    }, 
    {
        "date": "2011-12-31", 
        "operating_revenue": 1557981, 
        "accumulated_operating_revenue": 8915479, 
        "long_term_average": 2228869, 
        "short_term_average": 1934594
    }, 
    {
        "date": "2012-01-31", 
        "operating_revenue": 1464976, 
        "accumulated_operating_revenue": 1464976, 
        "long_term_average": 2076091, 
        "short_term_average": 1552304
    }, 
    {
        "date": "2012-02-29", 
        "operating_revenue": 1574971, 
        "accumulated_operating_revenue": 3039947, 
        "long_term_average": 1992571, 
        "short_term_average": 1532642
    }, 
    {
        "date": "2012-03-31", 
        "operating_revenue": 1814113, 
        "accumulated_operating_revenue": 4854060, 
        "long_term_average": 1967077, 
        "short_term_average": 1618020
    }, 
    {
        "date": "2012-04-30", 
        "operating_revenue": 1857332, 
        "accumulated_operating_revenue": 6711392, 
        "long_term_average": 1953358, 
        "short_term_average": 1748805
    }, 
    {
        "date": "2012-05-31", 
        "operating_revenue": 2064516, 
        "accumulated_operating_revenue": 8775908, 
        "long_term_average": 1965709, 
        "short_term_average": 1911987
    }, 
    {
        "date": "2012-06-30", 
        "operating_revenue": 1345892, 
        "accumulated_operating_revenue": 10121800, 
        "long_term_average": 1903727, 
        "short_term_average": 1755913
    }, 
    {
        "date": "2012-07-31", 
        "operating_revenue": 1009901, 
        "accumulated_operating_revenue": 11131701, 
        "long_term_average": 1822470, 
        "short_term_average": 1473436
    }, 
    {
        "date": "2012-08-31", 
        "operating_revenue": 935882, 
        "accumulated_operating_revenue": 12067583, 
        "long_term_average": 1748588, 
        "short_term_average": 1097225
    }, 
    {
        "accumulated_operating_revenue_yoy": 316.2893109451209, 
        "accumulated_operating_revenue": 12953662, 
        "long_term_average": 1563120, 
        "date": "2012-09-30", 
        "operating_revenue": 886079, 
        "short_term_average": 943954
    }, 
    {
        "accumulated_operating_revenue_yoy": 153.6982949197726, 
        "accumulated_operating_revenue": 14520531, 
        "long_term_average": 1476038, 
        "date": "2012-10-31", 
        "operating_revenue": 1566869, 
        "short_term_average": 1129610
    }, 
    {
        "accumulated_operating_revenue_yoy": 149.86182802903923, 
        "accumulated_operating_revenue": 18383579, 
        "long_term_average": 1661796, 
        "date": "2012-11-30", 
        "operating_revenue": 3863048, 
        "short_term_average": 2105332
    }, 
    {
        "accumulated_operating_revenue_yoy": 138.56793336622744, 
        "accumulated_operating_revenue": 21269474, 
        "long_term_average": 1772456, 
        "date": "2012-12-31", 
        "operating_revenue": 2885895, 
        "short_term_average": 2771937
    }, 
    {
        "accumulated_operating_revenue_yoy": 40.224891056235734, 
        "accumulated_operating_revenue": 2054261, 
        "long_term_average": 1821563, 
        "date": "2013-01-31", 
        "operating_revenue": 2054261, 
        "short_term_average": 2934401
    }, 
    {
        "accumulated_operating_revenue_yoy": 15.619285467805852, 
        "accumulated_operating_revenue": 3514765, 
        "long_term_average": 1812024, 
        "date": "2013-02-28", 
        "operating_revenue": 1460504, 
        "short_term_average": 2133553
    }, 
    {
        "accumulated_operating_revenue_yoy": 4.432001252559712, 
        "accumulated_operating_revenue": 5069192, 
        "long_term_average": 1790383, 
        "date": "2013-03-31", 
        "operating_revenue": 1554427, 
        "short_term_average": 1689730
    }, 
    {
        "accumulated_operating_revenue_yoy": 14.377330366040308, 
        "accumulated_operating_revenue": 7676311, 
        "long_term_average": 1852866, 
        "date": "2013-04-30", 
        "operating_revenue": 2607119, 
        "short_term_average": 1874016
    }, 
    {
        "accumulated_operating_revenue_yoy": 18.83467784757999, 
        "accumulated_operating_revenue": 10428822, 
        "long_term_average": 1910199, 
        "date": "2013-05-31", 
        "operating_revenue": 2752511, 
        "short_term_average": 2304685
    }, 
    {
        "accumulated_operating_revenue_yoy": 33.99554427078188, 
        "accumulated_operating_revenue": 13562761, 
        "long_term_average": 2059202, 
        "date": "2013-06-30", 
        "operating_revenue": 3133939, 
        "short_term_average": 2831189
    }, 
    {
        "accumulated_operating_revenue_yoy": 47.582557239005965, 
        "accumulated_operating_revenue": 16428449, 
        "long_term_average": 2213851, 
        "date": "2013-07-31", 
        "operating_revenue": 2865688, 
        "short_term_average": 2917379
    }, 
    {
        "accumulated_operating_revenue_yoy": 64.09696954228531, 
        "accumulated_operating_revenue": 19802538, 
        "long_term_average": 2417035, 
        "date": "2013-08-31", 
        "operating_revenue": 3374089, 
        "short_term_average": 3124572
    }, 
    {
        "accumulated_operating_revenue_yoy": 81.0463249697267, 
        "accumulated_operating_revenue": 23452129, 
        "long_term_average": 2647328, 
        "date": "2013-09-30", 
        "operating_revenue": 3649591, 
        "short_term_average": 3296456
    }, 
    {
        "accumulated_operating_revenue_yoy": 83.4508875742905, 
        "accumulated_operating_revenue": 26638043, 
        "long_term_average": 2782248, 
        "date": "2013-10-31", 
        "operating_revenue": 3185914, 
        "short_term_average": 3403198
    }, 
    {
        "accumulated_operating_revenue_yoy": 60.62414723487739, 
        "accumulated_operating_revenue": 29528467, 
        "long_term_average": 2701196, 
        "date": "2013-11-30", 
        "operating_revenue": 2890424, 
        "short_term_average": 3241976
    }, 
    {
        "accumulated_operating_revenue_yoy": 47.485353892625646, 
        "accumulated_operating_revenue": 31369359, 
        "long_term_average": 2614113, 
        "date": "2013-12-31", 
        "operating_revenue": 1840892, 
        "short_term_average": 2639076
    }, 
    {
        "accumulated_operating_revenue_yoy": -12.555950777432859, 
        "accumulated_operating_revenue": 1796329, 
        "long_term_average": 2592618, 
        "date": "2014-01-31", 
        "operating_revenue": 1796329, 
        "short_term_average": 2175881
    }, 
    {
        "accumulated_operating_revenue_yoy": 1.037139040590196, 
        "accumulated_operating_revenue": 3551218, 
        "long_term_average": 2617151, 
        "date": "2014-02-28", 
        "operating_revenue": 1754889, 
        "short_term_average": 1797370
    }, 
    {
        "accumulated_operating_revenue_yoy": 33.26873395207757, 
        "accumulated_operating_revenue": 6755648, 
        "long_term_average": 2754651, 
        "date": "2014-03-31", 
        "operating_revenue": 3204430, 
        "short_term_average": 2251882
    }, 
    {
        "accumulated_operating_revenue_yoy": 19.64420149209692, 
        "accumulated_operating_revenue": 9184261, 
        "long_term_average": 2739775, 
        "date": "2014-04-30", 
        "operating_revenue": 2428613, 
        "short_term_average": 2462644
    }, 
    {
        "accumulated_operating_revenue_yoy": 6.344916041332377, 
        "accumulated_operating_revenue": 11090522, 
        "long_term_average": 2669254, 
        "date": "2014-05-31", 
        "operating_revenue": 1906261, 
        "short_term_average": 2513101
    }, 
    {
        "accumulated_operating_revenue_yoy": -7.515033259083456, 
        "accumulated_operating_revenue": 12543515, 
        "long_term_average": 2529176, 
        "date": "2014-06-30", 
        "operating_revenue": 1452993, 
        "short_term_average": 1929289
    }, 
    {
        "accumulated_operating_revenue_yoy": -12.821465982576932, 
        "accumulated_operating_revenue": 14322081, 
        "long_term_average": 2438582, 
        "date": "2014-07-31", 
        "operating_revenue": 1778566, 
        "short_term_average": 1712606
    }, 
    {
        "accumulated_operating_revenue_yoy": -19.404573292574923, 
        "accumulated_operating_revenue": 15959940, 
        "long_term_average": 2293896, 
        "date": "2014-08-31", 
        "operating_revenue": 1637859, 
        "short_term_average": 1623139
    }, 
    {
        "accumulated_operating_revenue_yoy": -17.323885605439063, 
        "accumulated_operating_revenue": 19389309, 
        "long_term_average": 2275544, 
        "date": "2014-09-30", 
        "operating_revenue": 3429369, 
        "short_term_average": 2281931
    }, 
    {
        "accumulated_operating_revenue_yoy": -15.428149132426883, 
        "accumulated_operating_revenue": 22528286, 
        "long_term_average": 2271633, 
        "date": "2014-10-31", 
        "operating_revenue": 3138977, 
        "short_term_average": 2735401
    }, 
    {
        "accumulated_operating_revenue_yoy": -14.666619841795377, 
        "accumulated_operating_revenue": 25197639, 
        "long_term_average": 2253210, 
        "date": "2014-11-30", 
        "operating_revenue": 2669353, 
        "short_term_average": 3079233
    }, 
    {
        "accumulated_operating_revenue_yoy": -13.793042439917244, 
        "accumulated_operating_revenue": 27042570, 
        "long_term_average": 2253547, 
        "date": "2014-12-31", 
        "operating_revenue": 1844931, 
        "short_term_average": 2551087
    }, 
    {
        "accumulated_operating_revenue_yoy": -13.2329322746557, 
        "accumulated_operating_revenue": 1558622, 
        "long_term_average": 2233738, 
        "date": "2015-01-31", 
        "operating_revenue": 1558622, 
        "short_term_average": 2024302
    }, 
    {
        "accumulated_operating_revenue_yoy": -7.712508778678188, 
        "accumulated_operating_revenue": 3277330, 
        "long_term_average": 2230723, 
        "date": "2015-02-28", 
        "operating_revenue": 1718708, 
        "short_term_average": 1707420
    }, 
    {
        "accumulated_operating_revenue_yoy": -28.242486879126915, 
        "accumulated_operating_revenue": 4847685, 
        "long_term_average": 2094550, 
        "date": "2015-03-31", 
        "operating_revenue": 1570355, 
        "short_term_average": 1615895
    }, 
    {
        "accumulated_operating_revenue_yoy": -32.441902511263564, 
        "accumulated_operating_revenue": 6204712, 
        "long_term_average": 2005251, 
        "date": "2015-04-30", 
        "operating_revenue": 1357027, 
        "short_term_average": 1548696
    }, 
    {
        "accumulated_operating_revenue_yoy": -33.60913039079676, 
        "accumulated_operating_revenue": 7363094, 
        "long_term_average": 1942928, 
        "date": "2015-05-31", 
        "operating_revenue": 1158382, 
        "short_term_average": 1361921
    }, 
    {
        "accumulated_operating_revenue_yoy": -27.026220321815696, 
        "accumulated_operating_revenue": 9153477, 
        "long_term_average": 1971044, 
        "date": "2015-06-30", 
        "operating_revenue": 1790383, 
        "short_term_average": 1435264
    }, 
    {
        "accumulated_operating_revenue_yoy": -24.75178013586154, 
        "accumulated_operating_revenue": 10777111, 
        "long_term_average": 1958133, 
        "date": "2015-07-31", 
        "operating_revenue": 1623634, 
        "short_term_average": 1524133
    }, 
    {
        "accumulated_operating_revenue_yoy": -18.165907891884306, 
        "accumulated_operating_revenue": 13060672, 
        "long_term_average": 2011941, 
        "date": "2015-08-31", 
        "operating_revenue": 2283561, 
        "short_term_average": 1899192
    }, 
    {
        "accumulated_operating_revenue_yoy": -19.211664531211504, 
        "accumulated_operating_revenue": 15664300, 
        "long_term_average": 1943130, 
        "date": "2015-09-30", 
        "operating_revenue": 2603628, 
        "short_term_average": 2170274
    }
]