[
    {
        "date": "2011-09-30", 
        "operating_revenue": 191636, 
        "accumulated_operating_revenue": 191636, 
        "long_term_average": 191636, 
        "short_term_average": 191636
    }, 
    {
        "date": "2011-10-31", 
        "operating_revenue": 162568, 
        "accumulated_operating_revenue": 354204, 
        "long_term_average": 177102, 
        "short_term_average": 177102
    }, 
    {
        "date": "2011-11-30", 
        "operating_revenue": 191689, 
        "accumulated_operating_revenue": 545893, 
        "long_term_average": 181964, 
        "short_term_average": 181964
    }, 
    {
        "date": "2011-12-31", 
        "operating_revenue": 182885, 
        "accumulated_operating_revenue": 728778, 
        "long_term_average": 182194, 
        "short_term_average": 179047
    }, 
    {
        "date": "2012-01-31", 
        "operating_revenue": 147016, 
        "accumulated_operating_revenue": 147016, 
        "long_term_average": 175158, 
        "short_term_average": 173863
    }, 
    {
        "date": "2012-02-29", 
        "operating_revenue": 183894, 
        "accumulated_operating_revenue": 330910, 
        "long_term_average": 176614, 
        "short_term_average": 171265
    }, 
    {
        "date": "2012-03-31", 
        "operating_revenue": 248959, 
        "accumulated_operating_revenue": 579869, 
        "long_term_average": 186949, 
        "short_term_average": 193289
    }, 
    {
        "date": "2012-04-30", 
        "operating_revenue": 199680, 
        "accumulated_operating_revenue": 779549, 
        "long_term_average": 188540, 
        "short_term_average": 210844
    }, 
    {
        "date": "2012-05-31", 
        "operating_revenue": 233396, 
        "accumulated_operating_revenue": 1012945, 
        "long_term_average": 193524, 
        "short_term_average": 227345
    }, 
    {
        "date": "2012-06-30", 
        "operating_revenue": 185810, 
        "accumulated_operating_revenue": 1198755, 
        "long_term_average": 192753, 
        "short_term_average": 206295
    }, 
    {
        "date": "2012-07-31", 
        "operating_revenue": 207321, 
        "accumulated_operating_revenue": 1406076, 
        "long_term_average": 194077, 
        "short_term_average": 208842
    }, 
    {
        "date": "2012-08-31", 
        "operating_revenue": 224533, 
        "accumulated_operating_revenue": 1630609, 
        "long_term_average": 196615, 
        "short_term_average": 205888
    }, 
    {
        "accumulated_operating_revenue_yoy": 860.5262059320795, 
        "accumulated_operating_revenue": 1840714, 
        "long_term_average": 198154, 
        "date": "2012-09-30", 
        "operating_revenue": 210105, 
        "short_term_average": 213986
    }, 
    {
        "accumulated_operating_revenue_yoy": 469.2087045883163, 
        "accumulated_operating_revenue": 2016160, 
        "long_term_average": 199227, 
        "date": "2012-10-31", 
        "operating_revenue": 175446, 
        "short_term_average": 203361
    }, 
    {
        "accumulated_operating_revenue_yoy": 301.1154200548459, 
        "accumulated_operating_revenue": 2189661, 
        "long_term_average": 197712, 
        "date": "2012-11-30", 
        "operating_revenue": 173501, 
        "short_term_average": 186350
    }, 
    {
        "accumulated_operating_revenue_yoy": 220.56058223491925, 
        "accumulated_operating_revenue": 2336175, 
        "long_term_average": 194681, 
        "date": "2012-12-31", 
        "operating_revenue": 146514, 
        "short_term_average": 165153
    }, 
    {
        "accumulated_operating_revenue_yoy": 31.459160907656308, 
        "accumulated_operating_revenue": 193266, 
        "long_term_average": 198535, 
        "date": "2013-01-31", 
        "operating_revenue": 193266, 
        "short_term_average": 171093
    }, 
    {
        "accumulated_operating_revenue_yoy": -6.19292254691608, 
        "accumulated_operating_revenue": 310417, 
        "long_term_average": 192973, 
        "date": "2013-02-28", 
        "operating_revenue": 117151, 
        "short_term_average": 152310
    }, 
    {
        "accumulated_operating_revenue_yoy": -11.273925662520327, 
        "accumulated_operating_revenue": 514495, 
        "long_term_average": 189233, 
        "date": "2013-03-31", 
        "operating_revenue": 204078, 
        "short_term_average": 171498
    }, 
    {
        "accumulated_operating_revenue_yoy": -5.269585362818758, 
        "accumulated_operating_revenue": 738470, 
        "long_term_average": 191258, 
        "date": "2013-04-30", 
        "operating_revenue": 223975, 
        "short_term_average": 181734
    }, 
    {
        "accumulated_operating_revenue_yoy": -5.300090330669484, 
        "accumulated_operating_revenue": 959258, 
        "long_term_average": 190207, 
        "date": "2013-05-31", 
        "operating_revenue": 220788, 
        "short_term_average": 216280
    }, 
    {
        "accumulated_operating_revenue_yoy": -3.3280361708606017, 
        "accumulated_operating_revenue": 1158860, 
        "long_term_average": 191356, 
        "date": "2013-06-30", 
        "operating_revenue": 199602, 
        "short_term_average": 214788
    }, 
    {
        "accumulated_operating_revenue_yoy": -0.831107280118571, 
        "accumulated_operating_revenue": 1394390, 
        "long_term_average": 193707, 
        "date": "2013-07-31", 
        "operating_revenue": 235530, 
        "short_term_average": 218640
    }, 
    {
        "accumulated_operating_revenue_yoy": -0.3869106573065646, 
        "accumulated_operating_revenue": 1624300, 
        "long_term_average": 194155, 
        "date": "2013-08-31", 
        "operating_revenue": 229910, 
        "short_term_average": 221680
    }, 
    {
        "accumulated_operating_revenue_yoy": 0.9723400810772341, 
        "accumulated_operating_revenue": 1858612, 
        "long_term_average": 196172, 
        "date": "2013-09-30", 
        "operating_revenue": 234312, 
        "short_term_average": 233250
    }, 
    {
        "accumulated_operating_revenue_yoy": 3.402954130624554, 
        "accumulated_operating_revenue": 2084769, 
        "long_term_average": 200398, 
        "date": "2013-10-31", 
        "operating_revenue": 226157, 
        "short_term_average": 230126
    }, 
    {
        "accumulated_operating_revenue_yoy": 5.240034872978055, 
        "accumulated_operating_revenue": 2304400, 
        "long_term_average": 204242, 
        "date": "2013-11-30", 
        "operating_revenue": 219631, 
        "short_term_average": 226700
    }, 
    {
        "accumulated_operating_revenue_yoy": 7.959549263218722, 
        "accumulated_operating_revenue": 2522124, 
        "long_term_average": 210177, 
        "date": "2013-12-31", 
        "operating_revenue": 217724, 
        "short_term_average": 221170
    }, 
    {
        "accumulated_operating_revenue_yoy": 11.510043152960169, 
        "accumulated_operating_revenue": 215511, 
        "long_term_average": 212030, 
        "date": "2014-01-31", 
        "operating_revenue": 215511, 
        "short_term_average": 217622
    }, 
    {
        "accumulated_operating_revenue_yoy": 18.633644420247602, 
        "accumulated_operating_revenue": 368259, 
        "long_term_average": 214997, 
        "date": "2014-02-28", 
        "operating_revenue": 152748, 
        "short_term_average": 195327
    }, 
    {
        "accumulated_operating_revenue_yoy": 17.937394921233444, 
        "accumulated_operating_revenue": 606782, 
        "long_term_average": 217867, 
        "date": "2014-03-31", 
        "operating_revenue": 238523, 
        "short_term_average": 202260
    }, 
    {
        "accumulated_operating_revenue_yoy": 14.948609963844165, 
        "accumulated_operating_revenue": 848861, 
        "long_term_average": 219376, 
        "date": "2014-04-30", 
        "operating_revenue": 242079, 
        "short_term_average": 211116
    }, 
    {
        "accumulated_operating_revenue_yoy": 16.12892464800919, 
        "accumulated_operating_revenue": 1113976, 
        "long_term_average": 223070, 
        "date": "2014-05-31", 
        "operating_revenue": 265115, 
        "short_term_average": 248572
    }, 
    {
        "accumulated_operating_revenue_yoy": 19.18402568041006, 
        "accumulated_operating_revenue": 1381176, 
        "long_term_average": 228703, 
        "date": "2014-06-30", 
        "operating_revenue": 267200, 
        "short_term_average": 258131
    }, 
    {
        "accumulated_operating_revenue_yoy": 19.350755527506653, 
        "accumulated_operating_revenue": 1664215, 
        "long_term_average": 232662, 
        "date": "2014-07-31", 
        "operating_revenue": 283039, 
        "short_term_average": 271784
    }, 
    {
        "accumulated_operating_revenue_yoy": 23.351843871206057, 
        "accumulated_operating_revenue": 2003604, 
        "long_term_average": 241785, 
        "date": "2014-08-31", 
        "operating_revenue": 339389, 
        "short_term_average": 296542
    }, 
    {
        "accumulated_operating_revenue_yoy": 22.150400406324717, 
        "accumulated_operating_revenue": 2270302, 
        "long_term_average": 244484, 
        "date": "2014-09-30", 
        "operating_revenue": 266698, 
        "short_term_average": 296375
    }, 
    {
        "accumulated_operating_revenue_yoy": 21.95106508203067, 
        "accumulated_operating_revenue": 2542398, 
        "long_term_average": 248312, 
        "date": "2014-10-31", 
        "operating_revenue": 272096, 
        "short_term_average": 292727
    }, 
    {
        "accumulated_operating_revenue_yoy": 23.90231730602326, 
        "accumulated_operating_revenue": 2855205, 
        "long_term_average": 256077, 
        "date": "2014-11-30", 
        "operating_revenue": 312807, 
        "short_term_average": 283867
    }, 
    {
        "accumulated_operating_revenue_yoy": 22.37308712815072, 
        "accumulated_operating_revenue": 3086401, 
        "long_term_average": 257200, 
        "date": "2014-12-31", 
        "operating_revenue": 231196, 
        "short_term_average": 272033
    }, 
    {
        "accumulated_operating_revenue_yoy": 41.52549057820715, 
        "accumulated_operating_revenue": 305003, 
        "long_term_average": 264657, 
        "date": "2015-01-31", 
        "operating_revenue": 305003, 
        "short_term_average": 283002
    }, 
    {
        "accumulated_operating_revenue_yoy": 42.74491594231234, 
        "accumulated_operating_revenue": 525671, 
        "long_term_average": 270317, 
        "date": "2015-02-28", 
        "operating_revenue": 220668, 
        "short_term_average": 252289
    }, 
    {
        "accumulated_operating_revenue_yoy": 30.454430091861656, 
        "accumulated_operating_revenue": 791574, 
        "long_term_average": 272599, 
        "date": "2015-03-31", 
        "operating_revenue": 265903, 
        "short_term_average": 263858
    }, 
    {
        "accumulated_operating_revenue_yoy": 26.832072624375485, 
        "accumulated_operating_revenue": 1076628, 
        "long_term_average": 276180, 
        "date": "2015-04-30", 
        "operating_revenue": 285054, 
        "short_term_average": 257208
    }, 
    {
        "accumulated_operating_revenue_yoy": 18.235222302814424, 
        "accumulated_operating_revenue": 1317112, 
        "long_term_average": 274128, 
        "date": "2015-05-31", 
        "operating_revenue": 240484, 
        "short_term_average": 263813
    }, 
    {
        "accumulated_operating_revenue_yoy": 10.052013646341958, 
        "accumulated_operating_revenue": 1520012, 
        "long_term_average": 268769, 
        "date": "2015-06-30", 
        "operating_revenue": 202900, 
        "short_term_average": 242812
    }, 
    {
        "accumulated_operating_revenue_yoy": 3.0536919809039094, 
        "accumulated_operating_revenue": 1715035, 
        "long_term_average": 261435, 
        "date": "2015-07-31", 
        "operating_revenue": 195023, 
        "short_term_average": 212802
    }, 
    {
        "accumulated_operating_revenue_yoy": -3.5921768972311896, 
        "accumulated_operating_revenue": 1931631, 
        "long_term_average": 251202, 
        "date": "2015-08-31", 
        "operating_revenue": 216596, 
        "short_term_average": 204839
    }, 
    {
        "accumulated_operating_revenue_yoy": -4.783064103365984, 
        "accumulated_operating_revenue": 2161712, 
        "long_term_average": 248150, 
        "date": "2015-09-30", 
        "operating_revenue": 230081, 
        "short_term_average": 213900
    }
]