[
    {
        "date": "2011-09-30", 
        "operating_revenue": 1328669, 
        "accumulated_operating_revenue": 1328669, 
        "long_term_average": 1328669, 
        "short_term_average": 1328669
    }, 
    {
        "date": "2011-10-31", 
        "operating_revenue": 1358986, 
        "accumulated_operating_revenue": 2687655, 
        "long_term_average": 1343827, 
        "short_term_average": 1343827
    }, 
    {
        "date": "2011-11-30", 
        "operating_revenue": 1178047, 
        "accumulated_operating_revenue": 3865702, 
        "long_term_average": 1288567, 
        "short_term_average": 1288567
    }, 
    {
        "date": "2011-12-31", 
        "operating_revenue": 1142717, 
        "accumulated_operating_revenue": 5008419, 
        "long_term_average": 1252104, 
        "short_term_average": 1226583
    }, 
    {
        "date": "2012-01-31", 
        "operating_revenue": 889167, 
        "accumulated_operating_revenue": 889167, 
        "long_term_average": 1179517, 
        "short_term_average": 1069977
    }, 
    {
        "date": "2012-02-29", 
        "operating_revenue": 1186916, 
        "accumulated_operating_revenue": 2076083, 
        "long_term_average": 1180750, 
        "short_term_average": 1072933
    }, 
    {
        "date": "2012-03-31", 
        "operating_revenue": 1362483, 
        "accumulated_operating_revenue": 3438566, 
        "long_term_average": 1206712, 
        "short_term_average": 1146188
    }, 
    {
        "date": "2012-04-30", 
        "operating_revenue": 1213135, 
        "accumulated_operating_revenue": 4651701, 
        "long_term_average": 1207515, 
        "short_term_average": 1254178
    }, 
    {
        "date": "2012-05-31", 
        "operating_revenue": 1175417, 
        "accumulated_operating_revenue": 5827118, 
        "long_term_average": 1203948, 
        "short_term_average": 1250345
    }, 
    {
        "date": "2012-06-30", 
        "operating_revenue": 1183185, 
        "accumulated_operating_revenue": 7010303, 
        "long_term_average": 1201872, 
        "short_term_average": 1190579
    }, 
    {
        "date": "2012-07-31", 
        "operating_revenue": 1210056, 
        "accumulated_operating_revenue": 8220359, 
        "long_term_average": 1202616, 
        "short_term_average": 1189552
    }, 
    {
        "date": "2012-08-31", 
        "operating_revenue": 1339568, 
        "accumulated_operating_revenue": 9559927, 
        "long_term_average": 1214028, 
        "short_term_average": 1244269
    }, 
    {
        "accumulated_operating_revenue_yoy": 707.3585671073835, 
        "accumulated_operating_revenue": 10727123, 
        "long_term_average": 1200572, 
        "date": "2012-09-30", 
        "operating_revenue": 1167196, 
        "short_term_average": 1238940
    }, 
    {
        "accumulated_operating_revenue_yoy": 336.0547391685317, 
        "accumulated_operating_revenue": 11719647, 
        "long_term_average": 1170034, 
        "date": "2012-10-31", 
        "operating_revenue": 992524, 
        "short_term_average": 1166429
    }, 
    {
        "accumulated_operating_revenue_yoy": 226.07187517299576, 
        "accumulated_operating_revenue": 12604967, 
        "long_term_average": 1145640, 
        "date": "2012-11-30", 
        "operating_revenue": 885320, 
        "short_term_average": 1015013
    }, 
    {
        "accumulated_operating_revenue_yoy": 166.50074604381143, 
        "accumulated_operating_revenue": 13347474, 
        "long_term_average": 1112289, 
        "date": "2012-12-31", 
        "operating_revenue": 742507, 
        "short_term_average": 873450
    }, 
    {
        "accumulated_operating_revenue_yoy": 6.337392188419049, 
        "accumulated_operating_revenue": 945517, 
        "long_term_average": 1116985, 
        "date": "2013-01-31", 
        "operating_revenue": 945517, 
        "short_term_average": 857781
    }, 
    {
        "accumulated_operating_revenue_yoy": -28.162217021188457, 
        "accumulated_operating_revenue": 1491412, 
        "long_term_average": 1063566, 
        "date": "2013-02-28", 
        "operating_revenue": 545895, 
        "short_term_average": 744639
    }, 
    {
        "accumulated_operating_revenue_yoy": -32.73922908561301, 
        "accumulated_operating_revenue": 2312806, 
        "long_term_average": 1018476, 
        "date": "2013-03-31", 
        "operating_revenue": 821394, 
        "short_term_average": 770935
    }, 
    {
        "accumulated_operating_revenue_yoy": -34.01697572565391, 
        "accumulated_operating_revenue": 3069333, 
        "long_term_average": 980425, 
        "date": "2013-04-30", 
        "operating_revenue": 756527, 
        "short_term_average": 707938
    }, 
    {
        "accumulated_operating_revenue_yoy": -34.35646918425198, 
        "accumulated_operating_revenue": 3825126, 
        "long_term_average": 945456, 
        "date": "2013-05-31", 
        "operating_revenue": 755793, 
        "short_term_average": 777904
    }, 
    {
        "accumulated_operating_revenue_yoy": -35.563298761836684, 
        "accumulated_operating_revenue": 4517208, 
        "long_term_average": 904531, 
        "date": "2013-06-30", 
        "operating_revenue": 692082, 
        "short_term_average": 734800
    }, 
    {
        "accumulated_operating_revenue_yoy": -33.14744526364359, 
        "accumulated_operating_revenue": 5495520, 
        "long_term_average": 885219, 
        "date": "2013-07-31", 
        "operating_revenue": 978312, 
        "short_term_average": 808729
    }, 
    {
        "accumulated_operating_revenue_yoy": -31.9800036129983, 
        "accumulated_operating_revenue": 6502662, 
        "long_term_average": 857517, 
        "date": "2013-08-31", 
        "operating_revenue": 1007142, 
        "short_term_average": 892512
    }, 
    {
        "accumulated_operating_revenue_yoy": -29.649907062685866, 
        "accumulated_operating_revenue": 7546541, 
        "long_term_average": 847241, 
        "date": "2013-09-30", 
        "operating_revenue": 1043879, 
        "short_term_average": 1009777
    }, 
    {
        "accumulated_operating_revenue_yoy": -24.07346398743921, 
        "accumulated_operating_revenue": 8898322, 
        "long_term_average": 877179, 
        "date": "2013-10-31", 
        "operating_revenue": 1351781, 
        "short_term_average": 1134267
    }, 
    {
        "accumulated_operating_revenue_yoy": -19.043762669112898, 
        "accumulated_operating_revenue": 10204507, 
        "long_term_average": 912251, 
        "date": "2013-11-30", 
        "operating_revenue": 1306185, 
        "short_term_average": 1233948
    }, 
    {
        "accumulated_operating_revenue_yoy": -14.217753861142565, 
        "accumulated_operating_revenue": 11449763, 
        "long_term_average": 954146, 
        "date": "2013-12-31", 
        "operating_revenue": 1245256, 
        "short_term_average": 1301074
    }, 
    {
        "accumulated_operating_revenue_yoy": 34.99683242078144, 
        "accumulated_operating_revenue": 1276418, 
        "long_term_average": 981722, 
        "date": "2014-01-31", 
        "operating_revenue": 1276418, 
        "short_term_average": 1275953
    }, 
    {
        "accumulated_operating_revenue_yoy": 70.80142844499039, 
        "accumulated_operating_revenue": 2547353, 
        "long_term_average": 1042142, 
        "date": "2014-02-28", 
        "operating_revenue": 1270935, 
        "short_term_average": 1264203
    }, 
    {
        "accumulated_operating_revenue_yoy": 83.3446471515553, 
        "accumulated_operating_revenue": 4240406, 
        "long_term_average": 1114780, 
        "date": "2014-03-31", 
        "operating_revenue": 1693053, 
        "short_term_average": 1413468
    }, 
    {
        "accumulated_operating_revenue_yoy": 69.74345892087955, 
        "accumulated_operating_revenue": 5209992, 
        "long_term_average": 1132535, 
        "date": "2014-04-30", 
        "operating_revenue": 969586, 
        "short_term_average": 1311191
    }, 
    {
        "accumulated_operating_revenue_yoy": 66.92380852290879, 
        "accumulated_operating_revenue": 6385046, 
        "long_term_average": 1167473, 
        "date": "2014-05-31", 
        "operating_revenue": 1175054, 
        "short_term_average": 1279231
    }, 
    {
        "accumulated_operating_revenue_yoy": 66.83655036473859, 
        "accumulated_operating_revenue": 7536354, 
        "long_term_average": 1205742, 
        "date": "2014-06-30", 
        "operating_revenue": 1151308, 
        "short_term_average": 1098649
    }, 
    {
        "accumulated_operating_revenue_yoy": 58.70305266835531, 
        "accumulated_operating_revenue": 8721558, 
        "long_term_average": 1222983, 
        "date": "2014-07-31", 
        "operating_revenue": 1185204, 
        "short_term_average": 1170522
    }, 
    {
        "accumulated_operating_revenue_yoy": 53.40189909916893, 
        "accumulated_operating_revenue": 9975207, 
        "long_term_average": 1243525, 
        "date": "2014-08-31", 
        "operating_revenue": 1253649, 
        "short_term_average": 1196720
    }, 
    {
        "accumulated_operating_revenue_yoy": 43.86383112474974, 
        "accumulated_operating_revenue": 10856743, 
        "long_term_average": 1229997, 
        "date": "2014-09-30", 
        "operating_revenue": 881536, 
        "short_term_average": 1106796
    }, 
    {
        "accumulated_operating_revenue_yoy": 31.012094190342854, 
        "accumulated_operating_revenue": 11657878, 
        "long_term_average": 1184109, 
        "date": "2014-10-31", 
        "operating_revenue": 801135, 
        "short_term_average": 978773
    }, 
    {
        "accumulated_operating_revenue_yoy": 22.345342112068717, 
        "accumulated_operating_revenue": 12484739, 
        "long_term_average": 1144166, 
        "date": "2014-11-30", 
        "operating_revenue": 826861, 
        "short_term_average": 836510
    }, 
    {
        "accumulated_operating_revenue_yoy": 15.765479163193161, 
        "accumulated_operating_revenue": 13254873, 
        "long_term_average": 1104572, 
        "date": "2014-12-31", 
        "operating_revenue": 770134, 
        "short_term_average": 799376
    }, 
    {
        "accumulated_operating_revenue_yoy": -27.387658274953814, 
        "accumulated_operating_revenue": 926837, 
        "long_term_average": 1075441, 
        "date": "2015-01-31", 
        "operating_revenue": 926837, 
        "short_term_average": 841277
    }, 
    {
        "accumulated_operating_revenue_yoy": -36.75321009691236, 
        "accumulated_operating_revenue": 1611119, 
        "long_term_average": 1026553, 
        "date": "2015-02-28", 
        "operating_revenue": 684282, 
        "short_term_average": 793751
    }, 
    {
        "accumulated_operating_revenue_yoy": -40.05897076836511, 
        "accumulated_operating_revenue": 2541743, 
        "long_term_average": 963017, 
        "date": "2015-03-31", 
        "operating_revenue": 930624, 
        "short_term_average": 847247
    }, 
    {
        "accumulated_operating_revenue_yoy": -32.5240806511795, 
        "accumulated_operating_revenue": 3515490, 
        "long_term_average": 963364, 
        "date": "2015-04-30", 
        "operating_revenue": 973747, 
        "short_term_average": 862884
    }, 
    {
        "accumulated_operating_revenue_yoy": -30.409694777453446, 
        "accumulated_operating_revenue": 4443373, 
        "long_term_average": 942766, 
        "date": "2015-05-31", 
        "operating_revenue": 927883, 
        "short_term_average": 944084
    }, 
    {
        "accumulated_operating_revenue_yoy": -28.68237081219911, 
        "accumulated_operating_revenue": 5374749, 
        "long_term_average": 924439, 
        "date": "2015-06-30", 
        "operating_revenue": 931376, 
        "short_term_average": 944335
    }, 
    {
        "accumulated_operating_revenue_yoy": -27.877106361042376, 
        "accumulated_operating_revenue": 6290240, 
        "long_term_average": 901962, 
        "date": "2015-07-31", 
        "operating_revenue": 915491, 
        "short_term_average": 924916
    }, 
    {
        "accumulated_operating_revenue_yoy": -27.29751873820764, 
        "accumulated_operating_revenue": 7252223, 
        "long_term_average": 877657, 
        "date": "2015-08-31", 
        "operating_revenue": 961983, 
        "short_term_average": 936283
    }, 
    {
        "accumulated_operating_revenue_yoy": -25.08101186516066, 
        "accumulated_operating_revenue": 8133762, 
        "long_term_average": 877657, 
        "date": "2015-09-30", 
        "operating_revenue": 881539, 
        "short_term_average": 919671
    }
]