[
    {
        "date": "2011-09-30", 
        "operating_revenue": 490659, 
        "accumulated_operating_revenue": 490659, 
        "long_term_average": 490659, 
        "short_term_average": 490659
    }, 
    {
        "date": "2011-10-31", 
        "operating_revenue": 568230, 
        "accumulated_operating_revenue": 1058889, 
        "long_term_average": 529444, 
        "short_term_average": 529444
    }, 
    {
        "date": "2011-11-30", 
        "operating_revenue": 491027, 
        "accumulated_operating_revenue": 1549916, 
        "long_term_average": 516638, 
        "short_term_average": 516638
    }, 
    {
        "date": "2011-12-31", 
        "operating_revenue": 438152, 
        "accumulated_operating_revenue": 1988068, 
        "long_term_average": 497017, 
        "short_term_average": 499136
    }, 
    {
        "date": "2012-01-31", 
        "operating_revenue": 319540, 
        "accumulated_operating_revenue": 319540, 
        "long_term_average": 461521, 
        "short_term_average": 416239
    }, 
    {
        "date": "2012-02-29", 
        "operating_revenue": 334408, 
        "accumulated_operating_revenue": 653948, 
        "long_term_average": 440336, 
        "short_term_average": 364033
    }, 
    {
        "date": "2012-03-31", 
        "operating_revenue": 344553, 
        "accumulated_operating_revenue": 998501, 
        "long_term_average": 426652, 
        "short_term_average": 332833
    }, 
    {
        "date": "2012-04-30", 
        "operating_revenue": 347683, 
        "accumulated_operating_revenue": 1346184, 
        "long_term_average": 416781, 
        "short_term_average": 342214
    }, 
    {
        "date": "2012-05-31", 
        "operating_revenue": 418002, 
        "accumulated_operating_revenue": 1764186, 
        "long_term_average": 416917, 
        "short_term_average": 370079
    }, 
    {
        "date": "2012-06-30", 
        "operating_revenue": 588609, 
        "accumulated_operating_revenue": 2352795, 
        "long_term_average": 434086, 
        "short_term_average": 451431
    }, 
    {
        "date": "2012-07-31", 
        "operating_revenue": 806980, 
        "accumulated_operating_revenue": 3159775, 
        "long_term_average": 467985, 
        "short_term_average": 604530
    }, 
    {
        "date": "2012-08-31", 
        "operating_revenue": 1005184, 
        "accumulated_operating_revenue": 4164959, 
        "long_term_average": 512752, 
        "short_term_average": 800257
    }, 
    {
        "accumulated_operating_revenue_yoy": 986.4563780548201, 
        "accumulated_operating_revenue": 5330796, 
        "long_term_average": 569017, 
        "date": "2012-09-30", 
        "operating_revenue": 1165837, 
        "short_term_average": 992667
    }, 
    {
        "accumulated_operating_revenue_yoy": 555.033341549492, 
        "accumulated_operating_revenue": 6936076, 
        "long_term_average": 655437, 
        "date": "2012-10-31", 
        "operating_revenue": 1605280, 
        "short_term_average": 1258767
    }, 
    {
        "accumulated_operating_revenue_yoy": 414.79693093045046, 
        "accumulated_operating_revenue": 7978920, 
        "long_term_average": 701422, 
        "date": "2012-11-30", 
        "operating_revenue": 1042844, 
        "short_term_average": 1271320
    }, 
    {
        "accumulated_operating_revenue_yoy": 333.6934652134635, 
        "accumulated_operating_revenue": 8622121, 
        "long_term_average": 718510, 
        "date": "2012-12-31", 
        "operating_revenue": 643201, 
        "short_term_average": 1097108
    }, 
    {
        "accumulated_operating_revenue_yoy": 177.68479689553735, 
        "accumulated_operating_revenue": 887314, 
        "long_term_average": 765824, 
        "date": "2013-01-31", 
        "operating_revenue": 887314, 
        "short_term_average": 857786
    }, 
    {
        "accumulated_operating_revenue_yoy": 140.31895502394687, 
        "accumulated_operating_revenue": 1571561, 
        "long_term_average": 794977, 
        "date": "2013-02-28", 
        "operating_revenue": 684247, 
        "short_term_average": 738254
    }, 
    {
        "accumulated_operating_revenue_yoy": 110.59888773271133, 
        "accumulated_operating_revenue": 2102832, 
        "long_term_average": 810537, 
        "date": "2013-03-31", 
        "operating_revenue": 531271, 
        "short_term_average": 700944
    }, 
    {
        "accumulated_operating_revenue_yoy": 70.51458047339739, 
        "accumulated_operating_revenue": 2295440, 
        "long_term_average": 797614, 
        "date": "2013-04-30", 
        "operating_revenue": 192608, 
        "short_term_average": 469375
    }, 
    {
        "accumulated_operating_revenue_yoy": 46.16281956664433, 
        "accumulated_operating_revenue": 2578584, 
        "long_term_average": 786376, 
        "date": "2013-05-31", 
        "operating_revenue": 283144, 
        "short_term_average": 335674
    }, 
    {
        "accumulated_operating_revenue_yoy": 30.27990113885825, 
        "accumulated_operating_revenue": 3065219, 
        "long_term_average": 777878, 
        "date": "2013-06-30", 
        "operating_revenue": 486635, 
        "short_term_average": 320795
    }, 
    {
        "accumulated_operating_revenue_yoy": 10.861880988361513, 
        "accumulated_operating_revenue": 3502986, 
        "long_term_average": 747111, 
        "date": "2013-07-31", 
        "operating_revenue": 437767, 
        "short_term_average": 402515
    }, 
    {
        "accumulated_operating_revenue_yoy": -3.3421937646925213, 
        "accumulated_operating_revenue": 4025758, 
        "long_term_average": 706910, 
        "date": "2013-08-31", 
        "operating_revenue": 522772, 
        "short_term_average": 482391
    }, 
    {
        "accumulated_operating_revenue_yoy": -16.76299374427384, 
        "accumulated_operating_revenue": 4437195, 
        "long_term_average": 644043, 
        "date": "2013-09-30", 
        "operating_revenue": 411437, 
        "short_term_average": 457325
    }, 
    {
        "accumulated_operating_revenue_yoy": -29.192514614891763, 
        "accumulated_operating_revenue": 4911261, 
        "long_term_average": 549775, 
        "date": "2013-10-31", 
        "operating_revenue": 474066, 
        "short_term_average": 469425
    }, 
    {
        "accumulated_operating_revenue_yoy": -32.8753014192397, 
        "accumulated_operating_revenue": 5355826, 
        "long_term_average": 499918, 
        "date": "2013-11-30", 
        "operating_revenue": 444565, 
        "short_term_average": 443356
    }, 
    {
        "accumulated_operating_revenue_yoy": -33.623988807394376, 
        "accumulated_operating_revenue": 5723020, 
        "long_term_average": 476918, 
        "date": "2013-12-31", 
        "operating_revenue": 367194, 
        "short_term_average": 428608
    }, 
    {
        "accumulated_operating_revenue_yoy": -61.1863444057008, 
        "accumulated_operating_revenue": 344399, 
        "long_term_average": 431675, 
        "date": "2014-01-31", 
        "operating_revenue": 344399, 
        "short_term_average": 385386
    }, 
    {
        "accumulated_operating_revenue_yoy": -62.41221307986136, 
        "accumulated_operating_revenue": 590715, 
        "long_term_average": 395181, 
        "date": "2014-02-28", 
        "operating_revenue": 246316, 
        "short_term_average": 319303
    }, 
    {
        "accumulated_operating_revenue_yoy": -58.769839911129374, 
        "accumulated_operating_revenue": 867001, 
        "long_term_average": 373932, 
        "date": "2014-03-31", 
        "operating_revenue": 276286, 
        "short_term_average": 289000
    }, 
    {
        "accumulated_operating_revenue_yoy": -47.861760708186665, 
        "accumulated_operating_revenue": 1196802, 
        "long_term_average": 385365, 
        "date": "2014-04-30", 
        "operating_revenue": 329801, 
        "short_term_average": 284134
    }, 
    {
        "accumulated_operating_revenue_yoy": -42.0736729926192, 
        "accumulated_operating_revenue": 1493679, 
        "long_term_average": 386509, 
        "date": "2014-05-31", 
        "operating_revenue": 296877, 
        "short_term_average": 300988
    }, 
    {
        "accumulated_operating_revenue_yoy": -41.98039357057359, 
        "accumulated_operating_revenue": 1778428, 
        "long_term_average": 369685, 
        "date": "2014-06-30", 
        "operating_revenue": 284749, 
        "short_term_average": 303809
    }, 
    {
        "accumulated_operating_revenue_yoy": -45.942747130590874, 
        "accumulated_operating_revenue": 1893618, 
        "long_term_average": 342804, 
        "date": "2014-07-31", 
        "operating_revenue": 115190, 
        "short_term_average": 232272
    }, 
    {
        "accumulated_operating_revenue_yoy": -50.235582963506495, 
        "accumulated_operating_revenue": 2003395, 
        "long_term_average": 308388, 
        "date": "2014-08-31", 
        "operating_revenue": 109777, 
        "short_term_average": 169905
    }, 
    {
        "accumulated_operating_revenue_yoy": -52.16173731377594, 
        "accumulated_operating_revenue": 2122677, 
        "long_term_average": 284041, 
        "date": "2014-09-30", 
        "operating_revenue": 119282, 
        "short_term_average": 114749
    }, 
    {
        "accumulated_operating_revenue_yoy": -54.55093915798814, 
        "accumulated_operating_revenue": 2232122, 
        "long_term_average": 253656, 
        "date": "2014-10-31", 
        "operating_revenue": 109445, 
        "short_term_average": 112834
    }, 
    {
        "accumulated_operating_revenue_yoy": -56.05189563663943, 
        "accumulated_operating_revenue": 2353784, 
        "long_term_average": 226748, 
        "date": "2014-11-30", 
        "operating_revenue": 121662, 
        "short_term_average": 116796
    }, 
    {
        "accumulated_operating_revenue_yoy": -56.162515594913174, 
        "accumulated_operating_revenue": 2508828, 
        "long_term_average": 209069, 
        "date": "2014-12-31", 
        "operating_revenue": 155044, 
        "short_term_average": 128717
    }, 
    {
        "accumulated_operating_revenue_yoy": -76.71305665812038, 
        "accumulated_operating_revenue": 80200, 
        "long_term_average": 187052, 
        "date": "2015-01-31", 
        "operating_revenue": 80200, 
        "short_term_average": 118968
    }, 
    {
        "accumulated_operating_revenue_yoy": -76.08186689012469, 
        "accumulated_operating_revenue": 141288, 
        "long_term_average": 171616, 
        "date": "2015-02-28", 
        "operating_revenue": 61088, 
        "short_term_average": 98777
    }, 
    {
        "accumulated_operating_revenue_yoy": -74.77338549782526, 
        "accumulated_operating_revenue": 218715, 
        "long_term_average": 155045, 
        "date": "2015-03-31", 
        "operating_revenue": 77427, 
        "short_term_average": 72905
    }, 
    {
        "accumulated_operating_revenue_yoy": -74.78655617219891, 
        "accumulated_operating_revenue": 301755, 
        "long_term_average": 134481, 
        "date": "2015-04-30", 
        "operating_revenue": 83040, 
        "short_term_average": 73851
    }, 
    {
        "accumulated_operating_revenue_yoy": -74.69831202018639, 
        "accumulated_operating_revenue": 377926, 
        "long_term_average": 116089, 
        "date": "2015-05-31", 
        "operating_revenue": 76171, 
        "short_term_average": 78879
    }, 
    {
        "accumulated_operating_revenue_yoy": -74.46059103882754, 
        "accumulated_operating_revenue": 454200, 
        "long_term_average": 98716, 
        "date": "2015-06-30", 
        "operating_revenue": 76274, 
        "short_term_average": 78495
    }, 
    {
        "accumulated_operating_revenue_yoy": -71.39940579356553, 
        "accumulated_operating_revenue": 541586, 
        "long_term_average": 96399, 
        "date": "2015-07-31", 
        "operating_revenue": 87386, 
        "short_term_average": 79943
    }, 
    {
        "accumulated_operating_revenue_yoy": -68.99458169756838, 
        "accumulated_operating_revenue": 621161, 
        "long_term_average": 93882, 
        "date": "2015-08-31", 
        "operating_revenue": 79575, 
        "short_term_average": 81078
    }, 
    {
        "accumulated_operating_revenue_yoy": -66.72951183811763, 
        "accumulated_operating_revenue": 706225, 
        "long_term_average": 91031, 
        "date": "2015-09-30", 
        "operating_revenue": 85064, 
        "short_term_average": 84008
    }
]