[
    {
        "date": "2012-01-31", 
        "operating_revenue": 38202, 
        "accumulated_operating_revenue": 38202, 
        "long_term_average": 38202, 
        "short_term_average": 38202
    }, 
    {
        "date": "2012-02-29", 
        "operating_revenue": 40314, 
        "accumulated_operating_revenue": 78516, 
        "long_term_average": 39258, 
        "short_term_average": 39258
    }, 
    {
        "date": "2012-03-31", 
        "operating_revenue": 61265, 
        "accumulated_operating_revenue": 139781, 
        "long_term_average": 46593, 
        "short_term_average": 46593
    }, 
    {
        "date": "2012-04-30", 
        "operating_revenue": 50137, 
        "accumulated_operating_revenue": 189918, 
        "long_term_average": 47479, 
        "short_term_average": 50572
    }, 
    {
        "date": "2012-05-31", 
        "operating_revenue": 66638, 
        "accumulated_operating_revenue": 256556, 
        "long_term_average": 51311, 
        "short_term_average": 59346
    }, 
    {
        "date": "2012-06-30", 
        "operating_revenue": 62594, 
        "accumulated_operating_revenue": 319150, 
        "long_term_average": 53191, 
        "short_term_average": 59789
    }, 
    {
        "date": "2012-07-31", 
        "operating_revenue": 55274, 
        "accumulated_operating_revenue": 374424, 
        "long_term_average": 53489, 
        "short_term_average": 61502
    }, 
    {
        "date": "2012-08-31", 
        "operating_revenue": 66435, 
        "accumulated_operating_revenue": 440859, 
        "long_term_average": 55107, 
        "short_term_average": 61434
    }, 
    {
        "date": "2012-09-30", 
        "operating_revenue": 65854, 
        "accumulated_operating_revenue": 506713, 
        "long_term_average": 56301, 
        "short_term_average": 62521
    }, 
    {
        "date": "2012-10-31", 
        "operating_revenue": 70254, 
        "accumulated_operating_revenue": 576967, 
        "long_term_average": 57696, 
        "short_term_average": 67514
    }, 
    {
        "date": "2012-11-30", 
        "operating_revenue": 59001, 
        "accumulated_operating_revenue": 635968, 
        "long_term_average": 57815, 
        "short_term_average": 65036
    }, 
    {
        "date": "2012-12-31", 
        "operating_revenue": 43473, 
        "accumulated_operating_revenue": 679441, 
        "long_term_average": 56620, 
        "short_term_average": 57576
    }, 
    {
        "accumulated_operating_revenue_yoy": 60.70362808229935, 
        "accumulated_operating_revenue": 61392, 
        "long_term_average": 58552, 
        "date": "2013-01-31", 
        "operating_revenue": 61392, 
        "short_term_average": 54622
    }, 
    {
        "accumulated_operating_revenue_yoy": 37.52738295379286, 
        "accumulated_operating_revenue": 107981, 
        "long_term_average": 59075, 
        "date": "2013-02-28", 
        "operating_revenue": 46589, 
        "short_term_average": 50484
    }, 
    {
        "accumulated_operating_revenue_yoy": 13.312252738211916, 
        "accumulated_operating_revenue": 158389, 
        "long_term_average": 58170, 
        "date": "2013-03-31", 
        "operating_revenue": 50408, 
        "short_term_average": 52796
    }, 
    {
        "accumulated_operating_revenue_yoy": 20.638380774860728, 
        "accumulated_operating_revenue": 229114, 
        "long_term_average": 59886, 
        "date": "2013-04-30", 
        "operating_revenue": 70725, 
        "short_term_average": 55907
    }, 
    {
        "accumulated_operating_revenue_yoy": 10.298726204025632, 
        "accumulated_operating_revenue": 282978, 
        "long_term_average": 58821, 
        "date": "2013-05-31", 
        "operating_revenue": 53864, 
        "short_term_average": 58332
    }, 
    {
        "accumulated_operating_revenue_yoy": 8.584678051073164, 
        "accumulated_operating_revenue": 346548, 
        "long_term_average": 58903, 
        "date": "2013-06-30", 
        "operating_revenue": 63570, 
        "short_term_average": 62719
    }, 
    {
        "accumulated_operating_revenue_yoy": 11.212956434416597, 
        "accumulated_operating_revenue": 416408, 
        "long_term_average": 60118, 
        "date": "2013-07-31", 
        "operating_revenue": 69860, 
        "short_term_average": 62431
    }, 
    {
        "accumulated_operating_revenue_yoy": 8.593450513656293, 
        "accumulated_operating_revenue": 478744, 
        "long_term_average": 59777, 
        "date": "2013-08-31", 
        "operating_revenue": 62336, 
        "short_term_average": 65255
    }, 
    {
        "accumulated_operating_revenue_yoy": 6.780958846526534, 
        "accumulated_operating_revenue": 541073, 
        "long_term_average": 59483, 
        "date": "2013-09-30", 
        "operating_revenue": 62329, 
        "short_term_average": 64841
    }, 
    {
        "accumulated_operating_revenue_yoy": 7.178573471273053, 
        "accumulated_operating_revenue": 618385, 
        "long_term_average": 60071, 
        "date": "2013-10-31", 
        "operating_revenue": 77312, 
        "short_term_average": 67325
    }, 
    {
        "accumulated_operating_revenue_yoy": 6.330035473482942, 
        "accumulated_operating_revenue": 676225, 
        "long_term_average": 59974, 
        "date": "2013-11-30", 
        "operating_revenue": 57840, 
        "short_term_average": 65827
    }, 
    {
        "accumulated_operating_revenue_yoy": 8.544671281244435, 
        "accumulated_operating_revenue": 737497, 
        "long_term_average": 61458, 
        "date": "2013-12-31", 
        "operating_revenue": 61272, 
        "short_term_average": 65474
    }, 
    {
        "accumulated_operating_revenue_yoy": 12.614021370862652, 
        "accumulated_operating_revenue": 69136, 
        "long_term_average": 62103, 
        "date": "2014-01-31", 
        "operating_revenue": 69136, 
        "short_term_average": 62749
    }, 
    {
        "accumulated_operating_revenue_yoy": 19.155221751974885, 
        "accumulated_operating_revenue": 128665, 
        "long_term_average": 63181, 
        "date": "2014-02-28", 
        "operating_revenue": 59529, 
        "short_term_average": 63312
    }, 
    {
        "accumulated_operating_revenue_yoy": 21.543162719633308, 
        "accumulated_operating_revenue": 192511, 
        "long_term_average": 64301, 
        "date": "2014-03-31", 
        "operating_revenue": 63846, 
        "short_term_average": 64170
    }, 
    {
        "accumulated_operating_revenue_yoy": 19.532197945127752, 
        "accumulated_operating_revenue": 273865, 
        "long_term_average": 65187, 
        "date": "2014-04-30", 
        "operating_revenue": 81354, 
        "short_term_average": 68243
    }, 
    {
        "accumulated_operating_revenue_yoy": 23.43680427453724, 
        "accumulated_operating_revenue": 349299, 
        "long_term_average": 66984, 
        "date": "2014-05-31", 
        "operating_revenue": 75434, 
        "short_term_average": 73544
    }, 
    {
        "accumulated_operating_revenue_yoy": 23.177453051236768, 
        "accumulated_operating_revenue": 426869, 
        "long_term_average": 68151, 
        "date": "2014-06-30", 
        "operating_revenue": 77570, 
        "short_term_average": 78119
    }, 
    {
        "accumulated_operating_revenue_yoy": 22.393902134445064, 
        "accumulated_operating_revenue": 509658, 
        "long_term_average": 69228, 
        "date": "2014-07-31", 
        "operating_revenue": 82789, 
        "short_term_average": 78597
    }, 
    {
        "accumulated_operating_revenue_yoy": 22.39714753605267, 
        "accumulated_operating_revenue": 585969, 
        "long_term_average": 70393, 
        "date": "2014-08-31", 
        "operating_revenue": 76311, 
        "short_term_average": 78890
    }, 
    {
        "accumulated_operating_revenue_yoy": 22.208833188867306, 
        "accumulated_operating_revenue": 661239, 
        "long_term_average": 71471, 
        "date": "2014-09-30", 
        "operating_revenue": 75270, 
        "short_term_average": 78123
    }, 
    {
        "accumulated_operating_revenue_yoy": 21.07699895696047, 
        "accumulated_operating_revenue": 748722, 
        "long_term_average": 72319, 
        "date": "2014-10-31", 
        "operating_revenue": 87483, 
        "short_term_average": 79688
    }, 
    {
        "accumulated_operating_revenue_yoy": 20.32637066065289, 
        "accumulated_operating_revenue": 813677, 
        "long_term_average": 72912, 
        "date": "2014-11-30", 
        "operating_revenue": 64955, 
        "short_term_average": 75902
    }, 
    {
        "accumulated_operating_revenue_yoy": 19.96048797486634, 
        "accumulated_operating_revenue": 884705, 
        "long_term_average": 73725, 
        "date": "2014-12-31", 
        "operating_revenue": 71028, 
        "short_term_average": 74488
    }, 
    {
        "accumulated_operating_revenue_yoy": 5.668537375607499, 
        "accumulated_operating_revenue": 73055, 
        "long_term_average": 74052, 
        "date": "2015-01-31", 
        "operating_revenue": 73055, 
        "short_term_average": 69679
    }, 
    {
        "accumulated_operating_revenue_yoy": 7.106050596510317, 
        "accumulated_operating_revenue": 137808, 
        "long_term_average": 74487, 
        "date": "2015-02-28", 
        "operating_revenue": 64753, 
        "short_term_average": 69612
    }, 
    {
        "accumulated_operating_revenue_yoy": 6.8328563043150785, 
        "accumulated_operating_revenue": 205665, 
        "long_term_average": 74821, 
        "date": "2015-03-31", 
        "operating_revenue": 67857, 
        "short_term_average": 68555
    }, 
    {
        "accumulated_operating_revenue_yoy": 3.2895769813594287, 
        "accumulated_operating_revenue": 282874, 
        "long_term_average": 74476, 
        "date": "2015-04-30", 
        "operating_revenue": 77209, 
        "short_term_average": 69939
    }, 
    {
        "accumulated_operating_revenue_yoy": 2.925001216722636, 
        "accumulated_operating_revenue": 359516, 
        "long_term_average": 74576, 
        "date": "2015-05-31", 
        "operating_revenue": 76642, 
        "short_term_average": 73902
    }, 
    {
        "accumulated_operating_revenue_yoy": 1.6229803522860644, 
        "accumulated_operating_revenue": 433797, 
        "long_term_average": 74302, 
        "date": "2015-06-30", 
        "operating_revenue": 74281, 
        "short_term_average": 76044
    }, 
    {
        "accumulated_operating_revenue_yoy": 1.6110803715432702, 
        "accumulated_operating_revenue": 517869, 
        "long_term_average": 74409, 
        "date": "2015-07-31", 
        "operating_revenue": 84072, 
        "short_term_average": 78331
    }, 
    {
        "accumulated_operating_revenue_yoy": 2.3487590640460505, 
        "accumulated_operating_revenue": 599732, 
        "long_term_average": 74872, 
        "date": "2015-08-31", 
        "operating_revenue": 81863, 
        "short_term_average": 80072
    }, 
    {
        "accumulated_operating_revenue_yoy": 3.7396463306005843, 
        "accumulated_operating_revenue": 685967, 
        "long_term_average": 75786, 
        "date": "2015-09-30", 
        "operating_revenue": 86235, 
        "short_term_average": 84056
    }
]