[
    {
        "date": "2011-09-30", 
        "operating_revenue": 130505, 
        "accumulated_operating_revenue": 130505, 
        "long_term_average": 130505, 
        "short_term_average": 130505
    }, 
    {
        "date": "2011-10-31", 
        "operating_revenue": 74599, 
        "accumulated_operating_revenue": 205104, 
        "long_term_average": 102552, 
        "short_term_average": 102552
    }, 
    {
        "date": "2011-11-30", 
        "operating_revenue": 148615, 
        "accumulated_operating_revenue": 353719, 
        "long_term_average": 117906, 
        "short_term_average": 117906
    }, 
    {
        "date": "2011-12-31", 
        "operating_revenue": 41652, 
        "accumulated_operating_revenue": 395371, 
        "long_term_average": 98842, 
        "short_term_average": 88288
    }, 
    {
        "date": "2012-01-31", 
        "operating_revenue": 71900, 
        "accumulated_operating_revenue": 71900, 
        "long_term_average": 93454, 
        "short_term_average": 87389
    }, 
    {
        "date": "2012-02-29", 
        "operating_revenue": 83773, 
        "accumulated_operating_revenue": 155673, 
        "long_term_average": 91840, 
        "short_term_average": 65775
    }, 
    {
        "date": "2012-03-31", 
        "operating_revenue": 82810, 
        "accumulated_operating_revenue": 238483, 
        "long_term_average": 90550, 
        "short_term_average": 79494
    }, 
    {
        "date": "2012-04-30", 
        "operating_revenue": 83354, 
        "accumulated_operating_revenue": 321837, 
        "long_term_average": 89651, 
        "short_term_average": 83312
    }, 
    {
        "date": "2012-05-31", 
        "operating_revenue": 100744, 
        "accumulated_operating_revenue": 422581, 
        "long_term_average": 90883, 
        "short_term_average": 88969
    }, 
    {
        "date": "2012-06-30", 
        "operating_revenue": 96567, 
        "accumulated_operating_revenue": 519148, 
        "long_term_average": 91451, 
        "short_term_average": 93555
    }, 
    {
        "date": "2012-07-31", 
        "operating_revenue": 94693, 
        "accumulated_operating_revenue": 613841, 
        "long_term_average": 91746, 
        "short_term_average": 97334
    }, 
    {
        "date": "2012-08-31", 
        "operating_revenue": 89023, 
        "accumulated_operating_revenue": 702864, 
        "long_term_average": 91519, 
        "short_term_average": 93427
    }, 
    {
        "accumulated_operating_revenue_yoy": 501.5915099038351, 
        "accumulated_operating_revenue": 785107, 
        "long_term_average": 87497, 
        "date": "2012-09-30", 
        "operating_revenue": 82243, 
        "short_term_average": 88653
    }, 
    {
        "accumulated_operating_revenue_yoy": 326.4685232857477, 
        "accumulated_operating_revenue": 874704, 
        "long_term_average": 88747, 
        "date": "2012-10-31", 
        "operating_revenue": 89597, 
        "short_term_average": 86954
    }, 
    {
        "accumulated_operating_revenue_yoy": 172.48550403003514, 
        "accumulated_operating_revenue": 963833, 
        "long_term_average": 83790, 
        "date": "2012-11-30", 
        "operating_revenue": 89129, 
        "short_term_average": 86989
    }, 
    {
        "accumulated_operating_revenue_yoy": 163.68575338100163, 
        "accumulated_operating_revenue": 1042537, 
        "long_term_average": 86878, 
        "date": "2012-12-31", 
        "operating_revenue": 78704, 
        "short_term_average": 85810
    }, 
    {
        "accumulated_operating_revenue_yoy": 24.575799721835885, 
        "accumulated_operating_revenue": 89570, 
        "long_term_average": 88350, 
        "date": "2013-01-31", 
        "operating_revenue": 89570, 
        "short_term_average": 85801
    }, 
    {
        "accumulated_operating_revenue_yoy": 1.9290435721030623, 
        "accumulated_operating_revenue": 158676, 
        "long_term_average": 87128, 
        "date": "2013-02-28", 
        "operating_revenue": 69106, 
        "short_term_average": 79126
    }, 
    {
        "accumulated_operating_revenue_yoy": 1.9397609053894826, 
        "accumulated_operating_revenue": 243109, 
        "long_term_average": 87263, 
        "date": "2013-03-31", 
        "operating_revenue": 84433, 
        "short_term_average": 81036
    }, 
    {
        "accumulated_operating_revenue_yoy": 1.5430171173606515, 
        "accumulated_operating_revenue": 326803, 
        "long_term_average": 87291, 
        "date": "2013-04-30", 
        "operating_revenue": 83694, 
        "short_term_average": 79077
    }, 
    {
        "accumulated_operating_revenue_yoy": 1.0750601659800134, 
        "accumulated_operating_revenue": 427124, 
        "long_term_average": 87256, 
        "date": "2013-05-31", 
        "operating_revenue": 100321, 
        "short_term_average": 89482
    }, 
    {
        "accumulated_operating_revenue_yoy": -0.3372833951012043, 
        "accumulated_operating_revenue": 517397, 
        "long_term_average": 86732, 
        "date": "2013-06-30", 
        "operating_revenue": 90273, 
        "short_term_average": 91429
    }, 
    {
        "accumulated_operating_revenue_yoy": -0.40547959487880414, 
        "accumulated_operating_revenue": 611352, 
        "long_term_average": 86670, 
        "date": "2013-07-31", 
        "operating_revenue": 93955, 
        "short_term_average": 94849
    }, 
    {
        "accumulated_operating_revenue_yoy": 0.6489164333356098, 
        "accumulated_operating_revenue": 707425, 
        "long_term_average": 87258, 
        "date": "2013-08-31", 
        "operating_revenue": 96073, 
        "short_term_average": 93433
    }, 
    {
        "accumulated_operating_revenue_yoy": 0.9952783505942503, 
        "accumulated_operating_revenue": 792921, 
        "long_term_average": 87529, 
        "date": "2013-09-30", 
        "operating_revenue": 85496, 
        "short_term_average": 91841
    }, 
    {
        "accumulated_operating_revenue_yoy": -0.163598200076826, 
        "accumulated_operating_revenue": 873273, 
        "long_term_average": 86758, 
        "date": "2013-10-31", 
        "operating_revenue": 80352, 
        "short_term_average": 87307
    }, 
    {
        "accumulated_operating_revenue_yoy": -0.040463441280802794, 
        "accumulated_operating_revenue": 963443, 
        "long_term_average": 86845, 
        "date": "2013-11-30", 
        "operating_revenue": 90170, 
        "short_term_average": 85339
    }, 
    {
        "accumulated_operating_revenue_yoy": 1.134348229367399, 
        "accumulated_operating_revenue": 1054363, 
        "long_term_average": 87863, 
        "date": "2013-12-31", 
        "operating_revenue": 90920, 
        "short_term_average": 87147
    }, 
    {
        "accumulated_operating_revenue_yoy": -9.847047002344535, 
        "accumulated_operating_revenue": 80750, 
        "long_term_average": 87128, 
        "date": "2014-01-31", 
        "operating_revenue": 80750, 
        "short_term_average": 87280
    }, 
    {
        "accumulated_operating_revenue_yoy": -5.560387204114043, 
        "accumulated_operating_revenue": 149853, 
        "long_term_average": 87128, 
        "date": "2014-02-28", 
        "operating_revenue": 69103, 
        "short_term_average": 80257
    }, 
    {
        "accumulated_operating_revenue_yoy": -2.5478283403740707, 
        "accumulated_operating_revenue": 236915, 
        "long_term_average": 87347, 
        "date": "2014-03-31", 
        "operating_revenue": 87062, 
        "short_term_average": 78971
    }, 
    {
        "accumulated_operating_revenue_yoy": -5.0816546971723024, 
        "accumulated_operating_revenue": 310196, 
        "long_term_average": 86479, 
        "date": "2014-04-30", 
        "operating_revenue": 73281, 
        "short_term_average": 76482
    }, 
    {
        "accumulated_operating_revenue_yoy": -10.892855470542512, 
        "accumulated_operating_revenue": 380598, 
        "long_term_average": 83986, 
        "date": "2014-05-31", 
        "operating_revenue": 70402, 
        "short_term_average": 76915
    }, 
    {
        "accumulated_operating_revenue_yoy": -11.433580016892252, 
        "accumulated_operating_revenue": 458240, 
        "long_term_average": 82933, 
        "date": "2014-06-30", 
        "operating_revenue": 77642, 
        "short_term_average": 73775
    }, 
    {
        "accumulated_operating_revenue_yoy": -10.776770174956491, 
        "accumulated_operating_revenue": 545468, 
        "long_term_average": 82373, 
        "date": "2014-07-31", 
        "operating_revenue": 87228, 
        "short_term_average": 78424
    }, 
    {
        "accumulated_operating_revenue_yoy": -11.995617910025798, 
        "accumulated_operating_revenue": 622565, 
        "long_term_average": 80791, 
        "date": "2014-08-31", 
        "operating_revenue": 77097, 
        "short_term_average": 80655
    }, 
    {
        "accumulated_operating_revenue_yoy": -9.663888331876693, 
        "accumulated_operating_revenue": 716294, 
        "long_term_average": 81478, 
        "date": "2014-09-30", 
        "operating_revenue": 93729, 
        "short_term_average": 86018
    }, 
    {
        "accumulated_operating_revenue_yoy": -8.835152352128144, 
        "accumulated_operating_revenue": 796118, 
        "long_term_average": 81434, 
        "date": "2014-10-31", 
        "operating_revenue": 79824, 
        "short_term_average": 83550
    }, 
    {
        "accumulated_operating_revenue_yoy": -10.009933125260135, 
        "accumulated_operating_revenue": 867003, 
        "long_term_average": 79826, 
        "date": "2014-11-30", 
        "operating_revenue": 70885, 
        "short_term_average": 81479
    }, 
    {
        "accumulated_operating_revenue_yoy": -10.21583648136363, 
        "accumulated_operating_revenue": 946651, 
        "long_term_average": 78887, 
        "date": "2014-12-31", 
        "operating_revenue": 79648, 
        "short_term_average": 76785
    }, 
    {
        "accumulated_operating_revenue_yoy": 3.021671826625387, 
        "accumulated_operating_revenue": 83190, 
        "long_term_average": 79090, 
        "date": "2015-01-31", 
        "operating_revenue": 83190, 
        "short_term_average": 77907
    }, 
    {
        "accumulated_operating_revenue_yoy": -8.827317437755667, 
        "accumulated_operating_revenue": 136625, 
        "long_term_average": 77785, 
        "date": "2015-02-28", 
        "operating_revenue": 53435, 
        "short_term_average": 72091
    }, 
    {
        "accumulated_operating_revenue_yoy": -11.031382563366607, 
        "accumulated_operating_revenue": 210780, 
        "long_term_average": 76709, 
        "date": "2015-03-31", 
        "operating_revenue": 74155, 
        "short_term_average": 70260
    }, 
    {
        "accumulated_operating_revenue_yoy": -5.093231376291119, 
        "accumulated_operating_revenue": 294397, 
        "long_term_average": 77571, 
        "date": "2015-04-30", 
        "operating_revenue": 83617, 
        "short_term_average": 70402
    }, 
    {
        "accumulated_operating_revenue_yoy": -5.102759341877782, 
        "accumulated_operating_revenue": 361177, 
        "long_term_average": 77269, 
        "date": "2015-05-31", 
        "operating_revenue": 66780, 
        "short_term_average": 74850
    }, 
    {
        "accumulated_operating_revenue_yoy": -8.186321578212292, 
        "accumulated_operating_revenue": 420727, 
        "long_term_average": 75761, 
        "date": "2015-06-30", 
        "operating_revenue": 59550, 
        "short_term_average": 69982
    }, 
    {
        "accumulated_operating_revenue_yoy": -10.589255465031863, 
        "accumulated_operating_revenue": 487707, 
        "long_term_average": 74074, 
        "date": "2015-07-31", 
        "operating_revenue": 66980, 
        "short_term_average": 64436
    }, 
    {
        "accumulated_operating_revenue_yoy": -12.330921269265056, 
        "accumulated_operating_revenue": 545797, 
        "long_term_average": 72490, 
        "date": "2015-08-31", 
        "operating_revenue": 58090, 
        "short_term_average": 61540
    }
]