[
    {
        "date": "2011-09-30", 
        "operating_revenue": 4619523, 
        "accumulated_operating_revenue": 4619523, 
        "long_term_average": 4619523, 
        "short_term_average": 4619523
    }, 
    {
        "date": "2011-10-31", 
        "operating_revenue": 3888530, 
        "accumulated_operating_revenue": 8508053, 
        "long_term_average": 4254026, 
        "short_term_average": 4254026
    }, 
    {
        "date": "2011-11-30", 
        "operating_revenue": 3613808, 
        "accumulated_operating_revenue": 12121861, 
        "long_term_average": 4040620, 
        "short_term_average": 4040620
    }, 
    {
        "date": "2011-12-31", 
        "operating_revenue": 3523244, 
        "accumulated_operating_revenue": 15645105, 
        "long_term_average": 3911276, 
        "short_term_average": 3675194
    }, 
    {
        "date": "2012-01-31", 
        "operating_revenue": 2255778, 
        "accumulated_operating_revenue": 2255778, 
        "long_term_average": 3580176, 
        "short_term_average": 3130943
    }, 
    {
        "date": "2012-02-29", 
        "operating_revenue": 2946157, 
        "accumulated_operating_revenue": 5201935, 
        "long_term_average": 3474506, 
        "short_term_average": 2908393
    }, 
    {
        "date": "2012-03-31", 
        "operating_revenue": 2418038, 
        "accumulated_operating_revenue": 7619973, 
        "long_term_average": 3323582, 
        "short_term_average": 2539991
    }, 
    {
        "date": "2012-04-30", 
        "operating_revenue": 2225917, 
        "accumulated_operating_revenue": 9845890, 
        "long_term_average": 3186374, 
        "short_term_average": 2530037
    }, 
    {
        "date": "2012-05-31", 
        "operating_revenue": 2085785, 
        "accumulated_operating_revenue": 11931675, 
        "long_term_average": 3064086, 
        "short_term_average": 2243246
    }, 
    {
        "date": "2012-06-30", 
        "operating_revenue": 1921928, 
        "accumulated_operating_revenue": 13853603, 
        "long_term_average": 2949870, 
        "short_term_average": 2077876
    }, 
    {
        "date": "2012-07-31", 
        "operating_revenue": 2120053, 
        "accumulated_operating_revenue": 15973656, 
        "long_term_average": 2874432, 
        "short_term_average": 2042588
    }, 
    {
        "date": "2012-08-31", 
        "operating_revenue": 2388140, 
        "accumulated_operating_revenue": 18361796, 
        "long_term_average": 2833908, 
        "short_term_average": 2143373
    }, 
    {
        "accumulated_operating_revenue_yoy": 348.67231963126926, 
        "accumulated_operating_revenue": 20726521, 
        "long_term_average": 2646008, 
        "date": "2012-09-30", 
        "operating_revenue": 2364725, 
        "short_term_average": 2290972
    }, 
    {
        "accumulated_operating_revenue_yoy": 170.92456993392025, 
        "accumulated_operating_revenue": 23050406, 
        "long_term_average": 2515621, 
        "date": "2012-10-31", 
        "operating_revenue": 2323885, 
        "short_term_average": 2358916
    }, 
    {
        "accumulated_operating_revenue_yoy": 107.9472450641036, 
        "accumulated_operating_revenue": 25207076, 
        "long_term_average": 2394193, 
        "date": "2012-11-30", 
        "operating_revenue": 2156670, 
        "short_term_average": 2281760
    }, 
    {
        "accumulated_operating_revenue_yoy": 71.15040135556777, 
        "accumulated_operating_revenue": 26776660, 
        "long_term_average": 2231388, 
        "date": "2012-12-31", 
        "operating_revenue": 1569584, 
        "short_term_average": 2016713
    }, 
    {
        "accumulated_operating_revenue_yoy": -14.50838690686761, 
        "accumulated_operating_revenue": 1928501, 
        "long_term_average": 2204115, 
        "date": "2013-01-31", 
        "operating_revenue": 1928501, 
        "short_term_average": 1884918
    }, 
    {
        "accumulated_operating_revenue_yoy": -42.078476566892896, 
        "accumulated_operating_revenue": 3013040, 
        "long_term_average": 2048980, 
        "date": "2013-02-28", 
        "operating_revenue": 1084539, 
        "short_term_average": 1527541
    }, 
    {
        "accumulated_operating_revenue_yoy": -30.302298971400553, 
        "accumulated_operating_revenue": 5310946, 
        "long_term_average": 2038969, 
        "date": "2013-03-31", 
        "operating_revenue": 2297906, 
        "short_term_average": 1770315
    }, 
    {
        "accumulated_operating_revenue_yoy": -21.621011406790043, 
        "accumulated_operating_revenue": 7717109, 
        "long_term_average": 2053989, 
        "date": "2013-04-30", 
        "operating_revenue": 2406163, 
        "short_term_average": 1929536
    }, 
    {
        "accumulated_operating_revenue_yoy": -15.893728248548506, 
        "accumulated_operating_revenue": 10035287, 
        "long_term_average": 2073356, 
        "date": "2013-05-31", 
        "operating_revenue": 2318178, 
        "short_term_average": 2340749
    }, 
    {
        "accumulated_operating_revenue_yoy": -12.905978322029293, 
        "accumulated_operating_revenue": 12065660, 
        "long_term_average": 2082393, 
        "date": "2013-06-30", 
        "operating_revenue": 2030373, 
        "short_term_average": 2251571
    }, 
    {
        "accumulated_operating_revenue_yoy": -10.110215219358674, 
        "accumulated_operating_revenue": 14358685, 
        "long_term_average": 2096807, 
        "date": "2013-07-31", 
        "operating_revenue": 2293025, 
        "short_term_average": 2213858
    }, 
    {
        "accumulated_operating_revenue_yoy": -10.744809494670347, 
        "accumulated_operating_revenue": 16388856, 
        "long_term_average": 2066976, 
        "date": "2013-08-31", 
        "operating_revenue": 2030171, 
        "short_term_average": 2117856
    }, 
    {
        "accumulated_operating_revenue_yoy": -9.593737414976685, 
        "accumulated_operating_revenue": 18738073, 
        "long_term_average": 2065684, 
        "date": "2013-09-30", 
        "operating_revenue": 2349217, 
        "short_term_average": 2224137
    }, 
    {
        "accumulated_operating_revenue_yoy": -9.316703575633332, 
        "accumulated_operating_revenue": 20902868, 
        "long_term_average": 2052426, 
        "date": "2013-10-31", 
        "operating_revenue": 2164795, 
        "short_term_average": 2181394
    }, 
    {
        "accumulated_operating_revenue_yoy": -6.521609249720198, 
        "accumulated_operating_revenue": 23563169, 
        "long_term_average": 2094396, 
        "date": "2013-11-30", 
        "operating_revenue": 2660301, 
        "short_term_average": 2391437
    }, 
    {
        "accumulated_operating_revenue_yoy": -0.1267895249071393, 
        "accumulated_operating_revenue": 26742710, 
        "long_term_average": 2228559, 
        "date": "2013-12-31", 
        "operating_revenue": 3179541, 
        "short_term_average": 2668212
    }, 
    {
        "accumulated_operating_revenue_yoy": 10.868596905057348, 
        "accumulated_operating_revenue": 2138102, 
        "long_term_average": 2246025, 
        "date": "2014-01-31", 
        "operating_revenue": 2138102, 
        "short_term_average": 2659314
    }, 
    {
        "accumulated_operating_revenue_yoy": 79.43943658232217, 
        "accumulated_operating_revenue": 5406582, 
        "long_term_average": 2428021, 
        "date": "2014-02-28", 
        "operating_revenue": 3268480, 
        "short_term_average": 2862041
    }, 
    {
        "accumulated_operating_revenue_yoy": 72.93024632523095, 
        "accumulated_operating_revenue": 9184232, 
        "long_term_average": 2551333, 
        "date": "2014-03-31", 
        "operating_revenue": 3777650, 
        "short_term_average": 3061410
    }, 
    {
        "accumulated_operating_revenue_yoy": 63.10144122624158, 
        "accumulated_operating_revenue": 12586716, 
        "long_term_average": 2634359, 
        "date": "2014-04-30", 
        "operating_revenue": 3402484, 
        "short_term_average": 3482871
    }, 
    {
        "accumulated_operating_revenue_yoy": 70.2156799302302, 
        "accumulated_operating_revenue": 17081632, 
        "long_term_average": 2815754, 
        "date": "2014-05-31", 
        "operating_revenue": 4494916, 
        "short_term_average": 3891683
    }, 
    {
        "accumulated_operating_revenue_yoy": 79.5828160249833, 
        "accumulated_operating_revenue": 21667852, 
        "long_term_average": 3028741, 
        "date": "2014-06-30", 
        "operating_revenue": 4586220, 
        "short_term_average": 4161206
    }, 
    {
        "accumulated_operating_revenue_yoy": 86.54351007769861, 
        "accumulated_operating_revenue": 26785195, 
        "long_term_average": 3264101, 
        "date": "2014-07-31", 
        "operating_revenue": 5117343, 
        "short_term_average": 4732826
    }, 
    {
        "accumulated_operating_revenue_yoy": 95.7973515662106, 
        "accumulated_operating_revenue": 32088946, 
        "long_term_average": 3536900, 
        "date": "2014-08-31", 
        "operating_revenue": 5303751, 
        "short_term_average": 5002438
    }, 
    {
        "accumulated_operating_revenue_yoy": 98.45485712431582, 
        "accumulated_operating_revenue": 37186616, 
        "long_term_average": 3765937, 
        "date": "2014-09-30", 
        "operating_revenue": 5097670, 
        "short_term_average": 5172921
    }, 
    {
        "accumulated_operating_revenue_yoy": 101.64446333393103, 
        "accumulated_operating_revenue": 42149476, 
        "long_term_average": 3999109, 
        "date": "2014-10-31", 
        "operating_revenue": 4962860, 
        "short_term_average": 5121427
    }, 
    {
        "accumulated_operating_revenue_yoy": 98.35660050649383, 
        "accumulated_operating_revenue": 46739101, 
        "long_term_average": 4159886, 
        "date": "2014-11-30", 
        "operating_revenue": 4589625, 
        "short_term_average": 4883385
    }, 
    {
        "accumulated_operating_revenue_yoy": 91.67042906272401, 
        "accumulated_operating_revenue": 51257867, 
        "long_term_average": 4271488, 
        "date": "2014-12-31", 
        "operating_revenue": 4518766, 
        "short_term_average": 4690417
    }, 
    {
        "accumulated_operating_revenue_yoy": 185.78566410769926, 
        "accumulated_operating_revenue": 6110389, 
        "long_term_average": 4602512, 
        "date": "2015-01-31", 
        "operating_revenue": 6110389, 
        "short_term_average": 5072926
    }, 
    {
        "accumulated_operating_revenue_yoy": 61.948417687921875, 
        "accumulated_operating_revenue": 8755874, 
        "long_term_average": 4550596, 
        "date": "2015-02-28", 
        "operating_revenue": 2645485, 
        "short_term_average": 4424880
    }, 
    {
        "accumulated_operating_revenue_yoy": 52.27143652294498, 
        "accumulated_operating_revenue": 13984962, 
        "long_term_average": 4671549, 
        "date": "2015-03-31", 
        "operating_revenue": 5229088, 
        "short_term_average": 4661654
    }, 
    {
        "accumulated_operating_revenue_yoy": 54.79770894965772, 
        "accumulated_operating_revenue": 19483948, 
        "long_term_average": 4846258, 
        "date": "2015-04-30", 
        "operating_revenue": 5498986, 
        "short_term_average": 4457853
    }, 
    {
        "accumulated_operating_revenue_yoy": 48.96833628074882, 
        "accumulated_operating_revenue": 25446223, 
        "long_term_average": 4968538, 
        "date": "2015-05-31", 
        "operating_revenue": 5962275, 
        "short_term_average": 5563449
    }, 
    {
        "accumulated_operating_revenue_yoy": 52.90256274595193, 
        "accumulated_operating_revenue": 33130701, 
        "long_term_average": 5226726, 
        "date": "2015-06-30", 
        "operating_revenue": 7684478, 
        "short_term_average": 6381913
    }, 
    {
        "accumulated_operating_revenue_yoy": 51.88100366639108, 
        "accumulated_operating_revenue": 40681623, 
        "long_term_average": 5429524, 
        "date": "2015-07-31", 
        "operating_revenue": 7550922, 
        "short_term_average": 7065891
    }, 
    {
        "accumulated_operating_revenue_yoy": 49.204143383207416, 
        "accumulated_operating_revenue": 47878037, 
        "long_term_average": 5587246, 
        "date": "2015-08-31", 
        "operating_revenue": 7196414, 
        "short_term_average": 7477271
    }, 
    {
        "accumulated_operating_revenue_yoy": 46.574267473006955, 
        "accumulated_operating_revenue": 54506010, 
        "long_term_average": 5714771, 
        "date": "2015-09-30", 
        "operating_revenue": 6627973, 
        "short_term_average": 7125103
    }, 
    {
        "accumulated_operating_revenue_yoy": 43.3392291757079, 
        "accumulated_operating_revenue": 60416734, 
        "long_term_average": 5793760, 
        "date": "2015-10-31", 
        "operating_revenue": 5910724, 
        "short_term_average": 6578370
    }
]