[
    {
        "date": "2011-09-30", 
        "operating_revenue": 223187, 
        "accumulated_operating_revenue": 223187, 
        "long_term_average": 223187, 
        "short_term_average": 223187
    }, 
    {
        "date": "2011-10-31", 
        "operating_revenue": 178123, 
        "accumulated_operating_revenue": 401310, 
        "long_term_average": 200655, 
        "short_term_average": 200655
    }, 
    {
        "date": "2011-11-30", 
        "operating_revenue": 175415, 
        "accumulated_operating_revenue": 576725, 
        "long_term_average": 192241, 
        "short_term_average": 192241
    }, 
    {
        "date": "2011-12-31", 
        "operating_revenue": 200536, 
        "accumulated_operating_revenue": 777261, 
        "long_term_average": 194315, 
        "short_term_average": 184691
    }, 
    {
        "date": "2012-01-31", 
        "operating_revenue": 170052, 
        "accumulated_operating_revenue": 170052, 
        "long_term_average": 189462, 
        "short_term_average": 182001
    }, 
    {
        "date": "2012-02-29", 
        "operating_revenue": 117183, 
        "accumulated_operating_revenue": 287235, 
        "long_term_average": 177416, 
        "short_term_average": 162590
    }, 
    {
        "date": "2012-03-31", 
        "operating_revenue": 173772, 
        "accumulated_operating_revenue": 461007, 
        "long_term_average": 176895, 
        "short_term_average": 153669
    }, 
    {
        "date": "2012-04-30", 
        "operating_revenue": 168716, 
        "accumulated_operating_revenue": 629723, 
        "long_term_average": 175873, 
        "short_term_average": 153223
    }, 
    {
        "date": "2012-05-31", 
        "operating_revenue": 228803, 
        "accumulated_operating_revenue": 858526, 
        "long_term_average": 181754, 
        "short_term_average": 190430
    }, 
    {
        "date": "2012-06-30", 
        "operating_revenue": 216691, 
        "accumulated_operating_revenue": 1075217, 
        "long_term_average": 185247, 
        "short_term_average": 204736
    }, 
    {
        "date": "2012-07-31", 
        "operating_revenue": 211478, 
        "accumulated_operating_revenue": 1286695, 
        "long_term_average": 187632, 
        "short_term_average": 218990
    }, 
    {
        "date": "2012-08-31", 
        "operating_revenue": 217214, 
        "accumulated_operating_revenue": 1503909, 
        "long_term_average": 190097, 
        "short_term_average": 215127
    }, 
    {
        "accumulated_operating_revenue_yoy": 669.108415812749, 
        "accumulated_operating_revenue": 1716550, 
        "long_term_average": 189218, 
        "date": "2012-09-30", 
        "operating_revenue": 212641, 
        "short_term_average": 213777
    }, 
    {
        "accumulated_operating_revenue_yoy": 379.27911091176395, 
        "accumulated_operating_revenue": 1923395, 
        "long_term_average": 191612, 
        "date": "2012-10-31", 
        "operating_revenue": 206845, 
        "short_term_average": 212233
    }, 
    {
        "accumulated_operating_revenue_yoy": 265.0306471888682, 
        "accumulated_operating_revenue": 2105223, 
        "long_term_average": 192146, 
        "date": "2012-11-30", 
        "operating_revenue": 181828, 
        "short_term_average": 200438
    }, 
    {
        "accumulated_operating_revenue_yoy": 199.87829056134296, 
        "accumulated_operating_revenue": 2330837, 
        "long_term_average": 194236, 
        "date": "2012-12-31", 
        "operating_revenue": 225614, 
        "short_term_average": 204762
    }, 
    {
        "accumulated_operating_revenue_yoy": 11.914002775621576, 
        "accumulated_operating_revenue": 190312, 
        "long_term_average": 195924, 
        "date": "2013-01-31", 
        "operating_revenue": 190312, 
        "short_term_average": 199251
    }, 
    {
        "accumulated_operating_revenue_yoy": 4.294741239751422, 
        "accumulated_operating_revenue": 299571, 
        "long_term_average": 195264, 
        "date": "2013-02-28", 
        "operating_revenue": 109259, 
        "short_term_average": 175061
    }, 
    {
        "accumulated_operating_revenue_yoy": 17.88627938404406, 
        "accumulated_operating_revenue": 543464, 
        "long_term_average": 201107, 
        "date": "2013-03-31", 
        "operating_revenue": 243893, 
        "short_term_average": 181154
    }, 
    {
        "accumulated_operating_revenue_yoy": 24.273370990102, 
        "accumulated_operating_revenue": 782578, 
        "long_term_average": 206974, 
        "date": "2013-04-30", 
        "operating_revenue": 239114, 
        "short_term_average": 197422
    }, 
    {
        "accumulated_operating_revenue_yoy": 17.841160314306148, 
        "accumulated_operating_revenue": 1011697, 
        "long_term_average": 207000, 
        "date": "2013-05-31", 
        "operating_revenue": 229119, 
        "short_term_average": 237375
    }, 
    {
        "accumulated_operating_revenue_yoy": 14.189228778934856, 
        "accumulated_operating_revenue": 1227782, 
        "long_term_average": 206950, 
        "date": "2013-06-30", 
        "operating_revenue": 216085, 
        "short_term_average": 228106
    }, 
    {
        "accumulated_operating_revenue_yoy": 12.568479709643698, 
        "accumulated_operating_revenue": 1448413, 
        "long_term_average": 207712, 
        "date": "2013-07-31", 
        "operating_revenue": 220631, 
        "short_term_average": 221945
    }, 
    {
        "accumulated_operating_revenue_yoy": 13.718649200184318, 
        "accumulated_operating_revenue": 1710225, 
        "long_term_average": 211429, 
        "date": "2013-08-31", 
        "operating_revenue": 261812, 
        "short_term_average": 232842
    }, 
    {
        "accumulated_operating_revenue_yoy": 13.14159214703912, 
        "accumulated_operating_revenue": 1942132, 
        "long_term_average": 213034, 
        "date": "2013-09-30", 
        "operating_revenue": 231907, 
        "short_term_average": 238116
    }, 
    {
        "accumulated_operating_revenue_yoy": 13.985842741610538, 
        "accumulated_operating_revenue": 2192398, 
        "long_term_average": 216653, 
        "date": "2013-10-31", 
        "operating_revenue": 250266, 
        "short_term_average": 247995
    }, 
    {
        "accumulated_operating_revenue_yoy": 15.445299619090234, 
        "accumulated_operating_revenue": 2430381, 
        "long_term_average": 221332, 
        "date": "2013-11-30", 
        "operating_revenue": 237983, 
        "short_term_average": 240052
    }, 
    {
        "accumulated_operating_revenue_yoy": 16.203363855988215, 
        "accumulated_operating_revenue": 2708511, 
        "long_term_average": 225709, 
        "date": "2013-12-31", 
        "operating_revenue": 278130, 
        "short_term_average": 255459
    }, 
    {
        "accumulated_operating_revenue_yoy": 29.424313758459792, 
        "accumulated_operating_revenue": 246310, 
        "long_term_average": 230375, 
        "date": "2014-01-31", 
        "operating_revenue": 246310, 
        "short_term_average": 254141
    }, 
    {
        "accumulated_operating_revenue_yoy": 59.5014203644545, 
        "accumulated_operating_revenue": 477820, 
        "long_term_average": 240563, 
        "date": "2014-02-28", 
        "operating_revenue": 231510, 
        "short_term_average": 251983
    }, 
    {
        "accumulated_operating_revenue_yoy": 37.699277229034486, 
        "accumulated_operating_revenue": 748346, 
        "long_term_average": 242782, 
        "date": "2014-03-31", 
        "operating_revenue": 270526, 
        "short_term_average": 249448
    }, 
    {
        "accumulated_operating_revenue_yoy": 30.692403824283332, 
        "accumulated_operating_revenue": 1022770, 
        "long_term_average": 245725, 
        "date": "2014-04-30", 
        "operating_revenue": 274424, 
        "short_term_average": 258820
    }, 
    {
        "accumulated_operating_revenue_yoy": 26.2298889885015, 
        "accumulated_operating_revenue": 1277064, 
        "long_term_average": 247823, 
        "date": "2014-05-31", 
        "operating_revenue": 254294, 
        "short_term_average": 266414
    }, 
    {
        "accumulated_operating_revenue_yoy": 22.033064501678638, 
        "accumulated_operating_revenue": 1498300, 
        "long_term_average": 248252, 
        "date": "2014-06-30", 
        "operating_revenue": 221236, 
        "short_term_average": 249984
    }, 
    {
        "accumulated_operating_revenue_yoy": 17.52373114574365, 
        "accumulated_operating_revenue": 1702229, 
        "long_term_average": 246860, 
        "date": "2014-07-31", 
        "operating_revenue": 203929, 
        "short_term_average": 226486
    }, 
    {
        "accumulated_operating_revenue_yoy": 12.618865938692277, 
        "accumulated_operating_revenue": 1926036, 
        "long_term_average": 243693, 
        "date": "2014-08-31", 
        "operating_revenue": 223807, 
        "short_term_average": 216324
    }, 
    {
        "accumulated_operating_revenue_yoy": 10.289568371253859, 
        "accumulated_operating_revenue": 2141969, 
        "long_term_average": 242362, 
        "date": "2014-09-30", 
        "operating_revenue": 215933, 
        "short_term_average": 214556
    }, 
    {
        "accumulated_operating_revenue_yoy": 7.587673406014783, 
        "accumulated_operating_revenue": 2358750, 
        "long_term_average": 239571, 
        "date": "2014-10-31", 
        "operating_revenue": 216781, 
        "short_term_average": 218840
    }, 
    {
        "accumulated_operating_revenue_yoy": 5.93812245898894, 
        "accumulated_operating_revenue": 2574700, 
        "long_term_average": 237735, 
        "date": "2014-11-30", 
        "operating_revenue": 215950, 
        "short_term_average": 216221
    }, 
    {
        "accumulated_operating_revenue_yoy": 4.1189051844352855, 
        "accumulated_operating_revenue": 2820072, 
        "long_term_average": 235006, 
        "date": "2014-12-31", 
        "operating_revenue": 245372, 
        "short_term_average": 226034
    }, 
    {
        "accumulated_operating_revenue_yoy": -1.4388372376273801, 
        "accumulated_operating_revenue": 242766, 
        "long_term_average": 234710, 
        "date": "2015-01-31", 
        "operating_revenue": 242766, 
        "short_term_average": 234696
    }, 
    {
        "accumulated_operating_revenue_yoy": -14.99790716169269, 
        "accumulated_operating_revenue": 406157, 
        "long_term_average": 229034, 
        "date": "2015-02-28", 
        "operating_revenue": 163391, 
        "short_term_average": 217176
    }, 
    {
        "accumulated_operating_revenue_yoy": -11.703142663954909, 
        "accumulated_operating_revenue": 660766, 
        "long_term_average": 227707, 
        "date": "2015-03-31", 
        "operating_revenue": 254609, 
        "short_term_average": 220255
    }, 
    {
        "accumulated_operating_revenue_yoy": -9.746472814024658, 
        "accumulated_operating_revenue": 923086, 
        "long_term_average": 226699, 
        "date": "2015-04-30", 
        "operating_revenue": 262320, 
        "short_term_average": 226773
    }, 
    {
        "accumulated_operating_revenue_yoy": -6.948594588838147, 
        "accumulated_operating_revenue": 1188326, 
        "long_term_average": 227611, 
        "date": "2015-05-31", 
        "operating_revenue": 265240, 
        "short_term_average": 260723
    }, 
    {
        "accumulated_operating_revenue_yoy": -5.142361342855236, 
        "accumulated_operating_revenue": 1421252, 
        "long_term_average": 228585, 
        "date": "2015-06-30", 
        "operating_revenue": 232926, 
        "short_term_average": 253495
    }, 
    {
        "accumulated_operating_revenue_yoy": -1.3231474731073198, 
        "accumulated_operating_revenue": 1679706, 
        "long_term_average": 233129, 
        "date": "2015-07-31", 
        "operating_revenue": 258454, 
        "short_term_average": 252206
    }, 
    {
        "accumulated_operating_revenue_yoy": 1.005744440913877, 
        "accumulated_operating_revenue": 1945407, 
        "long_term_average": 236620, 
        "date": "2015-08-31", 
        "operating_revenue": 265701, 
        "short_term_average": 252360
    }
]