[
    {
        "date": "2011-09-30", 
        "operating_revenue": 207154, 
        "accumulated_operating_revenue": 207154, 
        "long_term_average": 207154, 
        "short_term_average": 207154
    }, 
    {
        "date": "2011-10-31", 
        "operating_revenue": 197161, 
        "accumulated_operating_revenue": 404315, 
        "long_term_average": 202157, 
        "short_term_average": 202157
    }, 
    {
        "date": "2011-11-30", 
        "operating_revenue": 237374, 
        "accumulated_operating_revenue": 641689, 
        "long_term_average": 213896, 
        "short_term_average": 213896
    }, 
    {
        "date": "2011-12-31", 
        "operating_revenue": 212172, 
        "accumulated_operating_revenue": 853861, 
        "long_term_average": 213465, 
        "short_term_average": 215569
    }, 
    {
        "date": "2012-01-31", 
        "operating_revenue": 203437, 
        "accumulated_operating_revenue": 203437, 
        "long_term_average": 211459, 
        "short_term_average": 217661
    }, 
    {
        "date": "2012-02-29", 
        "operating_revenue": 237199, 
        "accumulated_operating_revenue": 440636, 
        "long_term_average": 215749, 
        "short_term_average": 217602
    }, 
    {
        "date": "2012-03-31", 
        "operating_revenue": 261329, 
        "accumulated_operating_revenue": 701965, 
        "long_term_average": 222260, 
        "short_term_average": 233988
    }, 
    {
        "date": "2012-04-30", 
        "operating_revenue": 266509, 
        "accumulated_operating_revenue": 968474, 
        "long_term_average": 227791, 
        "short_term_average": 255012
    }, 
    {
        "date": "2012-05-31", 
        "operating_revenue": 274716, 
        "accumulated_operating_revenue": 1243190, 
        "long_term_average": 233005, 
        "short_term_average": 267518
    }, 
    {
        "date": "2012-06-30", 
        "operating_revenue": 254909, 
        "accumulated_operating_revenue": 1498099, 
        "long_term_average": 235196, 
        "short_term_average": 265378
    }, 
    {
        "date": "2012-07-31", 
        "operating_revenue": 259682, 
        "accumulated_operating_revenue": 1757781, 
        "long_term_average": 237422, 
        "short_term_average": 263102
    }, 
    {
        "date": "2012-08-31", 
        "operating_revenue": 263802, 
        "accumulated_operating_revenue": 2021583, 
        "long_term_average": 239620, 
        "short_term_average": 259464
    }, 
    {
        "accumulated_operating_revenue_yoy": 991.5420411867499, 
        "accumulated_operating_revenue": 2261173, 
        "long_term_average": 242323, 
        "date": "2012-09-30", 
        "operating_revenue": 239590, 
        "short_term_average": 254358
    }, 
    {
        "accumulated_operating_revenue_yoy": 507.46447695484954, 
        "accumulated_operating_revenue": 2456070, 
        "long_term_average": 242134, 
        "date": "2012-10-31", 
        "operating_revenue": 194897, 
        "short_term_average": 232763
    }, 
    {
        "accumulated_operating_revenue_yoy": 311.3238656109112, 
        "accumulated_operating_revenue": 2639420, 
        "long_term_average": 237632, 
        "date": "2012-11-30", 
        "operating_revenue": 183350, 
        "short_term_average": 205945
    }, 
    {
        "accumulated_operating_revenue_yoy": 231.06664902132783, 
        "accumulated_operating_revenue": 2826849, 
        "long_term_average": 235570, 
        "date": "2012-12-31", 
        "operating_revenue": 187429, 
        "short_term_average": 188558
    }, 
    {
        "accumulated_operating_revenue_yoy": 1.1084512650107896, 
        "accumulated_operating_revenue": 205692, 
        "long_term_average": 235758, 
        "date": "2013-01-31", 
        "operating_revenue": 205692, 
        "short_term_average": 192157
    }, 
    {
        "accumulated_operating_revenue_yoy": -15.962835537722746, 
        "accumulated_operating_revenue": 370298, 
        "long_term_average": 229709, 
        "date": "2013-02-28", 
        "operating_revenue": 164606, 
        "short_term_average": 185909
    }, 
    {
        "accumulated_operating_revenue_yoy": -17.10726318263731, 
        "accumulated_operating_revenue": 581878, 
        "long_term_average": 225563, 
        "date": "2013-03-31", 
        "operating_revenue": 211580, 
        "short_term_average": 193959
    }, 
    {
        "accumulated_operating_revenue_yoy": -18.32790555038132, 
        "accumulated_operating_revenue": 790973, 
        "long_term_average": 220779, 
        "date": "2013-04-30", 
        "operating_revenue": 209095, 
        "short_term_average": 195093
    }, 
    {
        "accumulated_operating_revenue_yoy": -18.09650978531037, 
        "accumulated_operating_revenue": 1018216, 
        "long_term_average": 216822, 
        "date": "2013-05-31", 
        "operating_revenue": 227243, 
        "short_term_average": 215972
    }, 
    {
        "accumulated_operating_revenue_yoy": -18.457658672757944, 
        "accumulated_operating_revenue": 1221585, 
        "long_term_average": 212527, 
        "date": "2013-06-30", 
        "operating_revenue": 203369, 
        "short_term_average": 213235
    }, 
    {
        "accumulated_operating_revenue_yoy": -17.945694031281484, 
        "accumulated_operating_revenue": 1442335, 
        "long_term_average": 209283, 
        "date": "2013-07-31", 
        "operating_revenue": 220750, 
        "short_term_average": 217120
    }, 
    {
        "accumulated_operating_revenue_yoy": -17.94900333055828, 
        "accumulated_operating_revenue": 1658729, 
        "long_term_average": 205332, 
        "date": "2013-08-31", 
        "operating_revenue": 216394, 
        "short_term_average": 213504
    }, 
    {
        "accumulated_operating_revenue_yoy": -17.18550504539016, 
        "accumulated_operating_revenue": 1872579, 
        "long_term_average": 203187, 
        "date": "2013-09-30", 
        "operating_revenue": 213850, 
        "short_term_average": 216998
    }, 
    {
        "accumulated_operating_revenue_yoy": -15.200421812081904, 
        "accumulated_operating_revenue": 2082737, 
        "long_term_average": 204459, 
        "date": "2013-10-31", 
        "operating_revenue": 210158, 
        "short_term_average": 213467
    }, 
    {
        "accumulated_operating_revenue_yoy": -13.167551962173507, 
        "accumulated_operating_revenue": 2291873, 
        "long_term_average": 206608, 
        "date": "2013-11-30", 
        "operating_revenue": 209136, 
        "short_term_average": 211048
    }, 
    {
        "accumulated_operating_revenue_yoy": -11.888395878237572, 
        "accumulated_operating_revenue": 2490782, 
        "long_term_average": 207565, 
        "date": "2013-12-31", 
        "operating_revenue": 198909, 
        "short_term_average": 206067
    }, 
    {
        "accumulated_operating_revenue_yoy": 7.565680726523151, 
        "accumulated_operating_revenue": 221254, 
        "long_term_average": 208862, 
        "date": "2014-01-31", 
        "operating_revenue": 221254, 
        "short_term_average": 209766
    }, 
    {
        "accumulated_operating_revenue_yoy": 13.828862159666, 
        "accumulated_operating_revenue": 421506, 
        "long_term_average": 211832, 
        "date": "2014-02-28", 
        "operating_revenue": 200252, 
        "short_term_average": 206805
    }, 
    {
        "accumulated_operating_revenue_yoy": 14.31605938014498, 
        "accumulated_operating_revenue": 665180, 
        "long_term_average": 214507, 
        "date": "2014-03-31", 
        "operating_revenue": 243674, 
        "short_term_average": 221726
    }, 
    {
        "accumulated_operating_revenue_yoy": 16.180704018974097, 
        "accumulated_operating_revenue": 918958, 
        "long_term_average": 218230, 
        "date": "2014-04-30", 
        "operating_revenue": 253778, 
        "short_term_average": 232568
    }, 
    {
        "accumulated_operating_revenue_yoy": 15.51006859055446, 
        "accumulated_operating_revenue": 1176142, 
        "long_term_average": 220725, 
        "date": "2014-05-31", 
        "operating_revenue": 257184, 
        "short_term_average": 251545
    }, 
    {
        "accumulated_operating_revenue_yoy": 16.01403095159158, 
        "accumulated_operating_revenue": 1417210, 
        "long_term_average": 223867, 
        "date": "2014-06-30", 
        "operating_revenue": 241068, 
        "short_term_average": 250676
    }, 
    {
        "accumulated_operating_revenue_yoy": 15.225797058242364, 
        "accumulated_operating_revenue": 1661942, 
        "long_term_average": 225865, 
        "date": "2014-07-31", 
        "operating_revenue": 244732, 
        "short_term_average": 247661
    }, 
    {
        "accumulated_operating_revenue_yoy": 14.723019854358368, 
        "accumulated_operating_revenue": 1902944, 
        "long_term_average": 227916, 
        "date": "2014-08-31", 
        "operating_revenue": 241002, 
        "short_term_average": 242267
    }, 
    {
        "accumulated_operating_revenue_yoy": 13.838187868175389, 
        "accumulated_operating_revenue": 2131710, 
        "long_term_average": 229159, 
        "date": "2014-09-30", 
        "operating_revenue": 228766, 
        "short_term_average": 238166
    }, 
    {
        "accumulated_operating_revenue_yoy": 13.82320475412882, 
        "accumulated_operating_revenue": 2370638, 
        "long_term_average": 231556, 
        "date": "2014-10-31", 
        "operating_revenue": 238928, 
        "short_term_average": 236232
    }, 
    {
        "accumulated_operating_revenue_yoy": 12.4401744773816, 
        "accumulated_operating_revenue": 2576986, 
        "long_term_average": 231324, 
        "date": "2014-11-30", 
        "operating_revenue": 206348, 
        "short_term_average": 224680
    }, 
    {
        "accumulated_operating_revenue_yoy": 11.863342516526938, 
        "accumulated_operating_revenue": 2786272, 
        "long_term_average": 232189, 
        "date": "2014-12-31", 
        "operating_revenue": 209286, 
        "short_term_average": 218187
    }, 
    {
        "accumulated_operating_revenue_yoy": 12.14667305449845, 
        "accumulated_operating_revenue": 248129, 
        "long_term_average": 234428, 
        "date": "2015-01-31", 
        "operating_revenue": 248129, 
        "short_term_average": 221254
    }, 
    {
        "accumulated_operating_revenue_yoy": -2.2414864794332705, 
        "accumulated_operating_revenue": 412058, 
        "long_term_average": 231402, 
        "date": "2015-02-28", 
        "operating_revenue": 163929, 
        "short_term_average": 207114
    }, 
    {
        "accumulated_operating_revenue_yoy": -4.869057999338525, 
        "accumulated_operating_revenue": 632792, 
        "long_term_average": 229490, 
        "date": "2015-03-31", 
        "operating_revenue": 220734, 
        "short_term_average": 210930
    }, 
    {
        "accumulated_operating_revenue_yoy": -7.936053660776662, 
        "accumulated_operating_revenue": 846029, 
        "long_term_average": 226111, 
        "date": "2015-04-30", 
        "operating_revenue": 213237, 
        "short_term_average": 199300
    }, 
    {
        "accumulated_operating_revenue_yoy": -11.836836028302706, 
        "accumulated_operating_revenue": 1036924, 
        "long_term_average": 220587, 
        "date": "2015-05-31", 
        "operating_revenue": 190895, 
        "short_term_average": 208288
    }, 
    {
        "accumulated_operating_revenue_yoy": -13.171089676194777, 
        "accumulated_operating_revenue": 1230548, 
        "long_term_average": 216634, 
        "date": "2015-06-30", 
        "operating_revenue": 193624, 
        "short_term_average": 199252
    }, 
    {
        "accumulated_operating_revenue_yoy": -13.215443138208194, 
        "accumulated_operating_revenue": 1442309, 
        "long_term_average": 213886, 
        "date": "2015-07-31", 
        "operating_revenue": 211761, 
        "short_term_average": 198760
    }, 
    {
        "accumulated_operating_revenue_yoy": -13.379374274807876, 
        "accumulated_operating_revenue": 1648342, 
        "long_term_average": 210972, 
        "date": "2015-08-31", 
        "operating_revenue": 206033, 
        "short_term_average": 203806
    }
]