[
    {
        "date": "2012-01-31", 
        "operating_revenue": 805974, 
        "accumulated_operating_revenue": 805974, 
        "long_term_average": 805974, 
        "short_term_average": 805974
    }, 
    {
        "date": "2012-02-29", 
        "operating_revenue": 921687, 
        "accumulated_operating_revenue": 1727661, 
        "long_term_average": 863830, 
        "short_term_average": 863830
    }, 
    {
        "date": "2012-03-31", 
        "operating_revenue": 1044373, 
        "accumulated_operating_revenue": 2772034, 
        "long_term_average": 924011, 
        "short_term_average": 924011
    }, 
    {
        "date": "2012-04-30", 
        "operating_revenue": 1016543, 
        "accumulated_operating_revenue": 3788577, 
        "long_term_average": 947144, 
        "short_term_average": 994201
    }, 
    {
        "date": "2012-05-31", 
        "operating_revenue": 978482, 
        "accumulated_operating_revenue": 4767059, 
        "long_term_average": 953411, 
        "short_term_average": 1013132
    }, 
    {
        "date": "2012-06-30", 
        "operating_revenue": 1003807, 
        "accumulated_operating_revenue": 5770866, 
        "long_term_average": 961811, 
        "short_term_average": 999610
    }, 
    {
        "date": "2012-07-31", 
        "operating_revenue": 975104, 
        "accumulated_operating_revenue": 6745970, 
        "long_term_average": 963710, 
        "short_term_average": 985797
    }, 
    {
        "date": "2012-08-31", 
        "operating_revenue": 861666, 
        "accumulated_operating_revenue": 7607636, 
        "long_term_average": 950954, 
        "short_term_average": 946859
    }, 
    {
        "date": "2012-09-30", 
        "operating_revenue": 748872, 
        "accumulated_operating_revenue": 8356508, 
        "long_term_average": 928500, 
        "short_term_average": 861880
    }, 
    {
        "date": "2012-10-31", 
        "operating_revenue": 765912, 
        "accumulated_operating_revenue": 9122420, 
        "long_term_average": 912242, 
        "short_term_average": 792150
    }, 
    {
        "date": "2012-11-30", 
        "operating_revenue": 790155, 
        "accumulated_operating_revenue": 9912575, 
        "long_term_average": 901143, 
        "short_term_average": 768313
    }, 
    {
        "date": "2012-12-31", 
        "operating_revenue": 741578, 
        "accumulated_operating_revenue": 10654153, 
        "long_term_average": 887846, 
        "short_term_average": 765881
    }, 
    {
        "accumulated_operating_revenue_yoy": -0.7269465268110386, 
        "accumulated_operating_revenue": 800115, 
        "long_term_average": 887357, 
        "date": "2013-01-31", 
        "operating_revenue": 800115, 
        "short_term_average": 777282
    }, 
    {
        "accumulated_operating_revenue_yoy": -17.884874405337623, 
        "accumulated_operating_revenue": 1418671, 
        "long_term_average": 862096, 
        "date": "2013-02-28", 
        "operating_revenue": 618556, 
        "short_term_average": 720083
    }, 
    {
        "accumulated_operating_revenue_yoy": -21.42603589999257, 
        "accumulated_operating_revenue": 2178097, 
        "long_term_average": 838351, 
        "date": "2013-03-31", 
        "operating_revenue": 759426, 
        "short_term_average": 726032
    }, 
    {
        "accumulated_operating_revenue_yoy": -22.056988679390706, 
        "accumulated_operating_revenue": 2952931, 
        "long_term_average": 818208, 
        "date": "2013-04-30", 
        "operating_revenue": 774834, 
        "short_term_average": 717605
    }, 
    {
        "accumulated_operating_revenue_yoy": -22.541592206012133, 
        "accumulated_operating_revenue": 3692488, 
        "long_term_average": 798298, 
        "date": "2013-05-31", 
        "operating_revenue": 739557, 
        "short_term_average": 757939
    }, 
    {
        "accumulated_operating_revenue_yoy": -24.002082183159338, 
        "accumulated_operating_revenue": 4385738, 
        "long_term_average": 772418, 
        "date": "2013-06-30", 
        "operating_revenue": 693250, 
        "short_term_average": 735880
    }, 
    {
        "accumulated_operating_revenue_yoy": -24.939260032285944, 
        "accumulated_operating_revenue": 5063575, 
        "long_term_average": 747646, 
        "date": "2013-07-31", 
        "operating_revenue": 677837, 
        "short_term_average": 703548
    }, 
    {
        "accumulated_operating_revenue_yoy": -24.26530396564715, 
        "accumulated_operating_revenue": 5761620, 
        "long_term_average": 734011, 
        "date": "2013-08-31", 
        "operating_revenue": 698045, 
        "short_term_average": 689710
    }, 
    {
        "accumulated_operating_revenue_yoy": -22.66906224466009, 
        "accumulated_operating_revenue": 6462166, 
        "long_term_average": 729984, 
        "date": "2013-09-30", 
        "operating_revenue": 700546, 
        "short_term_average": 692142
    }, 
    {
        "accumulated_operating_revenue_yoy": -21.300521133646555, 
        "accumulated_operating_revenue": 7179297, 
        "long_term_average": 725919, 
        "date": "2013-10-31", 
        "operating_revenue": 717131, 
        "short_term_average": 705240
    }, 
    {
        "accumulated_operating_revenue_yoy": -20.756150647031674, 
        "accumulated_operating_revenue": 7855106, 
        "long_term_average": 716390, 
        "date": "2013-11-30", 
        "operating_revenue": 675809, 
        "short_term_average": 697828
    }, 
    {
        "accumulated_operating_revenue_yoy": -18.649985597165724, 
        "accumulated_operating_revenue": 8667155, 
        "long_term_average": 722262, 
        "date": "2013-12-31", 
        "operating_revenue": 812049, 
        "short_term_average": 734996
    }, 
    {
        "accumulated_operating_revenue_yoy": -1.7225023902813972, 
        "accumulated_operating_revenue": 786333, 
        "long_term_average": 721114, 
        "date": "2014-01-31", 
        "operating_revenue": 786333, 
        "short_term_average": 758063
    }, 
    {
        "accumulated_operating_revenue_yoy": 0.8295087444516733, 
        "accumulated_operating_revenue": 1430439, 
        "long_term_average": 723243, 
        "date": "2014-02-28", 
        "operating_revenue": 644106, 
        "short_term_average": 747496
    }, 
    {
        "accumulated_operating_revenue_yoy": -0.7833902714158276, 
        "accumulated_operating_revenue": 2161034, 
        "long_term_average": 720841, 
        "date": "2014-03-31", 
        "operating_revenue": 730595, 
        "short_term_average": 720344
    }, 
    {
        "accumulated_operating_revenue_yoy": -2.5648076436598077, 
        "accumulated_operating_revenue": 2877194, 
        "long_term_average": 715951, 
        "date": "2014-04-30", 
        "operating_revenue": 716160, 
        "short_term_average": 696953
    }, 
    {
        "accumulated_operating_revenue_yoy": -1.7329778729138725, 
        "accumulated_operating_revenue": 3628498, 
        "long_term_average": 716930, 
        "date": "2014-05-31", 
        "operating_revenue": 751304, 
        "short_term_average": 732686
    }, 
    {
        "accumulated_operating_revenue_yoy": 0.3498384992445969, 
        "accumulated_operating_revenue": 4401081, 
        "long_term_average": 723541, 
        "date": "2014-06-30", 
        "operating_revenue": 772583, 
        "short_term_average": 746682
    }, 
    {
        "accumulated_operating_revenue_yoy": 2.5060357553704646, 
        "accumulated_operating_revenue": 5190470, 
        "long_term_average": 732837, 
        "date": "2014-07-31", 
        "operating_revenue": 789389, 
        "short_term_average": 771092
    }, 
    {
        "accumulated_operating_revenue_yoy": 4.330309878124555, 
        "accumulated_operating_revenue": 6011116, 
        "long_term_average": 743054, 
        "date": "2014-08-31", 
        "operating_revenue": 820646, 
        "short_term_average": 794206
    }, 
    {
        "accumulated_operating_revenue_yoy": 4.961308638620549, 
        "accumulated_operating_revenue": 6782774, 
        "long_term_average": 748980, 
        "date": "2014-09-30", 
        "operating_revenue": 771658, 
        "short_term_average": 793897
    }, 
    {
        "accumulated_operating_revenue_yoy": 5.48002123327674, 
        "accumulated_operating_revenue": 7572724, 
        "long_term_average": 755048, 
        "date": "2014-10-31", 
        "operating_revenue": 789950, 
        "short_term_average": 794084
    }, 
    {
        "accumulated_operating_revenue_yoy": 6.722964655091861, 
        "accumulated_operating_revenue": 8383202, 
        "long_term_average": 766270, 
        "date": "2014-11-30", 
        "operating_revenue": 810478, 
        "short_term_average": 790695
    }, 
    {
        "accumulated_operating_revenue_yoy": 6.1980315339924115, 
        "accumulated_operating_revenue": 9204348, 
        "long_term_average": 767029, 
        "date": "2014-12-31", 
        "operating_revenue": 821146, 
        "short_term_average": 807191
    }, 
    {
        "accumulated_operating_revenue_yoy": -0.48910576053656657, 
        "accumulated_operating_revenue": 782487, 
        "long_term_average": 766708, 
        "date": "2015-01-31", 
        "operating_revenue": 782487, 
        "short_term_average": 804703
    }, 
    {
        "accumulated_operating_revenue_yoy": 5.464196655711988, 
        "accumulated_operating_revenue": 1508601, 
        "long_term_average": 773542, 
        "date": "2015-02-28", 
        "operating_revenue": 726114, 
        "short_term_average": 776582
    }, 
    {
        "accumulated_operating_revenue_yoy": 6.777588876436003, 
        "accumulated_operating_revenue": 2307500, 
        "long_term_average": 779234, 
        "date": "2015-03-31", 
        "operating_revenue": 798899, 
        "short_term_average": 769166
    }, 
    {
        "accumulated_operating_revenue_yoy": 4.949162274076756, 
        "accumulated_operating_revenue": 3019591, 
        "long_term_average": 778895, 
        "date": "2015-04-30", 
        "operating_revenue": 712091, 
        "short_term_average": 745701
    }, 
    {
        "accumulated_operating_revenue_yoy": 2.6302618879767885, 
        "accumulated_operating_revenue": 3723937, 
        "long_term_average": 774982, 
        "date": "2015-05-31", 
        "operating_revenue": 704346, 
        "short_term_average": 738445
    }, 
    {
        "accumulated_operating_revenue_yoy": 0.14414640403119144, 
        "accumulated_operating_revenue": 4407425, 
        "long_term_average": 767557, 
        "date": "2015-06-30", 
        "operating_revenue": 683488, 
        "short_term_average": 699975
    }, 
    {
        "accumulated_operating_revenue_yoy": -2.302392654229771, 
        "accumulated_operating_revenue": 5070965, 
        "long_term_average": 757070, 
        "date": "2015-07-31", 
        "operating_revenue": 663540, 
        "short_term_average": 683791
    }, 
    {
        "accumulated_operating_revenue_yoy": -3.9849505482842122, 
        "accumulated_operating_revenue": 5771576, 
        "long_term_average": 747067, 
        "date": "2015-08-31", 
        "operating_revenue": 700611, 
        "short_term_average": 682546
    }
]