[
    {
        "date": "2012-01-31", 
        "operating_revenue": 29405, 
        "accumulated_operating_revenue": 29405, 
        "long_term_average": 29405, 
        "short_term_average": 29405
    }, 
    {
        "date": "2012-02-29", 
        "operating_revenue": 48110, 
        "accumulated_operating_revenue": 77515, 
        "long_term_average": 38757, 
        "short_term_average": 38757
    }, 
    {
        "date": "2012-03-31", 
        "operating_revenue": 67425, 
        "accumulated_operating_revenue": 144940, 
        "long_term_average": 48313, 
        "short_term_average": 48313
    }, 
    {
        "date": "2012-04-30", 
        "operating_revenue": 53664, 
        "accumulated_operating_revenue": 198604, 
        "long_term_average": 49651, 
        "short_term_average": 56399
    }, 
    {
        "date": "2012-05-31", 
        "operating_revenue": 67174, 
        "accumulated_operating_revenue": 265778, 
        "long_term_average": 53155, 
        "short_term_average": 62754
    }, 
    {
        "date": "2012-06-30", 
        "operating_revenue": 42998, 
        "accumulated_operating_revenue": 308776, 
        "long_term_average": 51462, 
        "short_term_average": 54612
    }, 
    {
        "date": "2012-07-31", 
        "operating_revenue": 67937, 
        "accumulated_operating_revenue": 376713, 
        "long_term_average": 53816, 
        "short_term_average": 59369
    }, 
    {
        "date": "2012-08-31", 
        "operating_revenue": 88497, 
        "accumulated_operating_revenue": 465210, 
        "long_term_average": 58151, 
        "short_term_average": 66477
    }, 
    {
        "date": "2012-09-30", 
        "operating_revenue": 65095, 
        "accumulated_operating_revenue": 530305, 
        "long_term_average": 58922, 
        "short_term_average": 73843
    }, 
    {
        "date": "2012-10-31", 
        "operating_revenue": 47852, 
        "accumulated_operating_revenue": 578157, 
        "long_term_average": 57815, 
        "short_term_average": 67148
    }, 
    {
        "date": "2012-11-30", 
        "operating_revenue": 44850, 
        "accumulated_operating_revenue": 623007, 
        "long_term_average": 56637, 
        "short_term_average": 52599
    }, 
    {
        "date": "2012-12-31", 
        "operating_revenue": 43950, 
        "accumulated_operating_revenue": 666957, 
        "long_term_average": 55579, 
        "short_term_average": 45550
    }, 
    {
        "accumulated_operating_revenue_yoy": 43.35317122938276, 
        "accumulated_operating_revenue": 42153, 
        "long_term_average": 56642, 
        "date": "2013-01-31", 
        "operating_revenue": 42153, 
        "short_term_average": 43651
    }, 
    {
        "accumulated_operating_revenue_yoy": -1.5596981229439464, 
        "accumulated_operating_revenue": 76306, 
        "long_term_average": 55479, 
        "date": "2013-02-28", 
        "operating_revenue": 34153, 
        "short_term_average": 40085
    }, 
    {
        "accumulated_operating_revenue_yoy": 3.404167241617221, 
        "accumulated_operating_revenue": 149874, 
        "long_term_average": 55990, 
        "date": "2013-03-31", 
        "operating_revenue": 73568, 
        "short_term_average": 49958
    }, 
    {
        "accumulated_operating_revenue_yoy": -2.3181809027008518, 
        "accumulated_operating_revenue": 194000, 
        "long_term_average": 55196, 
        "date": "2013-04-30", 
        "operating_revenue": 44126, 
        "short_term_average": 50615
    }, 
    {
        "accumulated_operating_revenue_yoy": -10.006095312629338, 
        "accumulated_operating_revenue": 239184, 
        "long_term_average": 53363, 
        "date": "2013-05-31", 
        "operating_revenue": 45184, 
        "short_term_average": 54292
    }, 
    {
        "accumulated_operating_revenue_yoy": -5.576858305049615, 
        "accumulated_operating_revenue": 291556, 
        "long_term_average": 54144, 
        "date": "2013-06-30", 
        "operating_revenue": 52372, 
        "short_term_average": 47227
    }, 
    {
        "accumulated_operating_revenue_yoy": -6.506544770156592, 
        "accumulated_operating_revenue": 352202, 
        "long_term_average": 53537, 
        "date": "2013-07-31", 
        "operating_revenue": 60646, 
        "short_term_average": 52734
    }, 
    {
        "accumulated_operating_revenue_yoy": -14.52720276864212, 
        "accumulated_operating_revenue": 397628, 
        "long_term_average": 49947, 
        "date": "2013-08-31", 
        "operating_revenue": 45426, 
        "short_term_average": 52814
    }, 
    {
        "accumulated_operating_revenue_yoy": -15.878221023750482, 
        "accumulated_operating_revenue": 446102, 
        "long_term_average": 48562, 
        "date": "2013-09-30", 
        "operating_revenue": 48474, 
        "short_term_average": 51515
    }, 
    {
        "accumulated_operating_revenue_yoy": -14.059502868597976, 
        "accumulated_operating_revenue": 496871, 
        "long_term_average": 48805, 
        "date": "2013-10-31", 
        "operating_revenue": 50769, 
        "short_term_average": 48223
    }, 
    {
        "accumulated_operating_revenue_yoy": -11.31062732842488, 
        "accumulated_operating_revenue": 552541, 
        "long_term_average": 49707, 
        "date": "2013-11-30", 
        "operating_revenue": 55670, 
        "short_term_average": 51637
    }, 
    {
        "accumulated_operating_revenue_yoy": -8.25510490181526, 
        "accumulated_operating_revenue": 611899, 
        "long_term_average": 50991, 
        "date": "2013-12-31", 
        "operating_revenue": 59358, 
        "short_term_average": 55265
    }, 
    {
        "accumulated_operating_revenue_yoy": 55.53815861267288, 
        "accumulated_operating_revenue": 65564, 
        "long_term_average": 52942, 
        "date": "2014-01-31", 
        "operating_revenue": 65564, 
        "short_term_average": 60197
    }, 
    {
        "accumulated_operating_revenue_yoy": 59.72662700180851, 
        "accumulated_operating_revenue": 121881, 
        "long_term_average": 54789, 
        "date": "2014-02-28", 
        "operating_revenue": 56317, 
        "short_term_average": 60413
    }, 
    {
        "accumulated_operating_revenue_yoy": 24.14161228765496, 
        "accumulated_operating_revenue": 186056, 
        "long_term_average": 54006, 
        "date": "2014-03-31", 
        "operating_revenue": 64175, 
        "short_term_average": 62018
    }, 
    {
        "accumulated_operating_revenue_yoy": 25.406185567010308, 
        "accumulated_operating_revenue": 243288, 
        "long_term_average": 55098, 
        "date": "2014-04-30", 
        "operating_revenue": 57232, 
        "short_term_average": 59241
    }, 
    {
        "accumulated_operating_revenue_yoy": 28.21008094186902, 
        "accumulated_operating_revenue": 306658, 
        "long_term_average": 56614, 
        "date": "2014-05-31", 
        "operating_revenue": 63370, 
        "short_term_average": 61592
    }, 
    {
        "accumulated_operating_revenue_yoy": 24.283499567836024, 
        "accumulated_operating_revenue": 362356, 
        "long_term_average": 56891, 
        "date": "2014-06-30", 
        "operating_revenue": 55698, 
        "short_term_average": 58766
    }, 
    {
        "accumulated_operating_revenue_yoy": 18.881210214592762, 
        "accumulated_operating_revenue": 418702, 
        "long_term_average": 56533, 
        "date": "2014-07-31", 
        "operating_revenue": 56346, 
        "short_term_average": 58471
    }, 
    {
        "accumulated_operating_revenue_yoy": 22.017815646785436, 
        "accumulated_operating_revenue": 485177, 
        "long_term_average": 58287, 
        "date": "2014-08-31", 
        "operating_revenue": 66475, 
        "short_term_average": 59506
    }, 
    {
        "accumulated_operating_revenue_yoy": 22.031284325109503, 
        "accumulated_operating_revenue": 544384, 
        "long_term_average": 59181, 
        "date": "2014-09-30", 
        "operating_revenue": 59207, 
        "short_term_average": 60676
    }, 
    {
        "accumulated_operating_revenue_yoy": 20.259584479673798, 
        "accumulated_operating_revenue": 597535, 
        "long_term_average": 59380, 
        "date": "2014-10-31", 
        "operating_revenue": 53151, 
        "short_term_average": 59611
    }, 
    {
        "accumulated_operating_revenue_yoy": 19.054513601705576, 
        "accumulated_operating_revenue": 657825, 
        "long_term_average": 59765, 
        "date": "2014-11-30", 
        "operating_revenue": 60290, 
        "short_term_average": 57549
    }, 
    {
        "accumulated_operating_revenue_yoy": 15.765183469821, 
        "accumulated_operating_revenue": 708366, 
        "long_term_average": 59030, 
        "date": "2014-12-31", 
        "operating_revenue": 50541, 
        "short_term_average": 54660
    }, 
    {
        "accumulated_operating_revenue_yoy": 26.169849307546823, 
        "accumulated_operating_revenue": 82722, 
        "long_term_average": 60460, 
        "date": "2015-01-31", 
        "operating_revenue": 82722, 
        "short_term_average": 64517
    }, 
    {
        "accumulated_operating_revenue_yoy": 13.390930497780623, 
        "accumulated_operating_revenue": 138202, 
        "long_term_average": 60390, 
        "date": "2015-02-28", 
        "operating_revenue": 55480, 
        "short_term_average": 62914
    }, 
    {
        "accumulated_operating_revenue_yoy": 22.004665262071637, 
        "accumulated_operating_revenue": 226997, 
        "long_term_average": 62442, 
        "date": "2015-03-31", 
        "operating_revenue": 88795, 
        "short_term_average": 75665
    }, 
    {
        "accumulated_operating_revenue_yoy": 32.28724803525041, 
        "accumulated_operating_revenue": 321839, 
        "long_term_average": 65576, 
        "date": "2015-04-30", 
        "operating_revenue": 94842, 
        "short_term_average": 79705
    }, 
    {
        "accumulated_operating_revenue_yoy": 28.044270816349158, 
        "accumulated_operating_revenue": 392658, 
        "long_term_average": 66197, 
        "date": "2015-05-31", 
        "operating_revenue": 70819, 
        "short_term_average": 84818
    }, 
    {
        "accumulated_operating_revenue_yoy": 23.2619302564329, 
        "accumulated_operating_revenue": 446647, 
        "long_term_average": 66054, 
        "date": "2015-06-30", 
        "operating_revenue": 53989, 
        "short_term_average": 73216
    }, 
    {
        "accumulated_operating_revenue_yoy": 19.546598774307263, 
        "accumulated_operating_revenue": 500544, 
        "long_term_average": 65850, 
        "date": "2015-07-31", 
        "operating_revenue": 53897, 
        "short_term_average": 59568
    }, 
    {
        "accumulated_operating_revenue_yoy": 11.813214558810497, 
        "accumulated_operating_revenue": 542492, 
        "long_term_average": 63806, 
        "date": "2015-08-31", 
        "operating_revenue": 41948, 
        "short_term_average": 49944
    }
]