[
    {
        "date": "2012-01-31", 
        "operating_revenue": 1443008, 
        "accumulated_operating_revenue": 1443008, 
        "long_term_average": 1443008, 
        "short_term_average": 1443008
    }, 
    {
        "date": "2012-02-29", 
        "operating_revenue": 1428000, 
        "accumulated_operating_revenue": 2871008, 
        "long_term_average": 1435504, 
        "short_term_average": 1435504
    }, 
    {
        "date": "2012-03-31", 
        "operating_revenue": 1512988, 
        "accumulated_operating_revenue": 4383996, 
        "long_term_average": 1461332, 
        "short_term_average": 1461332
    }, 
    {
        "date": "2012-04-30", 
        "operating_revenue": 1581593, 
        "accumulated_operating_revenue": 5965589, 
        "long_term_average": 1491397, 
        "short_term_average": 1507527
    }, 
    {
        "date": "2012-05-31", 
        "operating_revenue": 1619328, 
        "accumulated_operating_revenue": 7584917, 
        "long_term_average": 1516983, 
        "short_term_average": 1571303
    }, 
    {
        "date": "2012-06-30", 
        "operating_revenue": 1628345, 
        "accumulated_operating_revenue": 9213262, 
        "long_term_average": 1535543, 
        "short_term_average": 1609755
    }, 
    {
        "date": "2012-07-31", 
        "operating_revenue": 1748185, 
        "accumulated_operating_revenue": 10961447, 
        "long_term_average": 1565921, 
        "short_term_average": 1665286
    }, 
    {
        "date": "2012-08-31", 
        "operating_revenue": 1740520, 
        "accumulated_operating_revenue": 12701967, 
        "long_term_average": 1587745, 
        "short_term_average": 1705683
    }, 
    {
        "date": "2012-09-30", 
        "operating_revenue": 1651240, 
        "accumulated_operating_revenue": 14353207, 
        "long_term_average": 1594800, 
        "short_term_average": 1713315
    }, 
    {
        "date": "2012-10-31", 
        "operating_revenue": 1710644, 
        "accumulated_operating_revenue": 16063851, 
        "long_term_average": 1606385, 
        "short_term_average": 1700801
    }, 
    {
        "date": "2012-11-30", 
        "operating_revenue": 1611548, 
        "accumulated_operating_revenue": 17675399, 
        "long_term_average": 1606854, 
        "short_term_average": 1657810
    }, 
    {
        "date": "2012-12-31", 
        "operating_revenue": 1545161, 
        "accumulated_operating_revenue": 19220560, 
        "long_term_average": 1601713, 
        "short_term_average": 1622451
    }, 
    {
        "accumulated_operating_revenue_yoy": 0.7027681066217235, 
        "accumulated_operating_revenue": 1453149, 
        "long_term_average": 1602558, 
        "date": "2013-01-31", 
        "operating_revenue": 1453149, 
        "short_term_average": 1536619
    }, 
    {
        "accumulated_operating_revenue_yoy": -2.1804536943122415, 
        "accumulated_operating_revenue": 2808407, 
        "long_term_average": 1596496, 
        "date": "2013-02-28", 
        "operating_revenue": 1355258, 
        "short_term_average": 1451189
    }, 
    {
        "accumulated_operating_revenue_yoy": 0.838253502056115, 
        "accumulated_operating_revenue": 4420745, 
        "long_term_average": 1604775, 
        "date": "2013-03-31", 
        "operating_revenue": 1612338, 
        "short_term_average": 1473581
    }, 
    {
        "accumulated_operating_revenue_yoy": 0.49012763031445844, 
        "accumulated_operating_revenue": 5994828, 
        "long_term_average": 1604149, 
        "date": "2013-04-30", 
        "operating_revenue": 1574083, 
        "short_term_average": 1513893
    }, 
    {
        "accumulated_operating_revenue_yoy": 0.7445302301923673, 
        "accumulated_operating_revenue": 7641389, 
        "long_term_average": 1606419, 
        "date": "2013-05-31", 
        "operating_revenue": 1646561, 
        "short_term_average": 1610994
    }, 
    {
        "accumulated_operating_revenue_yoy": 1.5918357689165898, 
        "accumulated_operating_revenue": 9359922, 
        "long_term_average": 1613935, 
        "date": "2013-06-30", 
        "operating_revenue": 1718533, 
        "short_term_average": 1646392
    }, 
    {
        "accumulated_operating_revenue_yoy": 1.0595590162503181, 
        "accumulated_operating_revenue": 11077590, 
        "long_term_average": 1611391, 
        "date": "2013-07-31", 
        "operating_revenue": 1717668, 
        "short_term_average": 1694254
    }, 
    {
        "accumulated_operating_revenue_yoy": 0.6985532240793887, 
        "accumulated_operating_revenue": 12790697, 
        "long_term_average": 1609107, 
        "date": "2013-08-31", 
        "operating_revenue": 1713107, 
        "short_term_average": 1716436
    }, 
    {
        "accumulated_operating_revenue_yoy": 0.8263170732505983, 
        "accumulated_operating_revenue": 14471810, 
        "long_term_average": 1611596, 
        "date": "2013-09-30", 
        "operating_revenue": 1681113, 
        "short_term_average": 1703962
    }, 
    {
        "accumulated_operating_revenue_yoy": 0.2706075896744809, 
        "accumulated_operating_revenue": 16107321, 
        "long_term_average": 1605335, 
        "date": "2013-10-31", 
        "operating_revenue": 1635511, 
        "short_term_average": 1676577
    }, 
    {
        "accumulated_operating_revenue_yoy": 0.2965251307763972, 
        "accumulated_operating_revenue": 17727811, 
        "long_term_average": 1606081, 
        "date": "2013-11-30", 
        "operating_revenue": 1620490, 
        "short_term_average": 1645704
    }, 
    {
        "accumulated_operating_revenue_yoy": 0.735514469921792, 
        "accumulated_operating_revenue": 19361930, 
        "long_term_average": 1613494, 
        "date": "2013-12-31", 
        "operating_revenue": 1634119, 
        "short_term_average": 1630040
    }, 
    {
        "accumulated_operating_revenue_yoy": 11.60197612220082, 
        "accumulated_operating_revenue": 1621743, 
        "long_term_average": 1627543, 
        "date": "2014-01-31", 
        "operating_revenue": 1621743, 
        "short_term_average": 1625450
    }, 
    {
        "accumulated_operating_revenue_yoy": 15.688680451230894, 
        "accumulated_operating_revenue": 3249009, 
        "long_term_average": 1650211, 
        "date": "2014-02-28", 
        "operating_revenue": 1627266, 
        "short_term_average": 1627709
    }, 
    {
        "accumulated_operating_revenue_yoy": 12.85477900218176, 
        "accumulated_operating_revenue": 4989022, 
        "long_term_average": 1660850, 
        "date": "2014-03-31", 
        "operating_revenue": 1740013, 
        "short_term_average": 1663007
    }, 
    {
        "accumulated_operating_revenue_yoy": 12.997070141128319, 
        "accumulated_operating_revenue": 6773980, 
        "long_term_average": 1678423, 
        "date": "2014-04-30", 
        "operating_revenue": 1784958, 
        "short_term_average": 1717412
    }, 
    {
        "accumulated_operating_revenue_yoy": 12.579610853471799, 
        "accumulated_operating_revenue": 8602646, 
        "long_term_average": 1693598, 
        "date": "2014-05-31", 
        "operating_revenue": 1828666, 
        "short_term_average": 1784545
    }, 
    {
        "accumulated_operating_revenue_yoy": 11.137902644915203, 
        "accumulated_operating_revenue": 10402421, 
        "long_term_average": 1700369, 
        "date": "2014-06-30", 
        "operating_revenue": 1799775, 
        "short_term_average": 1804466
    }, 
    {
        "accumulated_operating_revenue_yoy": 11.453484015927652, 
        "accumulated_operating_revenue": 12346360, 
        "long_term_average": 1719225, 
        "date": "2014-07-31", 
        "operating_revenue": 1943939, 
        "short_term_average": 1857460
    }, 
    {
        "accumulated_operating_revenue_yoy": 11.802538985952056, 
        "accumulated_operating_revenue": 14300324, 
        "long_term_average": 1739296, 
        "date": "2014-08-31", 
        "operating_revenue": 1953964, 
        "short_term_average": 1899226
    }, 
    {
        "accumulated_operating_revenue_yoy": 12.001898864067453, 
        "accumulated_operating_revenue": 16208702, 
        "long_term_average": 1758235, 
        "date": "2014-09-30", 
        "operating_revenue": 1908378, 
        "short_term_average": 1935427
    }, 
    {
        "accumulated_operating_revenue_yoy": 12.688329735280002, 
        "accumulated_operating_revenue": 18151071, 
        "long_term_average": 1783806, 
        "date": "2014-10-31", 
        "operating_revenue": 1942369, 
        "short_term_average": 1934903
    }, 
    {
        "accumulated_operating_revenue_yoy": 13.37904606496538, 
        "accumulated_operating_revenue": 20099623, 
        "long_term_average": 1811145, 
        "date": "2014-11-30", 
        "operating_revenue": 1948552, 
        "short_term_average": 1933099
    }, 
    {
        "accumulated_operating_revenue_yoy": 13.651536804440468, 
        "accumulated_operating_revenue": 22005131, 
        "long_term_average": 1833760, 
        "date": "2014-12-31", 
        "operating_revenue": 1905508, 
        "short_term_average": 1932143
    }, 
    {
        "accumulated_operating_revenue_yoy": 10.51122156839894, 
        "accumulated_operating_revenue": 1792208, 
        "long_term_average": 1847966, 
        "date": "2015-01-31", 
        "operating_revenue": 1792208, 
        "short_term_average": 1882089
    }, 
    {
        "accumulated_operating_revenue_yoy": 5.9672041536357705, 
        "accumulated_operating_revenue": 3442884, 
        "long_term_average": 1849917, 
        "date": "2015-02-28", 
        "operating_revenue": 1650676, 
        "short_term_average": 1782797
    }, 
    {
        "accumulated_operating_revenue_yoy": 4.592403080202893, 
        "accumulated_operating_revenue": 5218138, 
        "long_term_average": 1852853, 
        "date": "2015-03-31", 
        "operating_revenue": 1775254, 
        "short_term_average": 1739379
    }, 
    {
        "accumulated_operating_revenue_yoy": 2.3184597533503197, 
        "accumulated_operating_revenue": 6931032, 
        "long_term_average": 1846848, 
        "date": "2015-04-30", 
        "operating_revenue": 1712894, 
        "short_term_average": 1712941
    }, 
    {
        "accumulated_operating_revenue_yoy": -0.045439507797949606, 
        "accumulated_operating_revenue": 8598737, 
        "long_term_average": 1833435, 
        "date": "2015-05-31", 
        "operating_revenue": 1667705, 
        "short_term_average": 1718617
    }, 
    {
        "accumulated_operating_revenue_yoy": -1.106934626083678, 
        "accumulated_operating_revenue": 10287273, 
        "long_term_average": 1824165, 
        "date": "2015-06-30", 
        "operating_revenue": 1688536, 
        "short_term_average": 1689711
    }, 
    {
        "accumulated_operating_revenue_yoy": -3.427722826808873, 
        "accumulated_operating_revenue": 11923161, 
        "long_term_average": 1798494, 
        "date": "2015-07-31", 
        "operating_revenue": 1635888, 
        "short_term_average": 1664043
    }, 
    {
        "accumulated_operating_revenue_yoy": -5.514294641156383, 
        "accumulated_operating_revenue": 13511762, 
        "long_term_average": 1768047, 
        "date": "2015-08-31", 
        "operating_revenue": 1588601, 
        "short_term_average": 1637675
    }, 
    {
        "accumulated_operating_revenue_yoy": -6.751552345153857, 
        "accumulated_operating_revenue": 15114363, 
        "long_term_average": 1742566, 
        "date": "2015-09-30", 
        "operating_revenue": 1602601, 
        "short_term_average": 1609030
    }
]