[
    {
        "date": "2012-01-31", 
        "operating_revenue": 77210, 
        "accumulated_operating_revenue": 77210, 
        "long_term_average": 77210, 
        "short_term_average": 77210
    }, 
    {
        "date": "2012-02-29", 
        "operating_revenue": 100498, 
        "accumulated_operating_revenue": 177708, 
        "long_term_average": 88854, 
        "short_term_average": 88854
    }, 
    {
        "date": "2012-03-31", 
        "operating_revenue": 134174, 
        "accumulated_operating_revenue": 311882, 
        "long_term_average": 103960, 
        "short_term_average": 103960
    }, 
    {
        "date": "2012-04-30", 
        "operating_revenue": 143130, 
        "accumulated_operating_revenue": 455012, 
        "long_term_average": 113753, 
        "short_term_average": 125934
    }, 
    {
        "date": "2012-05-31", 
        "operating_revenue": 146640, 
        "accumulated_operating_revenue": 601652, 
        "long_term_average": 120330, 
        "short_term_average": 141314
    }, 
    {
        "date": "2012-06-30", 
        "operating_revenue": 139943, 
        "accumulated_operating_revenue": 741595, 
        "long_term_average": 123599, 
        "short_term_average": 143237
    }, 
    {
        "date": "2012-07-31", 
        "operating_revenue": 144879, 
        "accumulated_operating_revenue": 886474, 
        "long_term_average": 126639, 
        "short_term_average": 143820
    }, 
    {
        "date": "2012-08-31", 
        "operating_revenue": 149987, 
        "accumulated_operating_revenue": 1036461, 
        "long_term_average": 129557, 
        "short_term_average": 144936
    }, 
    {
        "date": "2012-09-30", 
        "operating_revenue": 153058, 
        "accumulated_operating_revenue": 1189519, 
        "long_term_average": 132168, 
        "short_term_average": 149308
    }, 
    {
        "date": "2012-10-31", 
        "operating_revenue": 150798, 
        "accumulated_operating_revenue": 1340317, 
        "long_term_average": 134031, 
        "short_term_average": 151281
    }, 
    {
        "date": "2012-11-30", 
        "operating_revenue": 125020, 
        "accumulated_operating_revenue": 1465337, 
        "long_term_average": 133212, 
        "short_term_average": 142958
    }, 
    {
        "date": "2012-12-31", 
        "operating_revenue": 111034, 
        "accumulated_operating_revenue": 1576371, 
        "long_term_average": 131364, 
        "short_term_average": 128950
    }, 
    {
        "accumulated_operating_revenue_yoy": 56.772438803263825, 
        "accumulated_operating_revenue": 121044, 
        "long_term_average": 135017, 
        "date": "2013-01-31", 
        "operating_revenue": 121044, 
        "short_term_average": 119032
    }, 
    {
        "accumulated_operating_revenue_yoy": 28.80849483422243, 
        "accumulated_operating_revenue": 228903, 
        "long_term_average": 135630, 
        "date": "2013-02-28", 
        "operating_revenue": 107859, 
        "short_term_average": 113312
    }, 
    {
        "accumulated_operating_revenue_yoy": 10.374757119679877, 
        "accumulated_operating_revenue": 344239, 
        "long_term_average": 134060, 
        "date": "2013-03-31", 
        "operating_revenue": 115336, 
        "short_term_average": 114746
    }, 
    {
        "accumulated_operating_revenue_yoy": -1.6931421588881173, 
        "accumulated_operating_revenue": 447308, 
        "long_term_average": 130722, 
        "date": "2013-04-30", 
        "operating_revenue": 103069, 
        "short_term_average": 108754
    }, 
    {
        "accumulated_operating_revenue_yoy": -8.770019878600918, 
        "accumulated_operating_revenue": 548887, 
        "long_term_average": 126967, 
        "date": "2013-05-31", 
        "operating_revenue": 101579, 
        "short_term_average": 106661
    }, 
    {
        "accumulated_operating_revenue_yoy": -12.344069202192571, 
        "accumulated_operating_revenue": 650052, 
        "long_term_average": 123735, 
        "date": "2013-06-30", 
        "operating_revenue": 101165, 
        "short_term_average": 101937
    }, 
    {
        "accumulated_operating_revenue_yoy": -13.740053289774995, 
        "accumulated_operating_revenue": 764672, 
        "long_term_average": 121214, 
        "date": "2013-07-31", 
        "operating_revenue": 114620, 
        "short_term_average": 105788
    }, 
    {
        "accumulated_operating_revenue_yoy": -14.477824057055694, 
        "accumulated_operating_revenue": 886404, 
        "long_term_average": 118859, 
        "date": "2013-08-31", 
        "operating_revenue": 121732, 
        "short_term_average": 112505
    }, 
    {
        "accumulated_operating_revenue_yoy": -15.082314784379234, 
        "accumulated_operating_revenue": 1010112, 
        "long_term_average": 116413, 
        "date": "2013-09-30", 
        "operating_revenue": 123708, 
        "short_term_average": 120020
    }, 
    {
        "accumulated_operating_revenue_yoy": -15.363082017164595, 
        "accumulated_operating_revenue": 1134403, 
        "long_term_average": 114204, 
        "date": "2013-10-31", 
        "operating_revenue": 124291, 
        "short_term_average": 123243
    }, 
    {
        "accumulated_operating_revenue_yoy": -13.4473503364755, 
        "accumulated_operating_revenue": 1268288, 
        "long_term_average": 114943, 
        "date": "2013-11-30", 
        "operating_revenue": 133885, 
        "short_term_average": 127294
    }, 
    {
        "accumulated_operating_revenue_yoy": -10.912025151439604, 
        "accumulated_operating_revenue": 1404357, 
        "long_term_average": 117029, 
        "date": "2013-12-31", 
        "operating_revenue": 136069, 
        "short_term_average": 131415
    }, 
    {
        "accumulated_operating_revenue_yoy": 16.914510425960806, 
        "accumulated_operating_revenue": 141518, 
        "long_term_average": 118735, 
        "date": "2014-01-31", 
        "operating_revenue": 141518, 
        "short_term_average": 137157
    }, 
    {
        "accumulated_operating_revenue_yoy": 22.28542220940748, 
        "accumulated_operating_revenue": 279915, 
        "long_term_average": 121280, 
        "date": "2014-02-28", 
        "operating_revenue": 138397, 
        "short_term_average": 138661
    }, 
    {
        "accumulated_operating_revenue_yoy": 25.835248185127192, 
        "accumulated_operating_revenue": 433174, 
        "long_term_average": 124441, 
        "date": "2014-03-31", 
        "operating_revenue": 153259, 
        "short_term_average": 144391
    }, 
    {
        "accumulated_operating_revenue_yoy": 32.75237643860606, 
        "accumulated_operating_revenue": 593812, 
        "long_term_average": 129238, 
        "date": "2014-04-30", 
        "operating_revenue": 160638, 
        "short_term_average": 150764
    }, 
    {
        "accumulated_operating_revenue_yoy": 37.60427920500941, 
        "accumulated_operating_revenue": 755292, 
        "long_term_average": 134230, 
        "date": "2014-05-31", 
        "operating_revenue": 161480, 
        "short_term_average": 158459
    }, 
    {
        "accumulated_operating_revenue_yoy": 37.72805867838265, 
        "accumulated_operating_revenue": 895304, 
        "long_term_average": 137467, 
        "date": "2014-06-30", 
        "operating_revenue": 140012, 
        "short_term_average": 154043
    }, 
    {
        "accumulated_operating_revenue_yoy": 35.195482507532645, 
        "accumulated_operating_revenue": 1033802, 
        "long_term_average": 139457, 
        "date": "2014-07-31", 
        "operating_revenue": 138498, 
        "short_term_average": 146663
    }, 
    {
        "accumulated_operating_revenue_yoy": 32.051637853619795, 
        "accumulated_operating_revenue": 1170511, 
        "long_term_average": 140705, 
        "date": "2014-08-31", 
        "operating_revenue": 136709, 
        "short_term_average": 138406
    }, 
    {
        "accumulated_operating_revenue_yoy": 30.11507634796933, 
        "accumulated_operating_revenue": 1314308, 
        "long_term_average": 142379, 
        "date": "2014-09-30", 
        "operating_revenue": 143797, 
        "short_term_average": 139668
    }, 
    {
        "accumulated_operating_revenue_yoy": 29.17137913069694, 
        "accumulated_operating_revenue": 1465324, 
        "long_term_average": 144606, 
        "date": "2014-10-31", 
        "operating_revenue": 151016, 
        "short_term_average": 143840
    }, 
    {
        "accumulated_operating_revenue_yoy": 28.09511719735581, 
        "accumulated_operating_revenue": 1624615, 
        "long_term_average": 146723, 
        "date": "2014-11-30", 
        "operating_revenue": 159291, 
        "short_term_average": 151368
    }, 
    {
        "accumulated_operating_revenue_yoy": 27.372242243247264, 
        "accumulated_operating_revenue": 1788761, 
        "long_term_average": 149063, 
        "date": "2014-12-31", 
        "operating_revenue": 164146, 
        "short_term_average": 158151
    }, 
    {
        "accumulated_operating_revenue_yoy": 20.61292556423918, 
        "accumulated_operating_revenue": 170689, 
        "long_term_average": 151494, 
        "date": "2015-01-31", 
        "operating_revenue": 170689, 
        "short_term_average": 164708
    }, 
    {
        "accumulated_operating_revenue_yoy": 11.111587446189022, 
        "accumulated_operating_revenue": 311018, 
        "long_term_average": 151655, 
        "date": "2015-02-28", 
        "operating_revenue": 140329, 
        "short_term_average": 158388
    }, 
    {
        "accumulated_operating_revenue_yoy": 7.450354822773296, 
        "accumulated_operating_revenue": 465447, 
        "long_term_average": 151752, 
        "date": "2015-03-31", 
        "operating_revenue": 154429, 
        "short_term_average": 155149
    }, 
    {
        "accumulated_operating_revenue_yoy": 2.429725232901996, 
        "accumulated_operating_revenue": 608240, 
        "long_term_average": 150265, 
        "date": "2015-04-30", 
        "operating_revenue": 142793, 
        "short_term_average": 145850
    }, 
    {
        "accumulated_operating_revenue_yoy": -3.2443081616116682, 
        "accumulated_operating_revenue": 730788, 
        "long_term_average": 147021, 
        "date": "2015-05-31", 
        "operating_revenue": 122548, 
        "short_term_average": 139923
    }, 
    {
        "accumulated_operating_revenue_yoy": -7.0544753513890255, 
        "accumulated_operating_revenue": 832145, 
        "long_term_average": 143800, 
        "date": "2015-06-30", 
        "operating_revenue": 101357, 
        "short_term_average": 122232
    }, 
    {
        "accumulated_operating_revenue_yoy": -9.48711648845717, 
        "accumulated_operating_revenue": 935724, 
        "long_term_average": 140890, 
        "date": "2015-07-31", 
        "operating_revenue": 103579, 
        "short_term_average": 109161
    }, 
    {
        "accumulated_operating_revenue_yoy": -10.417757714365777, 
        "accumulated_operating_revenue": 1048570, 
        "long_term_average": 138901, 
        "date": "2015-08-31", 
        "operating_revenue": 112846, 
        "short_term_average": 105927
    }, 
    {
        "accumulated_operating_revenue_yoy": -11.70106246024524, 
        "accumulated_operating_revenue": 1160520, 
        "long_term_average": 136247, 
        "date": "2015-09-30", 
        "operating_revenue": 111950, 
        "short_term_average": 109458
    }, 
    {
        "accumulated_operating_revenue_yoy": -12.5598843668704, 
        "accumulated_operating_revenue": 1281281, 
        "long_term_average": 133726, 
        "date": "2015-10-31", 
        "operating_revenue": 120761, 
        "short_term_average": 115185
    }
]