[
    {
        "date": "2011-09-30", 
        "operating_revenue": 2533520, 
        "accumulated_operating_revenue": 2533520, 
        "long_term_average": 2533520, 
        "short_term_average": 2533520
    }, 
    {
        "date": "2011-10-31", 
        "operating_revenue": 2404207, 
        "accumulated_operating_revenue": 4937727, 
        "long_term_average": 2468863, 
        "short_term_average": 2468863
    }, 
    {
        "date": "2011-11-30", 
        "operating_revenue": 2311843, 
        "accumulated_operating_revenue": 7249570, 
        "long_term_average": 2416523, 
        "short_term_average": 2416523
    }, 
    {
        "date": "2011-12-31", 
        "operating_revenue": 2464725, 
        "accumulated_operating_revenue": 9714295, 
        "long_term_average": 2428573, 
        "short_term_average": 2393591
    }, 
    {
        "date": "2012-01-31", 
        "operating_revenue": 1939535, 
        "accumulated_operating_revenue": 1939535, 
        "long_term_average": 2330766, 
        "short_term_average": 2238701
    }, 
    {
        "date": "2012-02-29", 
        "operating_revenue": 2001237, 
        "accumulated_operating_revenue": 3940772, 
        "long_term_average": 2275844, 
        "short_term_average": 2135165
    }, 
    {
        "date": "2012-03-31", 
        "operating_revenue": 2232959, 
        "accumulated_operating_revenue": 6173731, 
        "long_term_average": 2269718, 
        "short_term_average": 2057910
    }, 
    {
        "date": "2012-04-30", 
        "operating_revenue": 2307363, 
        "accumulated_operating_revenue": 8481094, 
        "long_term_average": 2274423, 
        "short_term_average": 2180519
    }, 
    {
        "date": "2012-05-31", 
        "operating_revenue": 2271873, 
        "accumulated_operating_revenue": 10752967, 
        "long_term_average": 2274140, 
        "short_term_average": 2270731
    }, 
    {
        "date": "2012-06-30", 
        "operating_revenue": 2224757, 
        "accumulated_operating_revenue": 12977724, 
        "long_term_average": 2269201, 
        "short_term_average": 2267997
    }, 
    {
        "date": "2012-07-31", 
        "operating_revenue": 2115585, 
        "accumulated_operating_revenue": 15093309, 
        "long_term_average": 2255236, 
        "short_term_average": 2204071
    }, 
    {
        "date": "2012-08-31", 
        "operating_revenue": 2117933, 
        "accumulated_operating_revenue": 17211242, 
        "long_term_average": 2243794, 
        "short_term_average": 2152758
    }, 
    {
        "accumulated_operating_revenue_yoy": 678.3340964349995, 
        "accumulated_operating_revenue": 19719250, 
        "long_term_average": 2241668, 
        "date": "2012-09-30", 
        "operating_revenue": 2508008, 
        "short_term_average": 2247175
    }, 
    {
        "accumulated_operating_revenue_yoy": 347.0223444917064, 
        "accumulated_operating_revenue": 22072743, 
        "long_term_average": 2237442, 
        "date": "2012-10-31", 
        "operating_revenue": 2353493, 
        "short_term_average": 2326478
    }, 
    {
        "accumulated_operating_revenue_yoy": 233.6673761340328, 
        "accumulated_operating_revenue": 24189450, 
        "long_term_average": 2221181, 
        "date": "2012-11-30", 
        "operating_revenue": 2116707, 
        "short_term_average": 2326069
    }, 
    {
        "accumulated_operating_revenue_yoy": 170.79251762479933, 
        "accumulated_operating_revenue": 26305584, 
        "long_term_average": 2192132, 
        "date": "2012-12-31", 
        "operating_revenue": 2116134, 
        "short_term_average": 2195444
    }, 
    {
        "accumulated_operating_revenue_yoy": 23.95821678907573, 
        "accumulated_operating_revenue": 2404213, 
        "long_term_average": 2230855, 
        "date": "2013-01-31", 
        "operating_revenue": 2404213, 
        "short_term_average": 2212351
    }, 
    {
        "accumulated_operating_revenue_yoy": 4.997751709563507, 
        "accumulated_operating_revenue": 4137722, 
        "long_term_average": 2208544, 
        "date": "2013-02-28", 
        "operating_revenue": 1733509, 
        "short_term_average": 2084618
    }, 
    {
        "accumulated_operating_revenue_yoy": -1.9256912878128314, 
        "accumulated_operating_revenue": 6054844, 
        "long_term_average": 2182224, 
        "date": "2013-03-31", 
        "operating_revenue": 1917122, 
        "short_term_average": 2018281
    }, 
    {
        "accumulated_operating_revenue_yoy": -6.379554335796773, 
        "accumulated_operating_revenue": 7940038, 
        "long_term_average": 2147044, 
        "date": "2013-04-30", 
        "operating_revenue": 1885194, 
        "short_term_average": 1845275
    }, 
    {
        "accumulated_operating_revenue_yoy": -8.460092921330457, 
        "accumulated_operating_revenue": 9843256, 
        "long_term_average": 2116322, 
        "date": "2013-05-31", 
        "operating_revenue": 1903218, 
        "short_term_average": 1901844
    }, 
    {
        "accumulated_operating_revenue_yoy": -9.1375883783628, 
        "accumulated_operating_revenue": 11791873, 
        "long_term_average": 2093311, 
        "date": "2013-06-30", 
        "operating_revenue": 1948617, 
        "short_term_average": 1912343
    }, 
    {
        "accumulated_operating_revenue_yoy": -8.385550179884344, 
        "accumulated_operating_revenue": 13827652, 
        "long_term_average": 2086660, 
        "date": "2013-07-31", 
        "operating_revenue": 2035779, 
        "short_term_average": 1962538
    }, 
    {
        "accumulated_operating_revenue_yoy": -8.462335257385842, 
        "accumulated_operating_revenue": 15754769, 
        "long_term_average": 2070759, 
        "date": "2013-08-31", 
        "operating_revenue": 1927117, 
        "short_term_average": 1970504
    }, 
    {
        "accumulated_operating_revenue_yoy": -10.134888497280576, 
        "accumulated_operating_revenue": 17720726, 
        "long_term_average": 2025588, 
        "date": "2013-09-30", 
        "operating_revenue": 1965957, 
        "short_term_average": 1976284
    }, 
    {
        "accumulated_operating_revenue_yoy": -11.231313661378652, 
        "accumulated_operating_revenue": 19593684, 
        "long_term_average": 1985543, 
        "date": "2013-10-31", 
        "operating_revenue": 1872958, 
        "short_term_average": 1922010
    }, 
    {
        "accumulated_operating_revenue_yoy": -11.000663512399, 
        "accumulated_operating_revenue": 21528450, 
        "long_term_average": 1970382, 
        "date": "2013-11-30", 
        "operating_revenue": 1934766, 
        "short_term_average": 1924560
    }, 
    {
        "accumulated_operating_revenue_yoy": -10.65906387024139, 
        "accumulated_operating_revenue": 23501655, 
        "long_term_average": 1958471, 
        "date": "2013-12-31", 
        "operating_revenue": 1973205, 
        "short_term_average": 1926976
    }, 
    {
        "accumulated_operating_revenue_yoy": -29.233807487107004, 
        "accumulated_operating_revenue": 1701370, 
        "long_term_average": 1899901, 
        "date": "2014-01-31", 
        "operating_revenue": 1701370, 
        "short_term_average": 1869780
    }, 
    {
        "accumulated_operating_revenue_yoy": -25.585309984576053, 
        "accumulated_operating_revenue": 3079073, 
        "long_term_average": 1870250, 
        "date": "2014-02-28", 
        "operating_revenue": 1377703, 
        "short_term_average": 1684092
    }, 
    {
        "accumulated_operating_revenue_yoy": -19.988871719898977, 
        "accumulated_operating_revenue": 4844549, 
        "long_term_average": 1857613, 
        "date": "2014-03-31", 
        "operating_revenue": 1765476, 
        "short_term_average": 1614849
    }, 
    {
        "accumulated_operating_revenue_yoy": -15.868513475628202, 
        "accumulated_operating_revenue": 6680072, 
        "long_term_average": 1853474, 
        "date": "2014-04-30", 
        "operating_revenue": 1835523, 
        "short_term_average": 1659567
    }, 
    {
        "accumulated_operating_revenue_yoy": -15.133295324230112, 
        "accumulated_operating_revenue": 8353647, 
        "long_term_average": 1834337, 
        "date": "2014-05-31", 
        "operating_revenue": 1673575, 
        "short_term_average": 1758191
    }, 
    {
        "accumulated_operating_revenue_yoy": -13.527647389011058, 
        "accumulated_operating_revenue": 10196710, 
        "long_term_average": 1825541, 
        "date": "2014-06-30", 
        "operating_revenue": 1843063, 
        "short_term_average": 1784053
    }, 
    {
        "accumulated_operating_revenue_yoy": -13.760506845269175, 
        "accumulated_operating_revenue": 11924897, 
        "long_term_average": 1799908, 
        "date": "2014-07-31", 
        "operating_revenue": 1728187, 
        "short_term_average": 1748275
    }, 
    {
        "accumulated_operating_revenue_yoy": -12.729961321552857, 
        "accumulated_operating_revenue": 13749193, 
        "long_term_average": 1791339, 
        "date": "2014-08-31", 
        "operating_revenue": 1824296, 
        "short_term_average": 1798515
    }, 
    {
        "accumulated_operating_revenue_yoy": -11.111931870059951, 
        "accumulated_operating_revenue": 15751611, 
        "long_term_average": 1794378, 
        "date": "2014-09-30", 
        "operating_revenue": 2002418, 
        "short_term_average": 1851633
    }, 
    {
        "accumulated_operating_revenue_yoy": -9.948578327587605, 
        "accumulated_operating_revenue": 17644391, 
        "long_term_average": 1796030, 
        "date": "2014-10-31", 
        "operating_revenue": 1892780, 
        "short_term_average": 1906498
    }, 
    {
        "accumulated_operating_revenue_yoy": -8.967463983705283, 
        "accumulated_operating_revenue": 19597894, 
        "long_term_average": 1797591, 
        "date": "2014-11-30", 
        "operating_revenue": 1953503, 
        "short_term_average": 1949567
    }, 
    {
        "accumulated_operating_revenue_yoy": -8.383511714387774, 
        "accumulated_operating_revenue": 21531391, 
        "long_term_average": 1794282, 
        "date": "2014-12-31", 
        "operating_revenue": 1933497, 
        "short_term_average": 1926593
    }, 
    {
        "accumulated_operating_revenue_yoy": 9.527851084714085, 
        "accumulated_operating_revenue": 1863474, 
        "long_term_average": 1807791, 
        "date": "2015-01-31", 
        "operating_revenue": 1863474, 
        "short_term_average": 1916824
    }, 
    {
        "accumulated_operating_revenue_yoy": 8.624251519856788, 
        "accumulated_operating_revenue": 3344620, 
        "long_term_average": 1816411, 
        "date": "2015-02-28", 
        "operating_revenue": 1481146, 
        "short_term_average": 1759372
    }, 
    {
        "accumulated_operating_revenue_yoy": 7.025710752435366, 
        "accumulated_operating_revenue": 5184913, 
        "long_term_average": 1822646, 
        "date": "2015-03-31", 
        "operating_revenue": 1840293, 
        "short_term_average": 1728304
    }, 
    {
        "accumulated_operating_revenue_yoy": 3.603748582350609, 
        "accumulated_operating_revenue": 6920805, 
        "long_term_average": 1814343, 
        "date": "2015-04-30", 
        "operating_revenue": 1735892, 
        "short_term_average": 1685777
    }, 
    {
        "accumulated_operating_revenue_yoy": 1.9488494067321733, 
        "accumulated_operating_revenue": 8516447, 
        "long_term_average": 1807849, 
        "date": "2015-05-31", 
        "operating_revenue": 1595642, 
        "short_term_average": 1723942
    }, 
    {
        "accumulated_operating_revenue_yoy": -1.1767913375981076, 
        "accumulated_operating_revenue": 10076716, 
        "long_term_average": 1784283, 
        "date": "2015-06-30", 
        "operating_revenue": 1560269, 
        "short_term_average": 1630601
    }, 
    {
        "accumulated_operating_revenue_yoy": -2.474813828580658, 
        "accumulated_operating_revenue": 11629778, 
        "long_term_average": 1769689, 
        "date": "2015-07-31", 
        "operating_revenue": 1553062, 
        "short_term_average": 1569657
    }, 
    {
        "accumulated_operating_revenue_yoy": -3.8627285252305352, 
        "accumulated_operating_revenue": 13218099, 
        "long_term_average": 1750024, 
        "date": "2015-08-31", 
        "operating_revenue": 1588321, 
        "short_term_average": 1567217
    }, 
    {
        "accumulated_operating_revenue_yoy": -5.557272840219327, 
        "accumulated_operating_revenue": 14876251, 
        "long_term_average": 1721335, 
        "date": "2015-09-30", 
        "operating_revenue": 1658152, 
        "short_term_average": 1599845
    }
]