[
    {
        "date": "2012-01-31", 
        "operating_revenue": 82878, 
        "accumulated_operating_revenue": 82878, 
        "long_term_average": 82878, 
        "short_term_average": 82878
    }, 
    {
        "date": "2012-02-29", 
        "operating_revenue": 69332, 
        "accumulated_operating_revenue": 152210, 
        "long_term_average": 76105, 
        "short_term_average": 76105
    }, 
    {
        "date": "2012-03-31", 
        "operating_revenue": 162395, 
        "accumulated_operating_revenue": 314605, 
        "long_term_average": 104868, 
        "short_term_average": 104868
    }, 
    {
        "date": "2012-04-30", 
        "operating_revenue": 144248, 
        "accumulated_operating_revenue": 458853, 
        "long_term_average": 114713, 
        "short_term_average": 125325
    }, 
    {
        "date": "2012-05-31", 
        "operating_revenue": 191663, 
        "accumulated_operating_revenue": 650516, 
        "long_term_average": 130103, 
        "short_term_average": 166102
    }, 
    {
        "date": "2012-06-30", 
        "operating_revenue": 107400, 
        "accumulated_operating_revenue": 757916, 
        "long_term_average": 126319, 
        "short_term_average": 147770
    }, 
    {
        "date": "2012-07-31", 
        "operating_revenue": 225798, 
        "accumulated_operating_revenue": 983714, 
        "long_term_average": 140530, 
        "short_term_average": 174953
    }, 
    {
        "date": "2012-08-31", 
        "operating_revenue": 156292, 
        "accumulated_operating_revenue": 1140006, 
        "long_term_average": 142500, 
        "short_term_average": 163163
    }, 
    {
        "date": "2012-09-30", 
        "operating_revenue": 182830, 
        "accumulated_operating_revenue": 1322836, 
        "long_term_average": 146981, 
        "short_term_average": 188306
    }, 
    {
        "date": "2012-10-31", 
        "operating_revenue": 205180, 
        "accumulated_operating_revenue": 1528016, 
        "long_term_average": 152801, 
        "short_term_average": 181434
    }, 
    {
        "date": "2012-11-30", 
        "operating_revenue": 224457, 
        "accumulated_operating_revenue": 1752473, 
        "long_term_average": 159315, 
        "short_term_average": 204155
    }, 
    {
        "date": "2012-12-31", 
        "operating_revenue": 159749, 
        "accumulated_operating_revenue": 1912222, 
        "long_term_average": 159351, 
        "short_term_average": 196462
    }, 
    {
        "accumulated_operating_revenue_yoy": 84.67385795989286, 
        "accumulated_operating_revenue": 153054, 
        "long_term_average": 165199, 
        "date": "2013-01-31", 
        "operating_revenue": 153054, 
        "short_term_average": 179086
    }, 
    {
        "accumulated_operating_revenue_yoy": 41.445371526180935, 
        "accumulated_operating_revenue": 215294, 
        "long_term_average": 164608, 
        "date": "2013-02-28", 
        "operating_revenue": 62240, 
        "short_term_average": 125014
    }, 
    {
        "accumulated_operating_revenue_yoy": -0.32834824621350583, 
        "accumulated_operating_revenue": 313572, 
        "long_term_average": 159265, 
        "date": "2013-03-31", 
        "operating_revenue": 98278, 
        "short_term_average": 104524
    }, 
    {
        "accumulated_operating_revenue_yoy": -9.279442435812776, 
        "accumulated_operating_revenue": 416274, 
        "long_term_average": 155803, 
        "date": "2013-04-30", 
        "operating_revenue": 102702, 
        "short_term_average": 87740
    }, 
    {
        "accumulated_operating_revenue_yoy": -23.9969501134484, 
        "accumulated_operating_revenue": 494412, 
        "long_term_average": 146343, 
        "date": "2013-05-31", 
        "operating_revenue": 78138, 
        "short_term_average": 93039
    }, 
    {
        "accumulated_operating_revenue_yoy": -23.813720781722512, 
        "accumulated_operating_revenue": 577428, 
        "long_term_average": 144311, 
        "date": "2013-06-30", 
        "operating_revenue": 83016, 
        "short_term_average": 87952
    }, 
    {
        "accumulated_operating_revenue_yoy": -30.744403353007073, 
        "accumulated_operating_revenue": 681277, 
        "long_term_average": 134148, 
        "date": "2013-07-31", 
        "operating_revenue": 103849, 
        "short_term_average": 88334
    }, 
    {
        "accumulated_operating_revenue_yoy": -30.758083729383877, 
        "accumulated_operating_revenue": 789362, 
        "long_term_average": 130131, 
        "date": "2013-08-31", 
        "operating_revenue": 108085, 
        "short_term_average": 98316
    }, 
    {
        "accumulated_operating_revenue_yoy": -32.13822423943709, 
        "accumulated_operating_revenue": 897700, 
        "long_term_average": 123923, 
        "date": "2013-09-30", 
        "operating_revenue": 108338, 
        "short_term_average": 106757
    }, 
    {
        "accumulated_operating_revenue_yoy": -33.33531847834054, 
        "accumulated_operating_revenue": 1018647, 
        "long_term_average": 116904, 
        "date": "2013-10-31", 
        "operating_revenue": 120947, 
        "short_term_average": 112456
    }, 
    {
        "accumulated_operating_revenue_yoy": -35.576125851867616, 
        "accumulated_operating_revenue": 1129011, 
        "long_term_average": 107396, 
        "date": "2013-11-30", 
        "operating_revenue": 110364, 
        "short_term_average": 113216
    }, 
    {
        "accumulated_operating_revenue_yoy": -35.195442788546515, 
        "accumulated_operating_revenue": 1239207, 
        "long_term_average": 103267, 
        "date": "2013-12-31", 
        "operating_revenue": 110196, 
        "short_term_average": 113835
    }, 
    {
        "accumulated_operating_revenue_yoy": 34.51134893566976, 
        "accumulated_operating_revenue": 205875, 
        "long_term_average": 107669, 
        "date": "2014-01-31", 
        "operating_revenue": 205875, 
        "short_term_average": 142145
    }, 
    {
        "accumulated_operating_revenue_yoy": 74.6555872434903, 
        "accumulated_operating_revenue": 376023, 
        "long_term_average": 116661, 
        "date": "2014-02-28", 
        "operating_revenue": 170148, 
        "short_term_average": 162073
    }, 
    {
        "accumulated_operating_revenue_yoy": 121.48916357327823, 
        "accumulated_operating_revenue": 694528, 
        "long_term_average": 135013, 
        "date": "2014-03-31", 
        "operating_revenue": 318505, 
        "short_term_average": 231509
    }, 
    {
        "accumulated_operating_revenue_yoy": 185.2974242926534, 
        "accumulated_operating_revenue": 1187619, 
        "long_term_average": 167546, 
        "date": "2014-04-30", 
        "operating_revenue": 493091, 
        "short_term_average": 327248
    }, 
    {
        "accumulated_operating_revenue_yoy": 219.4633220876516, 
        "accumulated_operating_revenue": 1579465, 
        "long_term_average": 193688, 
        "date": "2014-05-31", 
        "operating_revenue": 391846, 
        "short_term_average": 401147
    }, 
    {
        "accumulated_operating_revenue_yoy": 209.5695047694258, 
        "accumulated_operating_revenue": 1787541, 
        "long_term_average": 204110, 
        "date": "2014-06-30", 
        "operating_revenue": 208076, 
        "short_term_average": 364337
    }, 
    {
        "accumulated_operating_revenue_yoy": 194.98089616998666, 
        "accumulated_operating_revenue": 2009637, 
        "long_term_average": 213963, 
        "date": "2014-07-31", 
        "operating_revenue": 222096, 
        "short_term_average": 274006
    }, 
    {
        "accumulated_operating_revenue_yoy": 178.46273319465593, 
        "accumulated_operating_revenue": 2198079, 
        "long_term_average": 220660, 
        "date": "2014-08-31", 
        "operating_revenue": 188442, 
        "short_term_average": 206204
    }, 
    {
        "accumulated_operating_revenue_yoy": 172.98228806951096, 
        "accumulated_operating_revenue": 2450562, 
        "long_term_average": 232672, 
        "date": "2014-09-30", 
        "operating_revenue": 252483, 
        "short_term_average": 221007
    }, 
    {
        "accumulated_operating_revenue_yoy": 165.4830377942506, 
        "accumulated_operating_revenue": 2704335, 
        "long_term_average": 243741, 
        "date": "2014-10-31", 
        "operating_revenue": 253773, 
        "short_term_average": 231566
    }, 
    {
        "accumulated_operating_revenue_yoy": 161.06184970739878, 
        "accumulated_operating_revenue": 2947417, 
        "long_term_average": 254801, 
        "date": "2014-11-30", 
        "operating_revenue": 243082, 
        "short_term_average": 249779
    }, 
    {
        "accumulated_operating_revenue_yoy": 160.96406815003465, 
        "accumulated_operating_revenue": 3233885, 
        "long_term_average": 269490, 
        "date": "2014-12-31", 
        "operating_revenue": 286468, 
        "short_term_average": 261107
    }, 
    {
        "accumulated_operating_revenue_yoy": -30.156162720097146, 
        "accumulated_operating_revenue": 143791, 
        "long_term_average": 264316, 
        "date": "2015-01-31", 
        "operating_revenue": 143791, 
        "short_term_average": 224447
    }, 
    {
        "accumulated_operating_revenue_yoy": -6.567949300973611, 
        "accumulated_operating_revenue": 351326, 
        "long_term_average": 267432, 
        "date": "2015-02-28", 
        "operating_revenue": 207535, 
        "short_term_average": 212598
    }, 
    {
        "accumulated_operating_revenue_yoy": -26.506490739034277, 
        "accumulated_operating_revenue": 510433, 
        "long_term_average": 254149, 
        "date": "2015-03-31", 
        "operating_revenue": 159107, 
        "short_term_average": 170144
    }, 
    {
        "accumulated_operating_revenue_yoy": -39.05478103667927, 
        "accumulated_operating_revenue": 723797, 
        "long_term_average": 230838, 
        "date": "2015-04-30", 
        "operating_revenue": 213364, 
        "short_term_average": 193335
    }, 
    {
        "accumulated_operating_revenue_yoy": -40.603242237086604, 
        "accumulated_operating_revenue": 938151, 
        "long_term_average": 216047, 
        "date": "2015-05-31", 
        "operating_revenue": 214354, 
        "short_term_average": 195608
    }, 
    {
        "accumulated_operating_revenue_yoy": -37.64791968407997, 
        "accumulated_operating_revenue": 1114569, 
        "long_term_average": 213409, 
        "date": "2015-06-30", 
        "operating_revenue": 176418, 
        "short_term_average": 201378
    }, 
    {
        "accumulated_operating_revenue_yoy": -34.0392319607969, 
        "accumulated_operating_revenue": 1325572, 
        "long_term_average": 212485, 
        "date": "2015-07-31", 
        "operating_revenue": 211003, 
        "short_term_average": 200591
    }, 
    {
        "accumulated_operating_revenue_yoy": -31.617334954749126, 
        "accumulated_operating_revenue": 1503105, 
        "long_term_average": 211575, 
        "date": "2015-08-31", 
        "operating_revenue": 177533, 
        "short_term_average": 188318
    }, 
    {
        "accumulated_operating_revenue_yoy": -29.821689881749574, 
        "accumulated_operating_revenue": 1719763, 
        "long_term_average": 208590, 
        "date": "2015-09-30", 
        "operating_revenue": 216658, 
        "short_term_average": 201731
    }, 
    {
        "accumulated_operating_revenue_yoy": -28.771398513867553, 
        "accumulated_operating_revenue": 1926260, 
        "long_term_average": 204650, 
        "date": "2015-10-31", 
        "operating_revenue": 206497, 
        "short_term_average": 200229
    }
]