[
    {
        "date": "2012-01-31", 
        "operating_revenue": 77228, 
        "accumulated_operating_revenue": 77228, 
        "long_term_average": 77228, 
        "short_term_average": 77228
    }, 
    {
        "date": "2012-02-29", 
        "operating_revenue": 98559, 
        "accumulated_operating_revenue": 175787, 
        "long_term_average": 87893, 
        "short_term_average": 87893
    }, 
    {
        "date": "2012-03-31", 
        "operating_revenue": 175431, 
        "accumulated_operating_revenue": 351218, 
        "long_term_average": 117072, 
        "short_term_average": 117072
    }, 
    {
        "date": "2012-04-30", 
        "operating_revenue": 176127, 
        "accumulated_operating_revenue": 527345, 
        "long_term_average": 131836, 
        "short_term_average": 150039
    }, 
    {
        "date": "2012-05-31", 
        "operating_revenue": 217590, 
        "accumulated_operating_revenue": 744935, 
        "long_term_average": 148987, 
        "short_term_average": 189716
    }, 
    {
        "date": "2012-06-30", 
        "operating_revenue": 216585, 
        "accumulated_operating_revenue": 961520, 
        "long_term_average": 160253, 
        "short_term_average": 203434
    }, 
    {
        "date": "2012-07-31", 
        "operating_revenue": 225276, 
        "accumulated_operating_revenue": 1186796, 
        "long_term_average": 169542, 
        "short_term_average": 219817
    }, 
    {
        "date": "2012-08-31", 
        "operating_revenue": 211150, 
        "accumulated_operating_revenue": 1397946, 
        "long_term_average": 174743, 
        "short_term_average": 217670
    }, 
    {
        "date": "2012-09-30", 
        "operating_revenue": 244727, 
        "accumulated_operating_revenue": 1642673, 
        "long_term_average": 182519, 
        "short_term_average": 227051
    }, 
    {
        "date": "2012-10-31", 
        "operating_revenue": 242193, 
        "accumulated_operating_revenue": 1884866, 
        "long_term_average": 188486, 
        "short_term_average": 232690
    }, 
    {
        "date": "2012-11-30", 
        "operating_revenue": 160786, 
        "accumulated_operating_revenue": 2045652, 
        "long_term_average": 185968, 
        "short_term_average": 215902
    }, 
    {
        "date": "2012-12-31", 
        "operating_revenue": 132873, 
        "accumulated_operating_revenue": 2178525, 
        "long_term_average": 181543, 
        "short_term_average": 178617
    }, 
    {
        "accumulated_operating_revenue_yoy": 68.81830424198478, 
        "accumulated_operating_revenue": 130375, 
        "long_term_average": 185972, 
        "date": "2013-01-31", 
        "operating_revenue": 130375, 
        "short_term_average": 141344
    }, 
    {
        "accumulated_operating_revenue_yoy": 45.19276169455079, 
        "accumulated_operating_revenue": 255230, 
        "long_term_average": 188164, 
        "date": "2013-02-28", 
        "operating_revenue": 124855, 
        "short_term_average": 129367
    }, 
    {
        "accumulated_operating_revenue_yoy": 5.8166153215381895, 
        "accumulated_operating_revenue": 371647, 
        "long_term_average": 183246, 
        "date": "2013-03-31", 
        "operating_revenue": 116417, 
        "short_term_average": 123882
    }, 
    {
        "accumulated_operating_revenue_yoy": 9.188102665238127, 
        "accumulated_operating_revenue": 575798, 
        "long_term_average": 185581, 
        "date": "2013-04-30", 
        "operating_revenue": 204151, 
        "short_term_average": 148474
    }, 
    {
        "accumulated_operating_revenue_yoy": 5.394161906743541, 
        "accumulated_operating_revenue": 785118, 
        "long_term_average": 184892, 
        "date": "2013-05-31", 
        "operating_revenue": 209320, 
        "short_term_average": 176629
    }, 
    {
        "accumulated_operating_revenue_yoy": 1.243239870205508, 
        "accumulated_operating_revenue": 973474, 
        "long_term_average": 182539, 
        "date": "2013-06-30", 
        "operating_revenue": 188356, 
        "short_term_average": 200609
    }, 
    {
        "accumulated_operating_revenue_yoy": -8.34456806393011, 
        "accumulated_operating_revenue": 1087763, 
        "long_term_average": 173291, 
        "date": "2013-07-31", 
        "operating_revenue": 114289, 
        "short_term_average": 170655
    }, 
    {
        "accumulated_operating_revenue_yoy": -14.075937124896098, 
        "accumulated_operating_revenue": 1201172, 
        "long_term_average": 165145, 
        "date": "2013-08-31", 
        "operating_revenue": 113409, 
        "short_term_average": 138684
    }, 
    {
        "accumulated_operating_revenue_yoy": -20.451727154461054, 
        "accumulated_operating_revenue": 1306718, 
        "long_term_average": 153547, 
        "date": "2013-09-30", 
        "operating_revenue": 105546, 
        "short_term_average": 111081
    }, 
    {
        "accumulated_operating_revenue_yoy": -23.752139409379765, 
        "accumulated_operating_revenue": 1437170, 
        "long_term_average": 144235, 
        "date": "2013-10-31", 
        "operating_revenue": 130452, 
        "short_term_average": 116469
    }, 
    {
        "accumulated_operating_revenue_yoy": -23.042482299042067, 
        "accumulated_operating_revenue": 1574283, 
        "long_term_average": 142263, 
        "date": "2013-11-30", 
        "operating_revenue": 137113, 
        "short_term_average": 124370
    }, 
    {
        "accumulated_operating_revenue_yoy": -22.524047233793507, 
        "accumulated_operating_revenue": 1687833, 
        "long_term_average": 140652, 
        "date": "2013-12-31", 
        "operating_revenue": 113550, 
        "short_term_average": 127038
    }, 
    {
        "accumulated_operating_revenue_yoy": -25.45733461169703, 
        "accumulated_operating_revenue": 97185, 
        "long_term_average": 137886, 
        "date": "2014-01-31", 
        "operating_revenue": 97185, 
        "short_term_average": 115949
    }, 
    {
        "accumulated_operating_revenue_yoy": -39.05732084786271, 
        "accumulated_operating_revenue": 155544, 
        "long_term_average": 132345, 
        "date": "2014-02-28", 
        "operating_revenue": 58359, 
        "short_term_average": 89698
    }, 
    {
        "accumulated_operating_revenue_yoy": -26.235379271190133, 
        "accumulated_operating_revenue": 274144, 
        "long_term_average": 132527, 
        "date": "2014-03-31", 
        "operating_revenue": 118600, 
        "short_term_average": 91381
    }, 
    {
        "accumulated_operating_revenue_yoy": -27.17949697637019, 
        "accumulated_operating_revenue": 419299, 
        "long_term_average": 127611, 
        "date": "2014-04-30", 
        "operating_revenue": 145155, 
        "short_term_average": 107371
    }, 
    {
        "accumulated_operating_revenue_yoy": -36.28677472685634, 
        "accumulated_operating_revenue": 500224, 
        "long_term_average": 116911, 
        "date": "2014-05-31", 
        "operating_revenue": 80925, 
        "short_term_average": 114893
    }, 
    {
        "accumulated_operating_revenue_yoy": -37.643532338819526, 
        "accumulated_operating_revenue": 607024, 
        "long_term_average": 110115, 
        "date": "2014-06-30", 
        "operating_revenue": 106800, 
        "short_term_average": 110960
    }, 
    {
        "accumulated_operating_revenue_yoy": -35.30640406044331, 
        "accumulated_operating_revenue": 703713, 
        "long_term_average": 108648, 
        "date": "2014-07-31", 
        "operating_revenue": 96689, 
        "short_term_average": 94804
    }, 
    {
        "accumulated_operating_revenue_yoy": -35.11969975990116, 
        "accumulated_operating_revenue": 779324, 
        "long_term_average": 105498, 
        "date": "2014-08-31", 
        "operating_revenue": 75611, 
        "short_term_average": 93033
    }, 
    {
        "accumulated_operating_revenue_yoy": -31.829361805684165, 
        "accumulated_operating_revenue": 890798, 
        "long_term_average": 105992, 
        "date": "2014-09-30", 
        "operating_revenue": 111474, 
        "short_term_average": 94591
    }, 
    {
        "accumulated_operating_revenue_yoy": -30.618994273467997, 
        "accumulated_operating_revenue": 997123, 
        "long_term_average": 103982, 
        "date": "2014-10-31", 
        "operating_revenue": 106325, 
        "short_term_average": 97803
    }, 
    {
        "accumulated_operating_revenue_yoy": -31.390480618795984, 
        "accumulated_operating_revenue": 1080108, 
        "long_term_average": 99471, 
        "date": "2014-11-30", 
        "operating_revenue": 82985, 
        "short_term_average": 100261
    }, 
    {
        "accumulated_operating_revenue_yoy": -30.62163140547673, 
        "accumulated_operating_revenue": 1170991, 
        "long_term_average": 97582, 
        "date": "2014-12-31", 
        "operating_revenue": 90883, 
        "short_term_average": 93397
    }, 
    {
        "accumulated_operating_revenue_yoy": 50.17029376961465, 
        "accumulated_operating_revenue": 145943, 
        "long_term_average": 101645, 
        "date": "2015-01-31", 
        "operating_revenue": 145943, 
        "short_term_average": 106603
    }, 
    {
        "accumulated_operating_revenue_yoy": 42.57251967288999, 
        "accumulated_operating_revenue": 221763, 
        "long_term_average": 103100, 
        "date": "2015-02-28", 
        "operating_revenue": 75820, 
        "short_term_average": 104215
    }, 
    {
        "accumulated_operating_revenue_yoy": 20.034361503443446, 
        "accumulated_operating_revenue": 329067, 
        "long_term_average": 102159, 
        "date": "2015-03-31", 
        "operating_revenue": 107304, 
        "short_term_average": 109689
    }, 
    {
        "accumulated_operating_revenue_yoy": 6.620335369271093, 
        "accumulated_operating_revenue": 447058, 
        "long_term_average": 99895, 
        "date": "2015-04-30", 
        "operating_revenue": 117991, 
        "short_term_average": 100371
    }, 
    {
        "accumulated_operating_revenue_yoy": -0.18131876919140225, 
        "accumulated_operating_revenue": 499317, 
        "long_term_average": 97507, 
        "date": "2015-05-31", 
        "operating_revenue": 52259, 
        "short_term_average": 92518
    }, 
    {
        "accumulated_operating_revenue_yoy": -4.099014207016526, 
        "accumulated_operating_revenue": 582142, 
        "long_term_average": 95509, 
        "date": "2015-06-30", 
        "operating_revenue": 82825, 
        "short_term_average": 84358
    }, 
    {
        "accumulated_operating_revenue_yoy": -4.55782399927243, 
        "accumulated_operating_revenue": 671639, 
        "long_term_average": 94909, 
        "date": "2015-07-31", 
        "operating_revenue": 89497, 
        "short_term_average": 74860
    }, 
    {
        "accumulated_operating_revenue_yoy": 1.6403960355384926, 
        "accumulated_operating_revenue": 792108, 
        "long_term_average": 98647, 
        "date": "2015-08-31", 
        "operating_revenue": 120469, 
        "short_term_average": 97597
    }, 
    {
        "accumulated_operating_revenue_yoy": 3.3130967963556275, 
        "accumulated_operating_revenue": 920311, 
        "long_term_average": 100042, 
        "date": "2015-09-30", 
        "operating_revenue": 128203, 
        "short_term_average": 112723
    }
]