[
    {
        "date": "2012-01-31", 
        "operating_revenue": 227343, 
        "accumulated_operating_revenue": 227343, 
        "long_term_average": 227343, 
        "short_term_average": 227343
    }, 
    {
        "date": "2012-02-29", 
        "operating_revenue": 289037, 
        "accumulated_operating_revenue": 516380, 
        "long_term_average": 258190, 
        "short_term_average": 258190
    }, 
    {
        "date": "2012-03-31", 
        "operating_revenue": 302256, 
        "accumulated_operating_revenue": 818636, 
        "long_term_average": 272878, 
        "short_term_average": 272878
    }, 
    {
        "date": "2012-04-30", 
        "operating_revenue": 277729, 
        "accumulated_operating_revenue": 1096365, 
        "long_term_average": 274091, 
        "short_term_average": 289674
    }, 
    {
        "date": "2012-05-31", 
        "operating_revenue": 306816, 
        "accumulated_operating_revenue": 1403181, 
        "long_term_average": 280636, 
        "short_term_average": 295600
    }, 
    {
        "date": "2012-06-30", 
        "operating_revenue": 270976, 
        "accumulated_operating_revenue": 1674157, 
        "long_term_average": 279026, 
        "short_term_average": 285173
    }, 
    {
        "date": "2012-07-31", 
        "operating_revenue": 285798, 
        "accumulated_operating_revenue": 1959955, 
        "long_term_average": 279993, 
        "short_term_average": 287863
    }, 
    {
        "date": "2012-08-31", 
        "operating_revenue": 287686, 
        "accumulated_operating_revenue": 2247641, 
        "long_term_average": 280955, 
        "short_term_average": 281486
    }, 
    {
        "date": "2012-09-30", 
        "operating_revenue": 325798, 
        "accumulated_operating_revenue": 2573439, 
        "long_term_average": 285937, 
        "short_term_average": 299760
    }, 
    {
        "date": "2012-10-31", 
        "operating_revenue": 270681, 
        "accumulated_operating_revenue": 2844120, 
        "long_term_average": 284412, 
        "short_term_average": 294721
    }, 
    {
        "date": "2012-11-30", 
        "operating_revenue": 297298, 
        "accumulated_operating_revenue": 3141418, 
        "long_term_average": 285583, 
        "short_term_average": 297925
    }, 
    {
        "date": "2012-12-31", 
        "operating_revenue": 280591, 
        "accumulated_operating_revenue": 3422009, 
        "long_term_average": 285167, 
        "short_term_average": 282856
    }, 
    {
        "accumulated_operating_revenue_yoy": 21.99319970265194, 
        "accumulated_operating_revenue": 277343, 
        "long_term_average": 289334, 
        "date": "2013-01-31", 
        "operating_revenue": 277343, 
        "short_term_average": 285077
    }, 
    {
        "accumulated_operating_revenue_yoy": -5.864479646771757, 
        "accumulated_operating_revenue": 486097, 
        "long_term_average": 282643, 
        "date": "2013-02-28", 
        "operating_revenue": 208754, 
        "short_term_average": 255562
    }, 
    {
        "accumulated_operating_revenue_yoy": -6.590963505147587, 
        "accumulated_operating_revenue": 764680, 
        "long_term_average": 280671, 
        "date": "2013-03-31", 
        "operating_revenue": 278583, 
        "short_term_average": 254893
    }, 
    {
        "accumulated_operating_revenue_yoy": -4.569281215653546, 
        "accumulated_operating_revenue": 1046269, 
        "long_term_average": 280992, 
        "date": "2013-04-30", 
        "operating_revenue": 281589, 
        "short_term_average": 256308
    }, 
    {
        "accumulated_operating_revenue_yoy": -5.99523511222002, 
        "accumulated_operating_revenue": 1319057, 
        "long_term_average": 278157, 
        "date": "2013-05-31", 
        "operating_revenue": 272788, 
        "short_term_average": 277653
    }, 
    {
        "accumulated_operating_revenue_yoy": -5.711650699426637, 
        "accumulated_operating_revenue": 1578535, 
        "long_term_average": 277198, 
        "date": "2013-06-30", 
        "operating_revenue": 259478, 
        "short_term_average": 271285
    }, 
    {
        "accumulated_operating_revenue_yoy": -6.345043636205934, 
        "accumulated_operating_revenue": 1835595, 
        "long_term_average": 274804, 
        "date": "2013-07-31", 
        "operating_revenue": 257060, 
        "short_term_average": 263108
    }, 
    {
        "accumulated_operating_revenue_yoy": -6.031123297715249, 
        "accumulated_operating_revenue": 2112083, 
        "long_term_average": 273870, 
        "date": "2013-08-31", 
        "operating_revenue": 276488, 
        "short_term_average": 264342
    }, 
    {
        "accumulated_operating_revenue_yoy": -7.239650910707423, 
        "accumulated_operating_revenue": 2387131, 
        "long_term_average": 269641, 
        "date": "2013-09-30", 
        "operating_revenue": 275048, 
        "short_term_average": 269532
    }, 
    {
        "accumulated_operating_revenue_yoy": -6.636147560581129, 
        "accumulated_operating_revenue": 2655380, 
        "long_term_average": 269439, 
        "date": "2013-10-31", 
        "operating_revenue": 268249, 
        "short_term_average": 273261
    }, 
    {
        "accumulated_operating_revenue_yoy": -7.225876976575546, 
        "accumulated_operating_revenue": 2914423, 
        "long_term_average": 266251, 
        "date": "2013-11-30", 
        "operating_revenue": 259043, 
        "short_term_average": 267446
    }, 
    {
        "accumulated_operating_revenue_yoy": -7.623533427293733, 
        "accumulated_operating_revenue": 3161131, 
        "long_term_average": 263427, 
        "date": "2013-12-31", 
        "operating_revenue": 246708, 
        "short_term_average": 258000
    }, 
    {
        "accumulated_operating_revenue_yoy": -22.583948396029466, 
        "accumulated_operating_revenue": 214708, 
        "long_term_average": 258208, 
        "date": "2014-01-31", 
        "operating_revenue": 214708, 
        "short_term_average": 240153
    }, 
    {
        "accumulated_operating_revenue_yoy": -16.007504674992852, 
        "accumulated_operating_revenue": 408285, 
        "long_term_average": 256943, 
        "date": "2014-02-28", 
        "operating_revenue": 193577, 
        "short_term_average": 218331
    }, 
    {
        "accumulated_operating_revenue_yoy": -16.064628341266936, 
        "accumulated_operating_revenue": 641837, 
        "long_term_average": 253190, 
        "date": "2014-03-31", 
        "operating_revenue": 233552, 
        "short_term_average": 213945
    }, 
    {
        "accumulated_operating_revenue_yoy": -15.625713846056799, 
        "accumulated_operating_revenue": 882782, 
        "long_term_average": 249803, 
        "date": "2014-04-30", 
        "operating_revenue": 240945, 
        "short_term_average": 222691
    }, 
    {
        "accumulated_operating_revenue_yoy": -15.105109180270452, 
        "accumulated_operating_revenue": 1119812, 
        "long_term_average": 246823, 
        "date": "2014-05-31", 
        "operating_revenue": 237030, 
        "short_term_average": 237175
    }, 
    {
        "accumulated_operating_revenue_yoy": -14.110551872464026, 
        "accumulated_operating_revenue": 1355795, 
        "long_term_average": 244865, 
        "date": "2014-06-30", 
        "operating_revenue": 235983, 
        "short_term_average": 237986
    }, 
    {
        "accumulated_operating_revenue_yoy": -12.522860434899854, 
        "accumulated_operating_revenue": 1605726, 
        "long_term_average": 244271, 
        "date": "2014-07-31", 
        "operating_revenue": 249931, 
        "short_term_average": 240981
    }, 
    {
        "accumulated_operating_revenue_yoy": -11.997113749791083, 
        "accumulated_operating_revenue": 1858694, 
        "long_term_average": 242311, 
        "date": "2014-08-31", 
        "operating_revenue": 252968, 
        "short_term_average": 246294
    }, 
    {
        "accumulated_operating_revenue_yoy": -10.533565187666701, 
        "accumulated_operating_revenue": 2135681, 
        "long_term_average": 242473, 
        "date": "2014-09-30", 
        "operating_revenue": 276987, 
        "short_term_average": 259962
    }, 
    {
        "accumulated_operating_revenue_yoy": -9.492464355384163, 
        "accumulated_operating_revenue": 2403319, 
        "long_term_average": 242422, 
        "date": "2014-10-31", 
        "operating_revenue": 267638, 
        "short_term_average": 265864
    }, 
    {
        "accumulated_operating_revenue_yoy": -9.375749505133605, 
        "accumulated_operating_revenue": 2641174, 
        "long_term_average": 240656, 
        "date": "2014-11-30", 
        "operating_revenue": 237855, 
        "short_term_average": 260826
    }, 
    {
        "accumulated_operating_revenue_yoy": -8.754082004194068, 
        "accumulated_operating_revenue": 2884403, 
        "long_term_average": 240366, 
        "date": "2014-12-31", 
        "operating_revenue": 243229, 
        "short_term_average": 249574
    }, 
    {
        "accumulated_operating_revenue_yoy": 13.937999515621216, 
        "accumulated_operating_revenue": 244634, 
        "long_term_average": 242860, 
        "date": "2015-01-31", 
        "operating_revenue": 244634, 
        "short_term_average": 241906
    }, 
    {
        "accumulated_operating_revenue_yoy": -1.0580844263198501, 
        "accumulated_operating_revenue": 403965, 
        "long_term_average": 240006, 
        "date": "2015-02-28", 
        "operating_revenue": 159331, 
        "short_term_average": 215731
    }, 
    {
        "accumulated_operating_revenue_yoy": -1.6055478260056684, 
        "accumulated_operating_revenue": 631532, 
        "long_term_average": 239508, 
        "date": "2015-03-31", 
        "operating_revenue": 227567, 
        "short_term_average": 210510
    }, 
    {
        "accumulated_operating_revenue_yoy": -3.7401079768278014, 
        "accumulated_operating_revenue": 849765, 
        "long_term_average": 237615, 
        "date": "2015-04-30", 
        "operating_revenue": 218233, 
        "short_term_average": 201710
    }, 
    {
        "accumulated_operating_revenue_yoy": -4.118816372748283, 
        "accumulated_operating_revenue": 1073689, 
        "long_term_average": 236523, 
        "date": "2015-05-31", 
        "operating_revenue": 223924, 
        "short_term_average": 223241
    }, 
    {
        "accumulated_operating_revenue_yoy": -3.7344141260293777, 
        "accumulated_operating_revenue": 1305164, 
        "long_term_average": 236147, 
        "date": "2015-06-30", 
        "operating_revenue": 231475, 
        "short_term_average": 224544
    }, 
    {
        "accumulated_operating_revenue_yoy": -4.0618386947710885, 
        "accumulated_operating_revenue": 1540504, 
        "long_term_average": 234931, 
        "date": "2015-07-31", 
        "operating_revenue": 235340, 
        "short_term_average": 230246
    }, 
    {
        "accumulated_operating_revenue_yoy": -4.75559720965366, 
        "accumulated_operating_revenue": 1770302, 
        "long_term_average": 233000, 
        "date": "2015-08-31", 
        "operating_revenue": 229798, 
        "short_term_average": 232204
    }
]