[
    {
        "date": "2011-09-30", 
        "operating_revenue": 344279, 
        "accumulated_operating_revenue": 344279, 
        "long_term_average": 344279, 
        "short_term_average": 344279
    }, 
    {
        "date": "2011-10-31", 
        "operating_revenue": 321608, 
        "accumulated_operating_revenue": 665887, 
        "long_term_average": 332943, 
        "short_term_average": 332943
    }, 
    {
        "date": "2011-11-30", 
        "operating_revenue": 288009, 
        "accumulated_operating_revenue": 953896, 
        "long_term_average": 317965, 
        "short_term_average": 317965
    }, 
    {
        "date": "2011-12-31", 
        "operating_revenue": 290335, 
        "accumulated_operating_revenue": 1244231, 
        "long_term_average": 311057, 
        "short_term_average": 299984
    }, 
    {
        "date": "2012-01-31", 
        "operating_revenue": 196503, 
        "accumulated_operating_revenue": 196503, 
        "long_term_average": 288146, 
        "short_term_average": 258282
    }, 
    {
        "date": "2012-02-29", 
        "operating_revenue": 230894, 
        "accumulated_operating_revenue": 427397, 
        "long_term_average": 278604, 
        "short_term_average": 239244
    }, 
    {
        "date": "2012-03-31", 
        "operating_revenue": 279450, 
        "accumulated_operating_revenue": 706847, 
        "long_term_average": 278725, 
        "short_term_average": 235615
    }, 
    {
        "date": "2012-04-30", 
        "operating_revenue": 265895, 
        "accumulated_operating_revenue": 972742, 
        "long_term_average": 277121, 
        "short_term_average": 258746
    }, 
    {
        "date": "2012-05-31", 
        "operating_revenue": 303806, 
        "accumulated_operating_revenue": 1276548, 
        "long_term_average": 280086, 
        "short_term_average": 283050
    }, 
    {
        "date": "2012-06-30", 
        "operating_revenue": 290445, 
        "accumulated_operating_revenue": 1566993, 
        "long_term_average": 281122, 
        "short_term_average": 286715
    }, 
    {
        "date": "2012-07-31", 
        "operating_revenue": 261005, 
        "accumulated_operating_revenue": 1827998, 
        "long_term_average": 279293, 
        "short_term_average": 285085
    }, 
    {
        "date": "2012-08-31", 
        "operating_revenue": 328668, 
        "accumulated_operating_revenue": 2156666, 
        "long_term_average": 283408, 
        "short_term_average": 293372
    }, 
    {
        "accumulated_operating_revenue_yoy": 608.3670511416612, 
        "accumulated_operating_revenue": 2438759, 
        "long_term_average": 278225, 
        "date": "2012-09-30", 
        "operating_revenue": 282093, 
        "short_term_average": 290588
    }, 
    {
        "accumulated_operating_revenue_yoy": 296.27083874591335, 
        "accumulated_operating_revenue": 2638716, 
        "long_term_average": 268088, 
        "date": "2012-10-31", 
        "operating_revenue": 199957, 
        "short_term_average": 270239
    }, 
    {
        "accumulated_operating_revenue_yoy": 204.3693442471716, 
        "accumulated_operating_revenue": 2903367, 
        "long_term_average": 266141, 
        "date": "2012-11-30", 
        "operating_revenue": 264651, 
        "short_term_average": 248900
    }, 
    {
        "accumulated_operating_revenue_yoy": 157.84930611759393, 
        "accumulated_operating_revenue": 3208241, 
        "long_term_average": 267353, 
        "date": "2012-12-31", 
        "operating_revenue": 304874, 
        "short_term_average": 256494
    }, 
    {
        "accumulated_operating_revenue_yoy": 19.16561070314448, 
        "accumulated_operating_revenue": 234164, 
        "long_term_average": 270491, 
        "date": "2013-01-31", 
        "operating_revenue": 234164, 
        "short_term_average": 267896
    }, 
    {
        "accumulated_operating_revenue_yoy": 3.4305341403893803, 
        "accumulated_operating_revenue": 442059, 
        "long_term_average": 268575, 
        "date": "2013-02-28", 
        "operating_revenue": 207895, 
        "short_term_average": 248977
    }, 
    {
        "accumulated_operating_revenue_yoy": -4.750957420771398, 
        "accumulated_operating_revenue": 673265, 
        "long_term_average": 264554, 
        "date": "2013-03-31", 
        "operating_revenue": 231206, 
        "short_term_average": 224421
    }, 
    {
        "accumulated_operating_revenue_yoy": -7.361972650507534, 
        "accumulated_operating_revenue": 901129, 
        "long_term_average": 261385, 
        "date": "2013-04-30", 
        "operating_revenue": 227864, 
        "short_term_average": 222321
    }, 
    {
        "accumulated_operating_revenue_yoy": -12.155829628028087, 
        "accumulated_operating_revenue": 1121373, 
        "long_term_average": 254422, 
        "date": "2013-05-31", 
        "operating_revenue": 220244, 
        "short_term_average": 226438
    }, 
    {
        "accumulated_operating_revenue_yoy": -12.711160802888081, 
        "accumulated_operating_revenue": 1367810, 
        "long_term_average": 250754, 
        "date": "2013-06-30", 
        "operating_revenue": 246437, 
        "short_term_average": 231515
    }, 
    {
        "accumulated_operating_revenue_yoy": -13.57145904973638, 
        "accumulated_operating_revenue": 1579912, 
        "long_term_average": 246679, 
        "date": "2013-07-31", 
        "operating_revenue": 212102, 
        "short_term_average": 226261
    }, 
    {
        "accumulated_operating_revenue_yoy": -16.62399277403177, 
        "accumulated_operating_revenue": 1798142, 
        "long_term_average": 237476, 
        "date": "2013-08-31", 
        "operating_revenue": 218230, 
        "short_term_average": 225589
    }, 
    {
        "accumulated_operating_revenue_yoy": -16.03684496910109, 
        "accumulated_operating_revenue": 2047659, 
        "long_term_average": 234761, 
        "date": "2013-09-30", 
        "operating_revenue": 249517, 
        "short_term_average": 226616
    }, 
    {
        "accumulated_operating_revenue_yoy": -12.869213663008827, 
        "accumulated_operating_revenue": 2299134, 
        "long_term_average": 239054, 
        "date": "2013-10-31", 
        "operating_revenue": 251475, 
        "short_term_average": 239740
    }, 
    {
        "accumulated_operating_revenue_yoy": -11.898220238777943, 
        "accumulated_operating_revenue": 2557918, 
        "long_term_average": 238566, 
        "date": "2013-11-30", 
        "operating_revenue": 258784, 
        "short_term_average": 253258
    }, 
    {
        "accumulated_operating_revenue_yoy": -10.02792495950273, 
        "accumulated_operating_revenue": 2886521, 
        "long_term_average": 240543, 
        "date": "2013-12-31", 
        "operating_revenue": 328603, 
        "short_term_average": 279620
    }, 
    {
        "accumulated_operating_revenue_yoy": 6.538152747646948, 
        "accumulated_operating_revenue": 249474, 
        "long_term_average": 241819, 
        "date": "2014-01-31", 
        "operating_revenue": 249474, 
        "short_term_average": 278953
    }, 
    {
        "accumulated_operating_revenue_yoy": 8.906051002241783, 
        "accumulated_operating_revenue": 481429, 
        "long_term_average": 243824, 
        "date": "2014-02-28", 
        "operating_revenue": 231955, 
        "short_term_average": 270010
    }, 
    {
        "accumulated_operating_revenue_yoy": 12.628311289016954, 
        "accumulated_operating_revenue": 758287, 
        "long_term_average": 247628, 
        "date": "2014-03-31", 
        "operating_revenue": 276858, 
        "short_term_average": 252762
    }, 
    {
        "accumulated_operating_revenue_yoy": 12.120240276364427, 
        "accumulated_operating_revenue": 1010348, 
        "long_term_average": 249645, 
        "date": "2014-04-30", 
        "operating_revenue": 252061, 
        "short_term_average": 253624
    }, 
    {
        "accumulated_operating_revenue_yoy": 12.913009319824893, 
        "accumulated_operating_revenue": 1266176, 
        "long_term_average": 252610, 
        "date": "2014-05-31", 
        "operating_revenue": 255828, 
        "short_term_average": 261582
    }, 
    {
        "accumulated_operating_revenue_yoy": 14.159422726840717, 
        "accumulated_operating_revenue": 1561484, 
        "long_term_average": 256682, 
        "date": "2014-06-30", 
        "operating_revenue": 295308, 
        "short_term_average": 267732
    }, 
    {
        "accumulated_operating_revenue_yoy": 14.374281605557778, 
        "accumulated_operating_revenue": 1807013, 
        "long_term_average": 259468, 
        "date": "2014-07-31", 
        "operating_revenue": 245529, 
        "short_term_average": 265555
    }, 
    {
        "accumulated_operating_revenue_yoy": 15.000205767953812, 
        "accumulated_operating_revenue": 2067867, 
        "long_term_average": 263020, 
        "date": "2014-08-31", 
        "operating_revenue": 260854, 
        "short_term_average": 267230
    }, 
    {
        "accumulated_operating_revenue_yoy": 16.646375202121057, 
        "accumulated_operating_revenue": 2388520, 
        "long_term_average": 268948, 
        "date": "2014-09-30", 
        "operating_revenue": 320653, 
        "short_term_average": 275678
    }, 
    {
        "accumulated_operating_revenue_yoy": 17.196126889515792, 
        "accumulated_operating_revenue": 2694496, 
        "long_term_average": 273490, 
        "date": "2014-10-31", 
        "operating_revenue": 305976, 
        "short_term_average": 295827
    }, 
    {
        "accumulated_operating_revenue_yoy": 16.34825666811837, 
        "accumulated_operating_revenue": 2976093, 
        "long_term_average": 275391, 
        "date": "2014-11-30", 
        "operating_revenue": 281597, 
        "short_term_average": 302742
    }, 
    {
        "accumulated_operating_revenue_yoy": 12.383869717213212, 
        "accumulated_operating_revenue": 3243984, 
        "long_term_average": 270332, 
        "date": "2014-12-31", 
        "operating_revenue": 267891, 
        "short_term_average": 285154
    }, 
    {
        "accumulated_operating_revenue_yoy": -13.964180636058266, 
        "accumulated_operating_revenue": 214637, 
        "long_term_average": 267428, 
        "date": "2015-01-31", 
        "operating_revenue": 214637, 
        "short_term_average": 254708
    }, 
    {
        "accumulated_operating_revenue_yoy": -23.12012778623639, 
        "accumulated_operating_revenue": 370122, 
        "long_term_average": 261056, 
        "date": "2015-02-28", 
        "operating_revenue": 155485, 
        "short_term_average": 212671
    }, 
    {
        "accumulated_operating_revenue_yoy": -23.136094908655956, 
        "accumulated_operating_revenue": 582849, 
        "long_term_average": 255712, 
        "date": "2015-03-31", 
        "operating_revenue": 212727, 
        "short_term_average": 194283
    }, 
    {
        "accumulated_operating_revenue_yoy": -21.024340128351817, 
        "accumulated_operating_revenue": 797929, 
        "long_term_average": 252630, 
        "date": "2015-04-30", 
        "operating_revenue": 215080, 
        "short_term_average": 194430
    }, 
    {
        "accumulated_operating_revenue_yoy": -21.0231437019814, 
        "accumulated_operating_revenue": 999986, 
        "long_term_average": 248149, 
        "date": "2015-05-31", 
        "operating_revenue": 202057, 
        "short_term_average": 209954
    }, 
    {
        "accumulated_operating_revenue_yoy": -22.276052780560033, 
        "accumulated_operating_revenue": 1213647, 
        "long_term_average": 241345, 
        "date": "2015-06-30", 
        "operating_revenue": 213661, 
        "short_term_average": 210266
    }, 
    {
        "accumulated_operating_revenue_yoy": -22.608968502163513, 
        "accumulated_operating_revenue": 1398466, 
        "long_term_average": 236286, 
        "date": "2015-07-31", 
        "operating_revenue": 184819, 
        "short_term_average": 200179
    }, 
    {
        "accumulated_operating_revenue_yoy": -21.708697899816574, 
        "accumulated_operating_revenue": 1618960, 
        "long_term_average": 232923, 
        "date": "2015-08-31", 
        "operating_revenue": 220494, 
        "short_term_average": 206324
    }, 
    {
        "accumulated_operating_revenue_yoy": -22.145554569356758, 
        "accumulated_operating_revenue": 1859569, 
        "long_term_average": 226252, 
        "date": "2015-09-30", 
        "operating_revenue": 240609, 
        "short_term_average": 215307
    }
]