[
    {
        "date": "2011-09-30", 
        "operating_revenue": 193952, 
        "accumulated_operating_revenue": 193952, 
        "long_term_average": 193952, 
        "short_term_average": 193952
    }, 
    {
        "date": "2011-10-31", 
        "operating_revenue": 121950, 
        "accumulated_operating_revenue": 315902, 
        "long_term_average": 157951, 
        "short_term_average": 157951
    }, 
    {
        "date": "2011-11-30", 
        "operating_revenue": 124058, 
        "accumulated_operating_revenue": 439960, 
        "long_term_average": 146653, 
        "short_term_average": 146653
    }, 
    {
        "date": "2011-12-31", 
        "operating_revenue": 172174, 
        "accumulated_operating_revenue": 612134, 
        "long_term_average": 153033, 
        "short_term_average": 139394
    }, 
    {
        "date": "2012-01-31", 
        "operating_revenue": 151964, 
        "accumulated_operating_revenue": 151964, 
        "long_term_average": 152819, 
        "short_term_average": 149398
    }, 
    {
        "date": "2012-02-29", 
        "operating_revenue": 425228, 
        "accumulated_operating_revenue": 577192, 
        "long_term_average": 198221, 
        "short_term_average": 249788
    }, 
    {
        "date": "2012-03-31", 
        "operating_revenue": 120125, 
        "accumulated_operating_revenue": 697317, 
        "long_term_average": 187064, 
        "short_term_average": 232439
    }, 
    {
        "date": "2012-04-30", 
        "operating_revenue": 109857, 
        "accumulated_operating_revenue": 807174, 
        "long_term_average": 177413, 
        "short_term_average": 218403
    }, 
    {
        "date": "2012-05-31", 
        "operating_revenue": 119157, 
        "accumulated_operating_revenue": 926331, 
        "long_term_average": 170940, 
        "short_term_average": 116379
    }, 
    {
        "date": "2012-06-30", 
        "operating_revenue": 91858, 
        "accumulated_operating_revenue": 1018189, 
        "long_term_average": 163032, 
        "short_term_average": 106957
    }, 
    {
        "date": "2012-07-31", 
        "operating_revenue": 128044, 
        "accumulated_operating_revenue": 1146233, 
        "long_term_average": 159851, 
        "short_term_average": 113019
    }, 
    {
        "date": "2012-08-31", 
        "operating_revenue": 108273, 
        "accumulated_operating_revenue": 1254506, 
        "long_term_average": 155553, 
        "short_term_average": 109391
    }, 
    {
        "accumulated_operating_revenue_yoy": 596.0670681405708, 
        "accumulated_operating_revenue": 1350036, 
        "long_term_average": 147351, 
        "date": "2012-09-30", 
        "operating_revenue": 95530, 
        "short_term_average": 110615
    }, 
    {
        "accumulated_operating_revenue_yoy": 360.3209223113497, 
        "accumulated_operating_revenue": 1454163, 
        "long_term_average": 145866, 
        "date": "2012-10-31", 
        "operating_revenue": 104127, 
        "short_term_average": 102643
    }, 
    {
        "accumulated_operating_revenue_yoy": 247.78684425856895, 
        "accumulated_operating_revenue": 1530123, 
        "long_term_average": 141858, 
        "date": "2012-11-30", 
        "operating_revenue": 75960, 
        "short_term_average": 91872
    }, 
    {
        "accumulated_operating_revenue_yoy": 172.4303828900208, 
        "accumulated_operating_revenue": 1667639, 
        "long_term_average": 138969, 
        "date": "2012-12-31", 
        "operating_revenue": 137516, 
        "short_term_average": 105867
    }, 
    {
        "accumulated_operating_revenue_yoy": 202.03337632597194, 
        "accumulated_operating_revenue": 458982, 
        "long_term_average": 164554, 
        "date": "2013-01-31", 
        "operating_revenue": 458982, 
        "short_term_average": 224152
    }, 
    {
        "accumulated_operating_revenue_yoy": 41.352444247321515, 
        "accumulated_operating_revenue": 815875, 
        "long_term_average": 158860, 
        "date": "2013-02-28", 
        "operating_revenue": 356893, 
        "short_term_average": 317797
    }, 
    {
        "accumulated_operating_revenue_yoy": 32.469880986696154, 
        "accumulated_operating_revenue": 923735, 
        "long_term_average": 157838, 
        "date": "2013-03-31", 
        "operating_revenue": 107860, 
        "short_term_average": 307911
    }, 
    {
        "accumulated_operating_revenue_yoy": 23.517729758391624, 
        "accumulated_operating_revenue": 997003, 
        "long_term_average": 154789, 
        "date": "2013-04-30", 
        "operating_revenue": 73268, 
        "short_term_average": 179340
    }, 
    {
        "accumulated_operating_revenue_yoy": 15.17848371694351, 
        "accumulated_operating_revenue": 1066934, 
        "long_term_average": 150686, 
        "date": "2013-05-31", 
        "operating_revenue": 69931, 
        "short_term_average": 83686
    }, 
    {
        "accumulated_operating_revenue_yoy": 9.699476226908757, 
        "accumulated_operating_revenue": 1116948, 
        "long_term_average": 147199, 
        "date": "2013-06-30", 
        "operating_revenue": 50014, 
        "short_term_average": 64404
    }, 
    {
        "accumulated_operating_revenue_yoy": 5.493996421320971, 
        "accumulated_operating_revenue": 1209207, 
        "long_term_average": 144217, 
        "date": "2013-07-31", 
        "operating_revenue": 92259, 
        "short_term_average": 70734
    }, 
    {
        "accumulated_operating_revenue_yoy": 10.423704629551393, 
        "accumulated_operating_revenue": 1385272, 
        "long_term_average": 149867, 
        "date": "2013-08-31", 
        "operating_revenue": 176065, 
        "short_term_average": 106112
    }, 
    {
        "accumulated_operating_revenue_yoy": 13.212832842976038, 
        "accumulated_operating_revenue": 1528414, 
        "long_term_average": 153834, 
        "date": "2013-09-30", 
        "operating_revenue": 143142, 
        "short_term_average": 137155
    }, 
    {
        "accumulated_operating_revenue_yoy": 14.000975131398613, 
        "accumulated_operating_revenue": 1657760, 
        "long_term_average": 155936, 
        "date": "2013-10-31", 
        "operating_revenue": 129346, 
        "short_term_average": 149517
    }, 
    {
        "accumulated_operating_revenue_yoy": 12.409786664209348, 
        "accumulated_operating_revenue": 1720008, 
        "long_term_average": 154793, 
        "date": "2013-11-30", 
        "operating_revenue": 62248, 
        "short_term_average": 111578
    }, 
    {
        "accumulated_operating_revenue_yoy": 7.934750866344574, 
        "accumulated_operating_revenue": 1799962, 
        "long_term_average": 149996, 
        "date": "2013-12-31", 
        "operating_revenue": 79954, 
        "short_term_average": 90516
    }, 
    {
        "accumulated_operating_revenue_yoy": -10.7097881834146, 
        "accumulated_operating_revenue": 409826, 
        "long_term_average": 145900, 
        "date": "2014-01-31", 
        "operating_revenue": 409826, 
        "short_term_average": 184009
    }, 
    {
        "accumulated_operating_revenue_yoy": -4.001593381339053, 
        "accumulated_operating_revenue": 783227, 
        "long_term_average": 147276, 
        "date": "2014-02-28", 
        "operating_revenue": 373401, 
        "short_term_average": 287727
    }, 
    {
        "accumulated_operating_revenue_yoy": -3.836706414718507, 
        "accumulated_operating_revenue": 888294, 
        "long_term_average": 147043, 
        "date": "2014-03-31", 
        "operating_revenue": 105067, 
        "short_term_average": 296098
    }, 
    {
        "accumulated_operating_revenue_yoy": -5.175611307087341, 
        "accumulated_operating_revenue": 945402, 
        "long_term_average": 145696, 
        "date": "2014-04-30", 
        "operating_revenue": 57108, 
        "short_term_average": 178525
    }, 
    {
        "accumulated_operating_revenue_yoy": -7.891772124611269, 
        "accumulated_operating_revenue": 982734, 
        "long_term_average": 142980, 
        "date": "2014-05-31", 
        "operating_revenue": 37332, 
        "short_term_average": 66502
    }, 
    {
        "accumulated_operating_revenue_yoy": -3.0024674380544125, 
        "accumulated_operating_revenue": 1083412, 
        "long_term_average": 147202, 
        "date": "2014-06-30", 
        "operating_revenue": 100678, 
        "short_term_average": 65039
    }, 
    {
        "accumulated_operating_revenue_yoy": -0.19128238589422655, 
        "accumulated_operating_revenue": 1206894, 
        "long_term_average": 149804, 
        "date": "2014-07-31", 
        "operating_revenue": 123482, 
        "short_term_average": 87164
    }, 
    {
        "accumulated_operating_revenue_yoy": -6.313344960412107, 
        "accumulated_operating_revenue": 1297815, 
        "long_term_average": 142708, 
        "date": "2014-08-31", 
        "operating_revenue": 90921, 
        "short_term_average": 105027
    }, 
    {
        "accumulated_operating_revenue_yoy": -8.750246988054283, 
        "accumulated_operating_revenue": 1394674, 
        "long_term_average": 138851, 
        "date": "2014-09-30", 
        "operating_revenue": 96859, 
        "short_term_average": 103754
    }, 
    {
        "accumulated_operating_revenue_yoy": -12.147234822893543, 
        "accumulated_operating_revenue": 1456388, 
        "long_term_average": 133215, 
        "date": "2014-10-31", 
        "operating_revenue": 61714, 
        "short_term_average": 83164
    }, 
    {
        "accumulated_operating_revenue_yoy": -11.803666029460329, 
        "accumulated_operating_revenue": 1516984, 
        "long_term_average": 133078, 
        "date": "2014-11-30", 
        "operating_revenue": 60596, 
        "short_term_average": 73056
    }, 
    {
        "accumulated_operating_revenue_yoy": -12.506319577857756, 
        "accumulated_operating_revenue": 1574853, 
        "long_term_average": 131237, 
        "date": "2014-12-31", 
        "operating_revenue": 57869, 
        "short_term_average": 60059
    }, 
    {
        "accumulated_operating_revenue_yoy": -76.28261750108582, 
        "accumulated_operating_revenue": 97200, 
        "long_term_average": 105185, 
        "date": "2015-01-31", 
        "operating_revenue": 97200, 
        "short_term_average": 71888
    }, 
    {
        "accumulated_operating_revenue_yoy": -58.72295005151763, 
        "accumulated_operating_revenue": 323293, 
        "long_term_average": 92909, 
        "date": "2015-02-28", 
        "operating_revenue": 226093, 
        "short_term_average": 127054
    }, 
    {
        "accumulated_operating_revenue_yoy": -56.937567967362156, 
        "accumulated_operating_revenue": 382521, 
        "long_term_average": 89090, 
        "date": "2015-03-31", 
        "operating_revenue": 59228, 
        "short_term_average": 127507
    }, 
    {
        "accumulated_operating_revenue_yoy": -53.15072318442313, 
        "accumulated_operating_revenue": 442914, 
        "long_term_average": 89363, 
        "date": "2015-04-30", 
        "operating_revenue": 60393, 
        "short_term_average": 115238
    }, 
    {
        "accumulated_operating_revenue_yoy": -48.931043395262606, 
        "accumulated_operating_revenue": 501872, 
        "long_term_average": 91165, 
        "date": "2015-05-31", 
        "operating_revenue": 58958, 
        "short_term_average": 59526
    }, 
    {
        "accumulated_operating_revenue_yoy": -44.986764038057544, 
        "accumulated_operating_revenue": 596020, 
        "long_term_average": 90621, 
        "date": "2015-06-30", 
        "operating_revenue": 94148, 
        "short_term_average": 71166
    }, 
    {
        "accumulated_operating_revenue_yoy": -42.878330657041964, 
        "accumulated_operating_revenue": 689398, 
        "long_term_average": 88113, 
        "date": "2015-07-31", 
        "operating_revenue": 93378, 
        "short_term_average": 82161
    }, 
    {
        "accumulated_operating_revenue_yoy": -43.82928229370134, 
        "accumulated_operating_revenue": 728992, 
        "long_term_average": 83835, 
        "date": "2015-08-31", 
        "operating_revenue": 39594, 
        "short_term_average": 75706
    }, 
    {
        "accumulated_operating_revenue_yoy": -44.97767937166678, 
        "accumulated_operating_revenue": 767382, 
        "long_term_average": 78963, 
        "date": "2015-09-30", 
        "operating_revenue": 38390, 
        "short_term_average": 57120
    }
]