[
    {
        "date": "2011-09-30", 
        "operating_revenue": 366187, 
        "accumulated_operating_revenue": 366187, 
        "long_term_average": 366187, 
        "short_term_average": 366187
    }, 
    {
        "date": "2011-10-31", 
        "operating_revenue": 286609, 
        "accumulated_operating_revenue": 652796, 
        "long_term_average": 326398, 
        "short_term_average": 326398
    }, 
    {
        "date": "2011-11-30", 
        "operating_revenue": 309613, 
        "accumulated_operating_revenue": 962409, 
        "long_term_average": 320803, 
        "short_term_average": 320803
    }, 
    {
        "date": "2011-12-31", 
        "operating_revenue": 298985, 
        "accumulated_operating_revenue": 1261394, 
        "long_term_average": 315348, 
        "short_term_average": 298402
    }, 
    {
        "date": "2012-01-31", 
        "operating_revenue": 286273, 
        "accumulated_operating_revenue": 286273, 
        "long_term_average": 309533, 
        "short_term_average": 298290
    }, 
    {
        "date": "2012-02-29", 
        "operating_revenue": 296513, 
        "accumulated_operating_revenue": 582786, 
        "long_term_average": 307363, 
        "short_term_average": 293923
    }, 
    {
        "date": "2012-03-31", 
        "operating_revenue": 396452, 
        "accumulated_operating_revenue": 979238, 
        "long_term_average": 320090, 
        "short_term_average": 326412
    }, 
    {
        "date": "2012-04-30", 
        "operating_revenue": 300397, 
        "accumulated_operating_revenue": 1279635, 
        "long_term_average": 317628, 
        "short_term_average": 331120
    }, 
    {
        "date": "2012-05-31", 
        "operating_revenue": 316779, 
        "accumulated_operating_revenue": 1596414, 
        "long_term_average": 317534, 
        "short_term_average": 337876
    }, 
    {
        "date": "2012-06-30", 
        "operating_revenue": 353376, 
        "accumulated_operating_revenue": 1949790, 
        "long_term_average": 321118, 
        "short_term_average": 323517
    }, 
    {
        "date": "2012-07-31", 
        "operating_revenue": 304549, 
        "accumulated_operating_revenue": 2254339, 
        "long_term_average": 319612, 
        "short_term_average": 324901
    }, 
    {
        "date": "2012-08-31", 
        "operating_revenue": 348094, 
        "accumulated_operating_revenue": 2602433, 
        "long_term_average": 321985, 
        "short_term_average": 335339
    }, 
    {
        "accumulated_operating_revenue_yoy": 699.149068645255, 
        "accumulated_operating_revenue": 2926380, 
        "long_term_average": 318465, 
        "date": "2012-09-30", 
        "operating_revenue": 323947, 
        "short_term_average": 325530
    }, 
    {
        "accumulated_operating_revenue_yoy": 401.74985753589175, 
        "accumulated_operating_revenue": 3275403, 
        "long_term_average": 323666, 
        "date": "2012-10-31", 
        "operating_revenue": 349023, 
        "short_term_average": 340354
    }, 
    {
        "accumulated_operating_revenue_yoy": 276.7324495095121, 
        "accumulated_operating_revenue": 3625707, 
        "long_term_average": 327057, 
        "date": "2012-11-30", 
        "operating_revenue": 350304, 
        "short_term_average": 341091
    }, 
    {
        "accumulated_operating_revenue_yoy": 215.71642167316475, 
        "accumulated_operating_revenue": 3982428, 
        "long_term_average": 331869, 
        "date": "2012-12-31", 
        "operating_revenue": 356721, 
        "short_term_average": 352016
    }, 
    {
        "accumulated_operating_revenue_yoy": 22.47225550436122, 
        "accumulated_operating_revenue": 350605, 
        "long_term_average": 337230, 
        "date": "2013-01-31", 
        "operating_revenue": 350605, 
        "short_term_average": 352543
    }, 
    {
        "accumulated_operating_revenue_yoy": -3.6617214552168376, 
        "accumulated_operating_revenue": 561446, 
        "long_term_average": 330090, 
        "date": "2013-02-28", 
        "operating_revenue": 210841, 
        "short_term_average": 306055
    }, 
    {
        "accumulated_operating_revenue_yoy": -13.02931463035544, 
        "accumulated_operating_revenue": 851650, 
        "long_term_average": 321236, 
        "date": "2013-03-31", 
        "operating_revenue": 290204, 
        "short_term_average": 283883
    }, 
    {
        "accumulated_operating_revenue_yoy": -12.517241244573649, 
        "accumulated_operating_revenue": 1119460, 
        "long_term_average": 318521, 
        "date": "2013-04-30", 
        "operating_revenue": 267810, 
        "short_term_average": 256285
    }, 
    {
        "accumulated_operating_revenue_yoy": -6.984529075791117, 
        "accumulated_operating_revenue": 1484912, 
        "long_term_average": 322577, 
        "date": "2013-05-31", 
        "operating_revenue": 365452, 
        "short_term_average": 307822
    }, 
    {
        "accumulated_operating_revenue_yoy": -7.513680960513697, 
        "accumulated_operating_revenue": 1803289, 
        "long_term_average": 319660, 
        "date": "2013-06-30", 
        "operating_revenue": 318377, 
        "short_term_average": 317213
    }, 
    {
        "accumulated_operating_revenue_yoy": -5.179300894852106, 
        "accumulated_operating_revenue": 2137580, 
        "long_term_average": 322139, 
        "date": "2013-07-31", 
        "operating_revenue": 334291, 
        "short_term_average": 339373
    }, 
    {
        "accumulated_operating_revenue_yoy": -5.4035973260406704, 
        "accumulated_operating_revenue": 2461808, 
        "long_term_average": 320150, 
        "date": "2013-08-31", 
        "operating_revenue": 324228, 
        "short_term_average": 325632
    }, 
    {
        "accumulated_operating_revenue_yoy": -5.064277366575769, 
        "accumulated_operating_revenue": 2778180, 
        "long_term_average": 319519, 
        "date": "2013-09-30", 
        "operating_revenue": 316372, 
        "short_term_average": 324963
    }, 
    {
        "accumulated_operating_revenue_yoy": -5.638787043914902, 
        "accumulated_operating_revenue": 3090710, 
        "long_term_average": 316477, 
        "date": "2013-10-31", 
        "operating_revenue": 312530, 
        "short_term_average": 317710
    }, 
    {
        "accumulated_operating_revenue_yoy": -7.266748250754956, 
        "accumulated_operating_revenue": 3362236, 
        "long_term_average": 309913, 
        "date": "2013-11-30", 
        "operating_revenue": 271526, 
        "short_term_average": 300142
    }, 
    {
        "accumulated_operating_revenue_yoy": -6.475848402030119, 
        "accumulated_operating_revenue": 3724532, 
        "long_term_average": 310377, 
        "date": "2013-12-31", 
        "operating_revenue": 362296, 
        "short_term_average": 315450
    }, 
    {
        "accumulated_operating_revenue_yoy": -4.664508492463028, 
        "accumulated_operating_revenue": 334251, 
        "long_term_average": 309014, 
        "date": "2014-01-31", 
        "operating_revenue": 334251, 
        "short_term_average": 322691
    }, 
    {
        "accumulated_operating_revenue_yoy": 4.425180694136213, 
        "accumulated_operating_revenue": 586291, 
        "long_term_average": 312448, 
        "date": "2014-02-28", 
        "operating_revenue": 252040, 
        "short_term_average": 316195
    }, 
    {
        "accumulated_operating_revenue_yoy": 13.830446779780425, 
        "accumulated_operating_revenue": 969437, 
        "long_term_average": 320193, 
        "date": "2014-03-31", 
        "operating_revenue": 383146, 
        "short_term_average": 323145
    }, 
    {
        "accumulated_operating_revenue_yoy": 22.414825004913084, 
        "accumulated_operating_revenue": 1370385, 
        "long_term_average": 331288, 
        "date": "2014-04-30", 
        "operating_revenue": 400948, 
        "short_term_average": 345378
    }, 
    {
        "accumulated_operating_revenue_yoy": 18.434762464038272, 
        "accumulated_operating_revenue": 1758652, 
        "long_term_average": 333189, 
        "date": "2014-05-31", 
        "operating_revenue": 388267, 
        "short_term_average": 390787
    }, 
    {
        "accumulated_operating_revenue_yoy": 18.6862449668356, 
        "accumulated_operating_revenue": 2140256, 
        "long_term_average": 338458, 
        "date": "2014-06-30", 
        "operating_revenue": 381604, 
        "short_term_average": 390273
    }, 
    {
        "accumulated_operating_revenue_yoy": 17.51181242339468, 
        "accumulated_operating_revenue": 2511909, 
        "long_term_average": 341571, 
        "date": "2014-07-31", 
        "operating_revenue": 371653, 
        "short_term_average": 380508
    }, 
    {
        "accumulated_operating_revenue_yoy": 14.639931302522374, 
        "accumulated_operating_revenue": 2822215, 
        "long_term_average": 340411, 
        "date": "2014-08-31", 
        "operating_revenue": 310306, 
        "short_term_average": 354521
    }, 
    {
        "accumulated_operating_revenue_yoy": 16.485936836346095, 
        "accumulated_operating_revenue": 3236189, 
        "long_term_average": 348545, 
        "date": "2014-09-30", 
        "operating_revenue": 413974, 
        "short_term_average": 365311
    }, 
    {
        "accumulated_operating_revenue_yoy": 17.345723150991198, 
        "accumulated_operating_revenue": 3626816, 
        "long_term_average": 355053, 
        "date": "2014-10-31", 
        "operating_revenue": 390627, 
        "short_term_average": 371635
    }, 
    {
        "accumulated_operating_revenue_yoy": 18.641017465757905, 
        "accumulated_operating_revenue": 3988991, 
        "long_term_average": 362607, 
        "date": "2014-11-30", 
        "operating_revenue": 362175, 
        "short_term_average": 388925
    }, 
    {
        "accumulated_operating_revenue_yoy": 20.429385490579758, 
        "accumulated_operating_revenue": 4485431, 
        "long_term_average": 373785, 
        "date": "2014-12-31", 
        "operating_revenue": 496440, 
        "short_term_average": 416414
    }, 
    {
        "accumulated_operating_revenue_yoy": 14.00474493718792, 
        "accumulated_operating_revenue": 381062, 
        "long_term_average": 377686, 
        "date": "2015-01-31", 
        "operating_revenue": 381062, 
        "short_term_average": 413225
    }, 
    {
        "accumulated_operating_revenue_yoy": 5.15358414166344, 
        "accumulated_operating_revenue": 616506, 
        "long_term_average": 376303, 
        "date": "2015-02-28", 
        "operating_revenue": 235444, 
        "short_term_average": 370982
    }, 
    {
        "accumulated_operating_revenue_yoy": 4.893252475405829, 
        "accumulated_operating_revenue": 1016874, 
        "long_term_average": 377739, 
        "date": "2015-03-31", 
        "operating_revenue": 400368, 
        "short_term_average": 338958
    }, 
    {
        "accumulated_operating_revenue_yoy": -0.47023281778478315, 
        "accumulated_operating_revenue": 1363941, 
        "long_term_average": 373248, 
        "date": "2015-04-30", 
        "operating_revenue": 347067, 
        "short_term_average": 327626
    }, 
    {
        "accumulated_operating_revenue_yoy": -0.28209105610433444, 
        "accumulated_operating_revenue": 1753691, 
        "long_term_average": 373372, 
        "date": "2015-05-31", 
        "operating_revenue": 389750, 
        "short_term_average": 379061
    }, 
    {
        "accumulated_operating_revenue_yoy": -3.007070182258571, 
        "accumulated_operating_revenue": 2075897, 
        "long_term_average": 368422, 
        "date": "2015-06-30", 
        "operating_revenue": 322206, 
        "short_term_average": 353007
    }, 
    {
        "accumulated_operating_revenue_yoy": -3.565415785364836, 
        "accumulated_operating_revenue": 2422349, 
        "long_term_average": 366322, 
        "date": "2015-07-31", 
        "operating_revenue": 346452, 
        "short_term_average": 352802
    }, 
    {
        "accumulated_operating_revenue_yoy": -0.7366908616104726, 
        "accumulated_operating_revenue": 2801424, 
        "long_term_average": 372053, 
        "date": "2015-08-31", 
        "operating_revenue": 379075, 
        "short_term_average": 349244
    }
]