[
    {
        "date": "2012-01-31", 
        "operating_revenue": 1532385, 
        "accumulated_operating_revenue": 1532385, 
        "long_term_average": 1532385, 
        "short_term_average": 1532385
    }, 
    {
        "date": "2012-02-29", 
        "operating_revenue": 1638533, 
        "accumulated_operating_revenue": 3170918, 
        "long_term_average": 1585459, 
        "short_term_average": 1585459
    }, 
    {
        "date": "2012-03-31", 
        "operating_revenue": 1938499, 
        "accumulated_operating_revenue": 5109417, 
        "long_term_average": 1703139, 
        "short_term_average": 1703139
    }, 
    {
        "date": "2012-04-30", 
        "operating_revenue": 1956117, 
        "accumulated_operating_revenue": 7065534, 
        "long_term_average": 1766383, 
        "short_term_average": 1844383
    }, 
    {
        "date": "2012-05-31", 
        "operating_revenue": 1947473, 
        "accumulated_operating_revenue": 9013007, 
        "long_term_average": 1802601, 
        "short_term_average": 1947363
    }, 
    {
        "date": "2012-06-30", 
        "operating_revenue": 1705584, 
        "accumulated_operating_revenue": 10718591, 
        "long_term_average": 1786431, 
        "short_term_average": 1869724
    }, 
    {
        "date": "2012-07-31", 
        "operating_revenue": 1842104, 
        "accumulated_operating_revenue": 12560695, 
        "long_term_average": 1794385, 
        "short_term_average": 1831720
    }, 
    {
        "date": "2012-08-31", 
        "operating_revenue": 1995808, 
        "accumulated_operating_revenue": 14556503, 
        "long_term_average": 1819562, 
        "short_term_average": 1847832
    }, 
    {
        "date": "2012-09-30", 
        "operating_revenue": 2081181, 
        "accumulated_operating_revenue": 16637684, 
        "long_term_average": 1848631, 
        "short_term_average": 1973031
    }, 
    {
        "date": "2012-10-31", 
        "operating_revenue": 2031039, 
        "accumulated_operating_revenue": 18668723, 
        "long_term_average": 1866872, 
        "short_term_average": 2036009
    }, 
    {
        "date": "2012-11-30", 
        "operating_revenue": 1794988, 
        "accumulated_operating_revenue": 20463711, 
        "long_term_average": 1860337, 
        "short_term_average": 1969069
    }, 
    {
        "date": "2012-12-31", 
        "operating_revenue": 1633443, 
        "accumulated_operating_revenue": 22097154, 
        "long_term_average": 1841429, 
        "short_term_average": 1819823
    }, 
    {
        "accumulated_operating_revenue_yoy": 15.634713208495254, 
        "accumulated_operating_revenue": 1771969, 
        "long_term_average": 1861394, 
        "date": "2013-01-31", 
        "operating_revenue": 1771969, 
        "short_term_average": 1733466
    }, 
    {
        "accumulated_operating_revenue_yoy": -0.9224142661525779, 
        "accumulated_operating_revenue": 3141669, 
        "long_term_average": 1838992, 
        "date": "2013-02-28", 
        "operating_revenue": 1369700, 
        "short_term_average": 1591704
    }, 
    {
        "accumulated_operating_revenue_yoy": -4.497186273893871, 
        "accumulated_operating_revenue": 4879637, 
        "long_term_average": 1822281, 
        "date": "2013-03-31", 
        "operating_revenue": 1737968, 
        "short_term_average": 1626545
    }, 
    {
        "accumulated_operating_revenue_yoy": -6.544728254085254, 
        "accumulated_operating_revenue": 6603114, 
        "long_term_average": 1802894, 
        "date": "2013-04-30", 
        "operating_revenue": 1723477, 
        "short_term_average": 1610381
    }, 
    {
        "accumulated_operating_revenue_yoy": -7.772289536666286, 
        "accumulated_operating_revenue": 8312490, 
        "long_term_average": 1783053, 
        "date": "2013-05-31", 
        "operating_revenue": 1709376, 
        "short_term_average": 1723607
    }, 
    {
        "accumulated_operating_revenue_yoy": -8.020028005546624, 
        "accumulated_operating_revenue": 9858957, 
        "long_term_average": 1769793, 
        "date": "2013-06-30", 
        "operating_revenue": 1546467, 
        "short_term_average": 1659773
    }, 
    {
        "accumulated_operating_revenue_yoy": -7.339514254585435, 
        "accumulated_operating_revenue": 11638801, 
        "long_term_average": 1764605, 
        "date": "2013-07-31", 
        "operating_revenue": 1779844, 
        "short_term_average": 1678562
    }, 
    {
        "accumulated_operating_revenue_yoy": -7.620820742454421, 
        "accumulated_operating_revenue": 13447178, 
        "long_term_average": 1748985, 
        "date": "2013-08-31", 
        "operating_revenue": 1808377, 
        "short_term_average": 1711562
    }, 
    {
        "accumulated_operating_revenue_yoy": -7.4055439446980715, 
        "accumulated_operating_revenue": 15405573, 
        "long_term_average": 1738753, 
        "date": "2013-09-30", 
        "operating_revenue": 1958395, 
        "short_term_average": 1848872
    }, 
    {
        "accumulated_operating_revenue_yoy": -7.932315456177694, 
        "accumulated_operating_revenue": 17187861, 
        "long_term_average": 1718024, 
        "date": "2013-10-31", 
        "operating_revenue": 1782288, 
        "short_term_average": 1849686
    }, 
    {
        "accumulated_operating_revenue_yoy": -7.231821246889189, 
        "accumulated_operating_revenue": 18983812, 
        "long_term_average": 1718104, 
        "date": "2013-11-30", 
        "operating_revenue": 1795951, 
        "short_term_average": 1845544
    }, 
    {
        "accumulated_operating_revenue_yoy": -5.744993224014278, 
        "accumulated_operating_revenue": 20827674, 
        "long_term_average": 1735639, 
        "date": "2013-12-31", 
        "operating_revenue": 1843862, 
        "short_term_average": 1807367
    }, 
    {
        "accumulated_operating_revenue_yoy": 5.738700846346634, 
        "accumulated_operating_revenue": 1873657, 
        "long_term_average": 1744113, 
        "date": "2014-01-31", 
        "operating_revenue": 1873657, 
        "short_term_average": 1837823
    }, 
    {
        "accumulated_operating_revenue_yoy": 10.645488114756837, 
        "accumulated_operating_revenue": 3476115, 
        "long_term_average": 1763510, 
        "date": "2014-02-28", 
        "operating_revenue": 1602458, 
        "short_term_average": 1773325
    }, 
    {
        "accumulated_operating_revenue_yoy": 11.615700102282199, 
        "accumulated_operating_revenue": 5446441, 
        "long_term_average": 1782873, 
        "date": "2014-03-31", 
        "operating_revenue": 1970326, 
        "short_term_average": 1815480
    }, 
    {
        "accumulated_operating_revenue_yoy": 14.319304497847533, 
        "accumulated_operating_revenue": 7548634, 
        "long_term_average": 1814432, 
        "date": "2014-04-30", 
        "operating_revenue": 2102193, 
        "short_term_average": 1891659
    }, 
    {
        "accumulated_operating_revenue_yoy": 15.644590249131127, 
        "accumulated_operating_revenue": 9612945, 
        "long_term_average": 1844010, 
        "date": "2014-05-31", 
        "operating_revenue": 2064311, 
        "short_term_average": 2045610
    }, 
    {
        "accumulated_operating_revenue_yoy": 15.985271058591694, 
        "accumulated_operating_revenue": 11434938, 
        "long_term_average": 1866971, 
        "date": "2014-06-30", 
        "operating_revenue": 1821993, 
        "short_term_average": 1996165
    }, 
    {
        "accumulated_operating_revenue_yoy": 16.145125258177366, 
        "accumulated_operating_revenue": 13517900, 
        "long_term_average": 1892231, 
        "date": "2014-07-31", 
        "operating_revenue": 2082962, 
        "short_term_average": 1989755
    }, 
    {
        "accumulated_operating_revenue_yoy": 16.262661206685895, 
        "accumulated_operating_revenue": 15634047, 
        "long_term_average": 1917878, 
        "date": "2014-08-31", 
        "operating_revenue": 2116147, 
        "short_term_average": 2007034
    }, 
    {
        "accumulated_operating_revenue_yoy": 15.84469464394476, 
        "accumulated_operating_revenue": 17846539, 
        "long_term_average": 1939053, 
        "date": "2014-09-30", 
        "operating_revenue": 2212492, 
        "short_term_average": 2137200
    }, 
    {
        "accumulated_operating_revenue_yoy": 16.482103270441854, 
        "accumulated_operating_revenue": 20020782, 
        "long_term_average": 1971716, 
        "date": "2014-10-31", 
        "operating_revenue": 2174243, 
        "short_term_average": 2167627
    }, 
    {
        "accumulated_operating_revenue_yoy": 16.325767448603052, 
        "accumulated_operating_revenue": 22083065, 
        "long_term_average": 1993910, 
        "date": "2014-11-30", 
        "operating_revenue": 2062283, 
        "short_term_average": 2149672
    }, 
    {
        "accumulated_operating_revenue_yoy": 14.768696686917608, 
        "accumulated_operating_revenue": 23903650, 
        "long_term_average": 1991970, 
        "date": "2014-12-31", 
        "operating_revenue": 1820585, 
        "short_term_average": 2019037
    }, 
    {
        "accumulated_operating_revenue_yoy": 16.85356498014311, 
        "accumulated_operating_revenue": 2189435, 
        "long_term_average": 2018285, 
        "date": "2015-01-31", 
        "operating_revenue": 2189435, 
        "short_term_average": 2024101
    }, 
    {
        "accumulated_operating_revenue_yoy": 8.241125509368937, 
        "accumulated_operating_revenue": 3762586, 
        "long_term_average": 2015843, 
        "date": "2015-02-28", 
        "operating_revenue": 1573151, 
        "short_term_average": 1861057
    }, 
    {
        "accumulated_operating_revenue_yoy": 4.728206915304875, 
        "accumulated_operating_revenue": 5703960, 
        "long_term_average": 2013430, 
        "date": "2015-03-31", 
        "operating_revenue": 1941374, 
        "short_term_average": 1901320
    }, 
    {
        "accumulated_operating_revenue_yoy": 0.4474981831149848, 
        "accumulated_operating_revenue": 7582414, 
        "long_term_average": 1994785, 
        "date": "2015-04-30", 
        "operating_revenue": 1878454, 
        "short_term_average": 1797659
    }, 
    {
        "accumulated_operating_revenue_yoy": -3.621564463335637, 
        "accumulated_operating_revenue": 9264806, 
        "long_term_average": 1962959, 
        "date": "2015-05-31", 
        "operating_revenue": 1682392, 
        "short_term_average": 1834073
    }, 
    {
        "accumulated_operating_revenue_yoy": -4.42509613956805, 
        "accumulated_operating_revenue": 10928931, 
        "long_term_average": 1949803, 
        "date": "2015-06-30", 
        "operating_revenue": 1664125, 
        "short_term_average": 1741657
    }, 
    {
        "accumulated_operating_revenue_yoy": -5.381346215018605, 
        "accumulated_operating_revenue": 12790455, 
        "long_term_average": 1931350, 
        "date": "2015-07-31", 
        "operating_revenue": 1861524, 
        "short_term_average": 1736013
    }, 
    {
        "accumulated_operating_revenue_yoy": -5.148577332535844, 
        "accumulated_operating_revenue": 14829116, 
        "long_term_average": 1924893, 
        "date": "2015-08-31", 
        "operating_revenue": 2038661, 
        "short_term_average": 1854770
    }, 
    {
        "accumulated_operating_revenue_yoy": -4.87288319600792, 
        "accumulated_operating_revenue": 16976898, 
        "long_term_average": 1919500, 
        "date": "2015-09-30", 
        "operating_revenue": 2147782, 
        "short_term_average": 2015989
    }
]