[
    {
        "date": "2012-01-31", 
        "operating_revenue": 1312872, 
        "accumulated_operating_revenue": 1312872, 
        "long_term_average": 1312872, 
        "short_term_average": 1312872
    }, 
    {
        "date": "2012-02-29", 
        "operating_revenue": 1227442, 
        "accumulated_operating_revenue": 2540314, 
        "long_term_average": 1270157, 
        "short_term_average": 1270157
    }, 
    {
        "date": "2012-03-31", 
        "operating_revenue": 1309858, 
        "accumulated_operating_revenue": 3850172, 
        "long_term_average": 1283390, 
        "short_term_average": 1283390
    }, 
    {
        "date": "2012-04-30", 
        "operating_revenue": 1385739, 
        "accumulated_operating_revenue": 5235911, 
        "long_term_average": 1308977, 
        "short_term_average": 1307679
    }, 
    {
        "date": "2012-05-31", 
        "operating_revenue": 1197853, 
        "accumulated_operating_revenue": 6433764, 
        "long_term_average": 1286752, 
        "short_term_average": 1297816
    }, 
    {
        "date": "2012-06-30", 
        "operating_revenue": 791013, 
        "accumulated_operating_revenue": 7224777, 
        "long_term_average": 1204129, 
        "short_term_average": 1124868
    }, 
    {
        "date": "2012-07-31", 
        "operating_revenue": 1223547, 
        "accumulated_operating_revenue": 8448324, 
        "long_term_average": 1206903, 
        "short_term_average": 1070804
    }, 
    {
        "date": "2012-08-31", 
        "operating_revenue": 1169290, 
        "accumulated_operating_revenue": 9617614, 
        "long_term_average": 1202201, 
        "short_term_average": 1061283
    }, 
    {
        "date": "2012-09-30", 
        "operating_revenue": 1210532, 
        "accumulated_operating_revenue": 10828146, 
        "long_term_average": 1203127, 
        "short_term_average": 1201123
    }, 
    {
        "date": "2012-10-31", 
        "operating_revenue": 1372225, 
        "accumulated_operating_revenue": 12200371, 
        "long_term_average": 1220037, 
        "short_term_average": 1250682
    }, 
    {
        "date": "2012-11-30", 
        "operating_revenue": 1437706, 
        "accumulated_operating_revenue": 13638077, 
        "long_term_average": 1239825, 
        "short_term_average": 1340154
    }, 
    {
        "date": "2012-12-31", 
        "operating_revenue": 1274675, 
        "accumulated_operating_revenue": 14912752, 
        "long_term_average": 1242729, 
        "short_term_average": 1361535
    }, 
    {
        "accumulated_operating_revenue_yoy": 12.41438617016739, 
        "accumulated_operating_revenue": 1475857, 
        "long_term_average": 1256311, 
        "date": "2013-01-31", 
        "operating_revenue": 1475857, 
        "short_term_average": 1396079
    }, 
    {
        "accumulated_operating_revenue_yoy": 13.145225354031037, 
        "accumulated_operating_revenue": 2874244, 
        "long_term_average": 1270556, 
        "date": "2013-02-28", 
        "operating_revenue": 1398387, 
        "short_term_average": 1382973
    }, 
    {
        "accumulated_operating_revenue_yoy": 14.442289850946919, 
        "accumulated_operating_revenue": 4406225, 
        "long_term_average": 1289067, 
        "date": "2013-03-31", 
        "operating_revenue": 1531981, 
        "short_term_average": 1468741
    }, 
    {
        "accumulated_operating_revenue_yoy": 16.22132232576146, 
        "accumulated_operating_revenue": 6085245, 
        "long_term_average": 1313507, 
        "date": "2013-04-30", 
        "operating_revenue": 1679020, 
        "short_term_average": 1536462
    }, 
    {
        "accumulated_operating_revenue_yoy": 20.4768623779175, 
        "accumulated_operating_revenue": 7751197, 
        "long_term_average": 1352515, 
        "date": "2013-05-31", 
        "operating_revenue": 1665952, 
        "short_term_average": 1625651
    }, 
    {
        "accumulated_operating_revenue_yoy": 30.59917281875967, 
        "accumulated_operating_revenue": 9435499, 
        "long_term_average": 1426956, 
        "date": "2013-06-30", 
        "operating_revenue": 1684302, 
        "short_term_average": 1676424
    }, 
    {
        "accumulated_operating_revenue_yoy": 29.829383910939022, 
        "accumulated_operating_revenue": 10968407, 
        "long_term_average": 1452736, 
        "date": "2013-07-31", 
        "operating_revenue": 1532908, 
        "short_term_average": 1627720
    }, 
    {
        "accumulated_operating_revenue_yoy": 29.452585641303553, 
        "accumulated_operating_revenue": 12450250, 
        "long_term_average": 1478782, 
        "date": "2013-08-31", 
        "operating_revenue": 1481843, 
        "short_term_average": 1566351
    }, 
    {
        "accumulated_operating_revenue_yoy": 28.323500625130098, 
        "accumulated_operating_revenue": 13895056, 
        "long_term_average": 1498305, 
        "date": "2013-09-30", 
        "operating_revenue": 1444806, 
        "short_term_average": 1486519
    }, 
    {
        "accumulated_operating_revenue_yoy": 24.991699022923157, 
        "accumulated_operating_revenue": 15249451, 
        "long_term_average": 1496819, 
        "date": "2013-10-31", 
        "operating_revenue": 1354395, 
        "short_term_average": 1427014
    }, 
    {
        "accumulated_operating_revenue_yoy": 21.53489821182268, 
        "accumulated_operating_revenue": 16575023, 
        "long_term_average": 1487474, 
        "date": "2013-11-30", 
        "operating_revenue": 1325572, 
        "short_term_average": 1374924
    }, 
    {
        "accumulated_operating_revenue_yoy": 21.14375669896475, 
        "accumulated_operating_revenue": 18065868, 
        "long_term_average": 1505489, 
        "date": "2013-12-31", 
        "operating_revenue": 1490845, 
        "short_term_average": 1390270
    }, 
    {
        "accumulated_operating_revenue_yoy": -4.147014243249854, 
        "accumulated_operating_revenue": 1414653, 
        "long_term_average": 1500388, 
        "date": "2014-01-31", 
        "operating_revenue": 1414653, 
        "short_term_average": 1410356
    }, 
    {
        "accumulated_operating_revenue_yoy": -9.006333491519856, 
        "accumulated_operating_revenue": 2615380, 
        "long_term_average": 1483917, 
        "date": "2014-02-28", 
        "operating_revenue": 1200727, 
        "short_term_average": 1368741
    }, 
    {
        "accumulated_operating_revenue_yoy": -8.592570737990004, 
        "accumulated_operating_revenue": 4027617, 
        "long_term_average": 1473938, 
        "date": "2014-03-31", 
        "operating_revenue": 1412237, 
        "short_term_average": 1342539
    }, 
    {
        "accumulated_operating_revenue_yoy": -11.353380184363981, 
        "accumulated_operating_revenue": 5394364, 
        "long_term_average": 1447915, 
        "date": "2014-04-30", 
        "operating_revenue": 1366747, 
        "short_term_average": 1326570
    }, 
    {
        "accumulated_operating_revenue_yoy": -12.085526919261632, 
        "accumulated_operating_revenue": 6814424, 
        "long_term_average": 1427424, 
        "date": "2014-05-31", 
        "operating_revenue": 1420060, 
        "short_term_average": 1399681
    }, 
    {
        "accumulated_operating_revenue_yoy": -12.30639736170816, 
        "accumulated_operating_revenue": 8274329, 
        "long_term_average": 1408724, 
        "date": "2014-06-30", 
        "operating_revenue": 1459905, 
        "short_term_average": 1415570
    }, 
    {
        "accumulated_operating_revenue_yoy": -12.059882533534724, 
        "accumulated_operating_revenue": 9645630, 
        "long_term_average": 1395257, 
        "date": "2014-07-31", 
        "operating_revenue": 1371301, 
        "short_term_average": 1417088
    }, 
    {
        "accumulated_operating_revenue_yoy": -11.477825746470954, 
        "accumulated_operating_revenue": 11021232, 
        "long_term_average": 1386404, 
        "date": "2014-08-31", 
        "operating_revenue": 1375602, 
        "short_term_average": 1402269
    }, 
    {
        "accumulated_operating_revenue_yoy": -10.666354997057946, 
        "accumulated_operating_revenue": 12412960, 
        "long_term_average": 1381981, 
        "date": "2014-09-30", 
        "operating_revenue": 1391728, 
        "short_term_average": 1379543
    }, 
    {
        "accumulated_operating_revenue_yoy": -9.381281988446666, 
        "accumulated_operating_revenue": 13818857, 
        "long_term_average": 1386272, 
        "date": "2014-10-31", 
        "operating_revenue": 1405897, 
        "short_term_average": 1391075
    }, 
    {
        "accumulated_operating_revenue_yoy": -8.554690994998921, 
        "accumulated_operating_revenue": 15157081, 
        "long_term_average": 1387327, 
        "date": "2014-11-30", 
        "operating_revenue": 1338224, 
        "short_term_average": 1378616
    }, 
    {
        "accumulated_operating_revenue_yoy": -8.572790413391706, 
        "accumulated_operating_revenue": 16517119, 
        "long_term_average": 1376426, 
        "date": "2014-12-31", 
        "operating_revenue": 1360038, 
        "short_term_average": 1368053
    }, 
    {
        "accumulated_operating_revenue_yoy": -8.208656115669354, 
        "accumulated_operating_revenue": 1298529, 
        "long_term_average": 1366749, 
        "date": "2015-01-31", 
        "operating_revenue": 1298529, 
        "short_term_average": 1332263
    }, 
    {
        "accumulated_operating_revenue_yoy": -3.248361614755791, 
        "accumulated_operating_revenue": 2530423, 
        "long_term_average": 1369346, 
        "date": "2015-02-28", 
        "operating_revenue": 1231894, 
        "short_term_average": 1296820
    }, 
    {
        "accumulated_operating_revenue_yoy": -4.671174046588839, 
        "accumulated_operating_revenue": 3839480, 
        "long_term_average": 1360748, 
        "date": "2015-03-31", 
        "operating_revenue": 1309057, 
        "short_term_average": 1279826
    }, 
    {
        "accumulated_operating_revenue_yoy": -5.731889802023001, 
        "accumulated_operating_revenue": 5085165, 
        "long_term_average": 1350660, 
        "date": "2015-04-30", 
        "operating_revenue": 1245685, 
        "short_term_average": 1262212
    }, 
    {
        "accumulated_operating_revenue_yoy": -7.042121241648597, 
        "accumulated_operating_revenue": 6334544, 
        "long_term_average": 1336436, 
        "date": "2015-05-31", 
        "operating_revenue": 1249379, 
        "short_term_average": 1268040
    }, 
    {
        "accumulated_operating_revenue_yoy": -8.844668854719217, 
        "accumulated_operating_revenue": 7542492, 
        "long_term_average": 1315440, 
        "date": "2015-06-30", 
        "operating_revenue": 1207948, 
        "short_term_average": 1234337
    }, 
    {
        "accumulated_operating_revenue_yoy": -9.47345067144396, 
        "accumulated_operating_revenue": 8731856, 
        "long_term_average": 1300278, 
        "date": "2015-07-31", 
        "operating_revenue": 1189364, 
        "short_term_average": 1215563
    }, 
    {
        "accumulated_operating_revenue_yoy": -9.93204752426952, 
        "accumulated_operating_revenue": 9926598, 
        "long_term_average": 1285207, 
        "date": "2015-08-31", 
        "operating_revenue": 1194742, 
        "short_term_average": 1197351
    }
]