[
    {
        "date": "2012-10-31", 
        "operating_revenue": 65062, 
        "accumulated_operating_revenue": 65062, 
        "long_term_average": 65062, 
        "short_term_average": 65062
    }, 
    {
        "date": "2012-11-30", 
        "operating_revenue": 63651, 
        "accumulated_operating_revenue": 128713, 
        "long_term_average": 64356, 
        "short_term_average": 64356
    }, 
    {
        "date": "2012-12-31", 
        "operating_revenue": 55411, 
        "accumulated_operating_revenue": 184124, 
        "long_term_average": 61374, 
        "short_term_average": 61374
    }, 
    {
        "date": "2013-01-31", 
        "operating_revenue": 72897, 
        "accumulated_operating_revenue": 72897, 
        "long_term_average": 64255, 
        "short_term_average": 63986
    }, 
    {
        "date": "2013-02-28", 
        "operating_revenue": 51460, 
        "accumulated_operating_revenue": 124357, 
        "long_term_average": 61696, 
        "short_term_average": 59922
    }, 
    {
        "date": "2013-03-31", 
        "operating_revenue": 41226, 
        "accumulated_operating_revenue": 165583, 
        "long_term_average": 58284, 
        "short_term_average": 55194
    }, 
    {
        "date": "2013-04-30", 
        "operating_revenue": 63501, 
        "accumulated_operating_revenue": 229084, 
        "long_term_average": 59029, 
        "short_term_average": 52062
    }, 
    {
        "date": "2013-05-31", 
        "operating_revenue": 71878, 
        "accumulated_operating_revenue": 300962, 
        "long_term_average": 60635, 
        "short_term_average": 58868
    }, 
    {
        "date": "2013-06-30", 
        "operating_revenue": 60914, 
        "accumulated_operating_revenue": 361876, 
        "long_term_average": 60666, 
        "short_term_average": 65431
    }, 
    {
        "date": "2013-07-31", 
        "operating_revenue": 60429, 
        "accumulated_operating_revenue": 422305, 
        "long_term_average": 60642, 
        "short_term_average": 64407
    }, 
    {
        "date": "2013-08-31", 
        "operating_revenue": 64649, 
        "accumulated_operating_revenue": 486954, 
        "long_term_average": 61007, 
        "short_term_average": 61997
    }, 
    {
        "date": "2013-09-30", 
        "operating_revenue": 56441, 
        "accumulated_operating_revenue": 543395, 
        "long_term_average": 60626, 
        "short_term_average": 60506
    }, 
    {
        "accumulated_operating_revenue_yoy": 830.2296271248963, 
        "accumulated_operating_revenue": 605226, 
        "long_term_average": 60357, 
        "date": "2013-10-31", 
        "operating_revenue": 61831, 
        "short_term_average": 60973
    }, 
    {
        "accumulated_operating_revenue_yoy": 413.1059022787131, 
        "accumulated_operating_revenue": 660434, 
        "long_term_average": 59653, 
        "date": "2013-11-30", 
        "operating_revenue": 55208, 
        "short_term_average": 57826
    }, 
    {
        "accumulated_operating_revenue_yoy": 282.6035715061589, 
        "accumulated_operating_revenue": 704465, 
        "long_term_average": 58705, 
        "date": "2013-12-31", 
        "operating_revenue": 44031, 
        "short_term_average": 53690
    }, 
    {
        "accumulated_operating_revenue_yoy": -28.591025693787124, 
        "accumulated_operating_revenue": 52055, 
        "long_term_average": 56968, 
        "date": "2014-01-31", 
        "operating_revenue": 52055, 
        "short_term_average": 50431
    }, 
    {
        "accumulated_operating_revenue_yoy": -8.2536568106339, 
        "accumulated_operating_revenue": 114093, 
        "long_term_average": 57850, 
        "date": "2014-02-28", 
        "operating_revenue": 62038, 
        "short_term_average": 52708
    }, 
    {
        "accumulated_operating_revenue_yoy": 9.85789604005242, 
        "accumulated_operating_revenue": 181906, 
        "long_term_average": 60065, 
        "date": "2014-03-31", 
        "operating_revenue": 67813, 
        "short_term_average": 60635
    }, 
    {
        "accumulated_operating_revenue_yoy": 12.872134238969114, 
        "accumulated_operating_revenue": 258572, 
        "long_term_average": 61162, 
        "date": "2014-04-30", 
        "operating_revenue": 76666, 
        "short_term_average": 68839
    }, 
    {
        "accumulated_operating_revenue_yoy": 7.403924747974827, 
        "accumulated_operating_revenue": 323245, 
        "long_term_average": 60562, 
        "date": "2014-05-31", 
        "operating_revenue": 64673, 
        "short_term_average": 69717
    }, 
    {
        "accumulated_operating_revenue_yoy": 6.689307939736263, 
        "accumulated_operating_revenue": 386083, 
        "long_term_average": 60722, 
        "date": "2014-06-30", 
        "operating_revenue": 62838, 
        "short_term_average": 68059
    }, 
    {
        "accumulated_operating_revenue_yoy": 5.846958951468725, 
        "accumulated_operating_revenue": 446997, 
        "long_term_average": 60763, 
        "date": "2014-07-31", 
        "operating_revenue": 60914, 
        "short_term_average": 62808
    }, 
    {
        "accumulated_operating_revenue_yoy": 4.532666329879208, 
        "accumulated_operating_revenue": 509026, 
        "long_term_average": 60544, 
        "date": "2014-08-31", 
        "operating_revenue": 62029, 
        "short_term_average": 61927
    }, 
    {
        "accumulated_operating_revenue_yoy": 6.7963452000846525, 
        "accumulated_operating_revenue": 580326, 
        "long_term_average": 61783, 
        "date": "2014-09-30", 
        "operating_revenue": 71300, 
        "short_term_average": 64747
    }, 
    {
        "accumulated_operating_revenue_yoy": 5.4923284855574614, 
        "accumulated_operating_revenue": 638467, 
        "long_term_average": 61475, 
        "date": "2014-10-31", 
        "operating_revenue": 58141, 
        "short_term_average": 63823
    }, 
    {
        "accumulated_operating_revenue_yoy": 6.0333053719221, 
        "accumulated_operating_revenue": 700280, 
        "long_term_average": 62025, 
        "date": "2014-11-30", 
        "operating_revenue": 61813, 
        "short_term_average": 63751
    }, 
    {
        "accumulated_operating_revenue_yoy": 9.001440809692461, 
        "accumulated_operating_revenue": 767877, 
        "long_term_average": 63989, 
        "date": "2014-12-31", 
        "operating_revenue": 67597, 
        "short_term_average": 62517
    }, 
    {
        "accumulated_operating_revenue_yoy": 38.75708385361637, 
        "accumulated_operating_revenue": 72230, 
        "long_term_average": 65671, 
        "date": "2015-01-31", 
        "operating_revenue": 72230, 
        "short_term_average": 67213
    }, 
    {
        "accumulated_operating_revenue_yoy": 24.35381662328101, 
        "accumulated_operating_revenue": 141879, 
        "long_term_average": 66305, 
        "date": "2015-02-28", 
        "operating_revenue": 69649, 
        "short_term_average": 69825
    }, 
    {
        "accumulated_operating_revenue_yoy": 13.49873011335525, 
        "accumulated_operating_revenue": 206461, 
        "long_term_average": 66036, 
        "date": "2015-03-31", 
        "operating_revenue": 64582, 
        "short_term_average": 68820
    }, 
    {
        "accumulated_operating_revenue_yoy": 15.916263168479187, 
        "accumulated_operating_revenue": 299727, 
        "long_term_average": 67419, 
        "date": "2015-04-30", 
        "operating_revenue": 93266, 
        "short_term_average": 75832
    }, 
    {
        "accumulated_operating_revenue_yoy": 14.702470262494394, 
        "accumulated_operating_revenue": 370770, 
        "long_term_average": 67950, 
        "date": "2015-05-31", 
        "operating_revenue": 71043, 
        "short_term_average": 76297
    }, 
    {
        "accumulated_operating_revenue_yoy": 16.823325554349715, 
        "accumulated_operating_revenue": 451035, 
        "long_term_average": 69402, 
        "date": "2015-06-30", 
        "operating_revenue": 80265, 
        "short_term_average": 81524
    }, 
    {
        "accumulated_operating_revenue_yoy": 18.317572601158396, 
        "accumulated_operating_revenue": 528876, 
        "long_term_average": 70813, 
        "date": "2015-07-31", 
        "operating_revenue": 77841, 
        "short_term_average": 76383
    }, 
    {
        "accumulated_operating_revenue_yoy": 19.75321496347927, 
        "accumulated_operating_revenue": 609575, 
        "long_term_average": 72368, 
        "date": "2015-08-31", 
        "operating_revenue": 80699, 
        "short_term_average": 79601
    }, 
    {
        "accumulated_operating_revenue_yoy": 15.68170304277251, 
        "accumulated_operating_revenue": 671331, 
        "long_term_average": 71573, 
        "date": "2015-09-30", 
        "operating_revenue": 61756, 
        "short_term_average": 73432
    }, 
    {
        "accumulated_operating_revenue_yoy": 16.411028291203774, 
        "accumulated_operating_revenue": 743246, 
        "long_term_average": 72721, 
        "date": "2015-10-31", 
        "operating_revenue": 71915, 
        "short_term_average": 71456
    }
]