[
    {
        "date": "2012-01-31", 
        "operating_revenue": 224586, 
        "accumulated_operating_revenue": 224586, 
        "long_term_average": 224586, 
        "short_term_average": 224586
    }, 
    {
        "date": "2012-02-29", 
        "operating_revenue": 309713, 
        "accumulated_operating_revenue": 534299, 
        "long_term_average": 267149, 
        "short_term_average": 267149
    }, 
    {
        "date": "2012-03-31", 
        "operating_revenue": 313676, 
        "accumulated_operating_revenue": 847975, 
        "long_term_average": 282658, 
        "short_term_average": 282658
    }, 
    {
        "date": "2012-04-30", 
        "operating_revenue": 318971, 
        "accumulated_operating_revenue": 1166946, 
        "long_term_average": 291736, 
        "short_term_average": 314120
    }, 
    {
        "date": "2012-05-31", 
        "operating_revenue": 370321, 
        "accumulated_operating_revenue": 1537267, 
        "long_term_average": 307453, 
        "short_term_average": 334322
    }, 
    {
        "date": "2012-06-30", 
        "operating_revenue": 400235, 
        "accumulated_operating_revenue": 1937502, 
        "long_term_average": 322917, 
        "short_term_average": 363175
    }, 
    {
        "date": "2012-07-31", 
        "operating_revenue": 315114, 
        "accumulated_operating_revenue": 2252616, 
        "long_term_average": 321802, 
        "short_term_average": 361890
    }, 
    {
        "date": "2012-08-31", 
        "operating_revenue": 357667, 
        "accumulated_operating_revenue": 2610283, 
        "long_term_average": 326285, 
        "short_term_average": 357672
    }, 
    {
        "date": "2012-09-30", 
        "operating_revenue": 356750, 
        "accumulated_operating_revenue": 2967033, 
        "long_term_average": 329670, 
        "short_term_average": 343177
    }, 
    {
        "date": "2012-10-31", 
        "operating_revenue": 337162, 
        "accumulated_operating_revenue": 3304195, 
        "long_term_average": 330419, 
        "short_term_average": 350526
    }, 
    {
        "date": "2012-11-30", 
        "operating_revenue": 460579, 
        "accumulated_operating_revenue": 3764774, 
        "long_term_average": 342252, 
        "short_term_average": 384830
    }, 
    {
        "date": "2012-12-31", 
        "operating_revenue": 418844, 
        "accumulated_operating_revenue": 4183618, 
        "long_term_average": 348634, 
        "short_term_average": 405528
    }, 
    {
        "accumulated_operating_revenue_yoy": 55.46561228215472, 
        "accumulated_operating_revenue": 349154, 
        "long_term_average": 359015, 
        "date": "2013-01-31", 
        "operating_revenue": 349154, 
        "short_term_average": 409525
    }, 
    {
        "accumulated_operating_revenue_yoy": 18.227995934860445, 
        "accumulated_operating_revenue": 631691, 
        "long_term_average": 356750, 
        "date": "2013-02-28", 
        "operating_revenue": 282537, 
        "short_term_average": 350178
    }, 
    {
        "accumulated_operating_revenue_yoy": 16.829859370854095, 
        "accumulated_operating_revenue": 990688, 
        "long_term_average": 360527, 
        "date": "2013-03-31", 
        "operating_revenue": 358997, 
        "short_term_average": 330229
    }, 
    {
        "accumulated_operating_revenue_yoy": 15.471238600586487, 
        "accumulated_operating_revenue": 1347487, 
        "long_term_average": 363679, 
        "date": "2013-04-30", 
        "operating_revenue": 356799, 
        "short_term_average": 332777
    }, 
    {
        "accumulated_operating_revenue_yoy": 10.383036909007998, 
        "accumulated_operating_revenue": 1696882, 
        "long_term_average": 361936, 
        "date": "2013-05-31", 
        "operating_revenue": 349395, 
        "short_term_average": 355063
    }, 
    {
        "accumulated_operating_revenue_yoy": 6.191941995414715, 
        "accumulated_operating_revenue": 2057471, 
        "long_term_average": 358632, 
        "date": "2013-06-30", 
        "operating_revenue": 360589, 
        "short_term_average": 355594
    }, 
    {
        "accumulated_operating_revenue_yoy": 4.511021851926826, 
        "accumulated_operating_revenue": 2354232, 
        "long_term_average": 357102, 
        "date": "2013-07-31", 
        "operating_revenue": 296761, 
        "short_term_average": 335581
    }, 
    {
        "accumulated_operating_revenue_yoy": 4.08584050081926, 
        "accumulated_operating_revenue": 2716935, 
        "long_term_average": 357522, 
        "date": "2013-08-31", 
        "operating_revenue": 362703, 
        "short_term_average": 340017
    }, 
    {
        "accumulated_operating_revenue_yoy": 2.1343881244327245, 
        "accumulated_operating_revenue": 3030361, 
        "long_term_average": 353912, 
        "date": "2013-09-30", 
        "operating_revenue": 313426, 
        "short_term_average": 324296
    }, 
    {
        "accumulated_operating_revenue_yoy": 2.284943836547177, 
        "accumulated_operating_revenue": 3379694, 
        "long_term_average": 354926, 
        "date": "2013-10-31", 
        "operating_revenue": 349333, 
        "short_term_average": 341820
    }, 
    {
        "accumulated_operating_revenue_yoy": 1.14240589209339, 
        "accumulated_operating_revenue": 3807783, 
        "long_term_average": 352218, 
        "date": "2013-11-30", 
        "operating_revenue": 428089, 
        "short_term_average": 363616
    }, 
    {
        "accumulated_operating_revenue_yoy": -0.28025981339596495, 
        "accumulated_operating_revenue": 4171893, 
        "long_term_average": 347657, 
        "date": "2013-12-31", 
        "operating_revenue": 364110, 
        "short_term_average": 380510
    }, 
    {
        "accumulated_operating_revenue_yoy": 3.186559512421453, 
        "accumulated_operating_revenue": 360280, 
        "long_term_average": 348584, 
        "date": "2014-01-31", 
        "operating_revenue": 360280, 
        "short_term_average": 384159
    }, 
    {
        "accumulated_operating_revenue_yoy": 16.37873580595576, 
        "accumulated_operating_revenue": 735154, 
        "long_term_average": 356279, 
        "date": "2014-02-28", 
        "operating_revenue": 374874, 
        "short_term_average": 366421
    }, 
    {
        "accumulated_operating_revenue_yoy": 21.489914079912143, 
        "accumulated_operating_revenue": 1203586, 
        "long_term_average": 365399, 
        "date": "2014-03-31", 
        "operating_revenue": 468432, 
        "short_term_average": 401195
    }, 
    {
        "accumulated_operating_revenue_yoy": 21.1162705094743, 
        "accumulated_operating_revenue": 1632026, 
        "long_term_average": 371369, 
        "date": "2014-04-30", 
        "operating_revenue": 428440, 
        "short_term_average": 423915
    }, 
    {
        "accumulated_operating_revenue_yoy": 24.113403289091405, 
        "accumulated_operating_revenue": 2106058, 
        "long_term_average": 381755, 
        "date": "2014-05-31", 
        "operating_revenue": 474032, 
        "short_term_average": 456968
    }, 
    {
        "accumulated_operating_revenue_yoy": 22.938063282544444, 
        "accumulated_operating_revenue": 2529415, 
        "long_term_average": 386986, 
        "date": "2014-06-30", 
        "operating_revenue": 423357, 
        "short_term_average": 441943
    }, 
    {
        "accumulated_operating_revenue_yoy": 24.445126903380807, 
        "accumulated_operating_revenue": 2929727, 
        "long_term_average": 395615, 
        "date": "2014-07-31", 
        "operating_revenue": 400312, 
        "short_term_average": 432567
    }, 
    {
        "accumulated_operating_revenue_yoy": 27.2270775708657, 
        "accumulated_operating_revenue": 3456677, 
        "long_term_average": 409302, 
        "date": "2014-08-31", 
        "operating_revenue": 526950, 
        "short_term_average": 450206
    }, 
    {
        "accumulated_operating_revenue_yoy": 30.096084261908068, 
        "accumulated_operating_revenue": 3942381, 
        "long_term_average": 423659, 
        "date": "2014-09-30", 
        "operating_revenue": 485704, 
        "short_term_average": 470988
    }, 
    {
        "accumulated_operating_revenue_yoy": 29.961795357804583, 
        "accumulated_operating_revenue": 4392311, 
        "long_term_average": 432042, 
        "date": "2014-10-31", 
        "operating_revenue": 449930, 
        "short_term_average": 487528
    }, 
    {
        "accumulated_operating_revenue_yoy": 26.83191242778278, 
        "accumulated_operating_revenue": 4829484, 
        "long_term_average": 432799, 
        "date": "2014-11-30", 
        "operating_revenue": 437173, 
        "short_term_average": 457602
    }, 
    {
        "accumulated_operating_revenue_yoy": 29.096935132324823, 
        "accumulated_operating_revenue": 5385786, 
        "long_term_average": 448815, 
        "date": "2014-12-31", 
        "operating_revenue": 556302, 
        "short_term_average": 481135
    }, 
    {
        "accumulated_operating_revenue_yoy": 20.139058510047743, 
        "accumulated_operating_revenue": 432837, 
        "long_term_average": 454861, 
        "date": "2015-01-31", 
        "operating_revenue": 432837, 
        "short_term_average": 475437
    }, 
    {
        "accumulated_operating_revenue_yoy": 12.42406352954619, 
        "accumulated_operating_revenue": 826490, 
        "long_term_average": 456426, 
        "date": "2015-02-28", 
        "operating_revenue": 393653, 
        "short_term_average": 460930
    }, 
    {
        "accumulated_operating_revenue_yoy": 7.9206637498275985, 
        "accumulated_operating_revenue": 1298918, 
        "long_term_average": 456759, 
        "date": "2015-03-31", 
        "operating_revenue": 472428, 
        "short_term_average": 432972
    }, 
    {
        "accumulated_operating_revenue_yoy": 8.787237458226768, 
        "accumulated_operating_revenue": 1775436, 
        "long_term_average": 460766, 
        "date": "2015-04-30", 
        "operating_revenue": 476518, 
        "short_term_average": 447533
    }, 
    {
        "accumulated_operating_revenue_yoy": 5.916171349506993, 
        "accumulated_operating_revenue": 2230656, 
        "long_term_average": 459198, 
        "date": "2015-05-31", 
        "operating_revenue": 455220, 
        "short_term_average": 468055
    }, 
    {
        "accumulated_operating_revenue_yoy": 5.6567625320479245, 
        "accumulated_operating_revenue": 2672498, 
        "long_term_average": 460739, 
        "date": "2015-06-30", 
        "operating_revenue": 441842, 
        "short_term_average": 457860
    }, 
    {
        "accumulated_operating_revenue_yoy": 5.69981435130304, 
        "accumulated_operating_revenue": 3096716, 
        "long_term_average": 462731, 
        "date": "2015-07-31", 
        "operating_revenue": 424218, 
        "short_term_average": 440426
    }, 
    {
        "accumulated_operating_revenue_yoy": 1.506909670761833, 
        "accumulated_operating_revenue": 3508766, 
        "long_term_average": 453156, 
        "date": "2015-08-31", 
        "operating_revenue": 412050, 
        "short_term_average": 426036
    }, 
    {
        "accumulated_operating_revenue_yoy": 0.32919192741645215, 
        "accumulated_operating_revenue": 3955359, 
        "long_term_average": 449897, 
        "date": "2015-09-30", 
        "operating_revenue": 446593, 
        "short_term_average": 427620
    }, 
    {
        "accumulated_operating_revenue_yoy": 1.083484297901492, 
        "accumulated_operating_revenue": 4439901, 
        "long_term_average": 452781, 
        "date": "2015-10-31", 
        "operating_revenue": 484542, 
        "short_term_average": 447728
    }
]