[
    {
        "date": "2011-09-30", 
        "operating_revenue": 849509, 
        "accumulated_operating_revenue": 849509, 
        "long_term_average": 849509, 
        "short_term_average": 849509
    }, 
    {
        "date": "2011-10-31", 
        "operating_revenue": 801404, 
        "accumulated_operating_revenue": 1650913, 
        "long_term_average": 825456, 
        "short_term_average": 825456
    }, 
    {
        "date": "2011-11-30", 
        "operating_revenue": 859118, 
        "accumulated_operating_revenue": 2510031, 
        "long_term_average": 836677, 
        "short_term_average": 836677
    }, 
    {
        "date": "2011-12-31", 
        "operating_revenue": 730726, 
        "accumulated_operating_revenue": 3240757, 
        "long_term_average": 810189, 
        "short_term_average": 797082
    }, 
    {
        "date": "2012-01-31", 
        "operating_revenue": 732675, 
        "accumulated_operating_revenue": 732675, 
        "long_term_average": 794686, 
        "short_term_average": 774173
    }, 
    {
        "date": "2012-02-29", 
        "operating_revenue": 801121, 
        "accumulated_operating_revenue": 1533796, 
        "long_term_average": 795758, 
        "short_term_average": 754840
    }, 
    {
        "date": "2012-03-31", 
        "operating_revenue": 925433, 
        "accumulated_operating_revenue": 2459229, 
        "long_term_average": 814283, 
        "short_term_average": 819743
    }, 
    {
        "date": "2012-04-30", 
        "operating_revenue": 904278, 
        "accumulated_operating_revenue": 3363507, 
        "long_term_average": 825533, 
        "short_term_average": 876944
    }, 
    {
        "date": "2012-05-31", 
        "operating_revenue": 921080, 
        "accumulated_operating_revenue": 4284587, 
        "long_term_average": 836149, 
        "short_term_average": 916930
    }, 
    {
        "date": "2012-06-30", 
        "operating_revenue": 892601, 
        "accumulated_operating_revenue": 5177188, 
        "long_term_average": 841794, 
        "short_term_average": 905986
    }, 
    {
        "date": "2012-07-31", 
        "operating_revenue": 1020634, 
        "accumulated_operating_revenue": 6197822, 
        "long_term_average": 858052, 
        "short_term_average": 944771
    }, 
    {
        "date": "2012-08-31", 
        "operating_revenue": 1114964, 
        "accumulated_operating_revenue": 7312786, 
        "long_term_average": 879461, 
        "short_term_average": 1009399
    }, 
    {
        "accumulated_operating_revenue_yoy": 895.0800992102497, 
        "accumulated_operating_revenue": 8453295, 
        "long_term_average": 903711, 
        "date": "2012-09-30", 
        "operating_revenue": 1140509, 
        "short_term_average": 1092035
    }, 
    {
        "accumulated_operating_revenue_yoy": 476.14738026776695, 
        "accumulated_operating_revenue": 9511692, 
        "long_term_average": 925128, 
        "date": "2012-10-31", 
        "operating_revenue": 1058397, 
        "short_term_average": 1104623
    }, 
    {
        "accumulated_operating_revenue_yoy": 319.71326250552283, 
        "accumulated_operating_revenue": 10534933, 
        "long_term_average": 938804, 
        "date": "2012-11-30", 
        "operating_revenue": 1023241, 
        "short_term_average": 1074049
    }, 
    {
        "accumulated_operating_revenue_yoy": 255.04985409273203, 
        "accumulated_operating_revenue": 11506303, 
        "long_term_average": 958858, 
        "date": "2012-12-31", 
        "operating_revenue": 971370, 
        "short_term_average": 1017669
    }, 
    {
        "accumulated_operating_revenue_yoy": 34.39546865936466, 
        "accumulated_operating_revenue": 984682, 
        "long_term_average": 979859, 
        "date": "2013-01-31", 
        "operating_revenue": 984682, 
        "short_term_average": 993097
    }, 
    {
        "accumulated_operating_revenue_yoy": 7.125197875075956, 
        "accumulated_operating_revenue": 1643082, 
        "long_term_average": 967965, 
        "date": "2013-02-28", 
        "operating_revenue": 658400, 
        "short_term_average": 871484
    }, 
    {
        "accumulated_operating_revenue_yoy": 5.196344057426129, 
        "accumulated_operating_revenue": 2587019, 
        "long_term_average": 969507, 
        "date": "2013-03-31", 
        "operating_revenue": 943937, 
        "short_term_average": 862339
    }, 
    {
        "accumulated_operating_revenue_yoy": 7.925121012086492, 
        "accumulated_operating_revenue": 3630069, 
        "long_term_average": 981072, 
        "date": "2013-04-30", 
        "operating_revenue": 1043050, 
        "short_term_average": 881795
    }, 
    {
        "accumulated_operating_revenue_yoy": 7.395812011752826, 
        "accumulated_operating_revenue": 4601467, 
        "long_term_average": 985265, 
        "date": "2013-05-31", 
        "operating_revenue": 971398, 
        "short_term_average": 986128
    }, 
    {
        "accumulated_operating_revenue_yoy": 6.981106345761444, 
        "accumulated_operating_revenue": 5538613, 
        "long_term_average": 988977, 
        "date": "2013-06-30", 
        "operating_revenue": 937146, 
        "short_term_average": 983864
    }, 
    {
        "accumulated_operating_revenue_yoy": 5.03312292608597, 
        "accumulated_operating_revenue": 6509766, 
        "long_term_average": 984853, 
        "date": "2013-07-31", 
        "operating_revenue": 971153, 
        "short_term_average": 959899
    }, 
    {
        "accumulated_operating_revenue_yoy": 2.957942431243031, 
        "accumulated_operating_revenue": 7529094, 
        "long_term_average": 976884, 
        "date": "2013-08-31", 
        "operating_revenue": 1019328, 
        "short_term_average": 975875
    }, 
    {
        "accumulated_operating_revenue_yoy": 0.9500082512203821, 
        "accumulated_operating_revenue": 8533602, 
        "long_term_average": 965550, 
        "date": "2013-09-30", 
        "operating_revenue": 1004508, 
        "short_term_average": 998329
    }, 
    {
        "accumulated_operating_revenue_yoy": -0.8581753908768283, 
        "accumulated_operating_revenue": 9430065, 
        "long_term_average": 952056, 
        "date": "2013-10-31", 
        "operating_revenue": 896463, 
        "short_term_average": 973433
    }, 
    {
        "accumulated_operating_revenue_yoy": -1.4330798306928008, 
        "accumulated_operating_revenue": 10383959, 
        "long_term_average": 946277, 
        "date": "2013-11-30", 
        "operating_revenue": 953894, 
        "short_term_average": 951621
    }, 
    {
        "accumulated_operating_revenue_yoy": -1.7189448252840203, 
        "accumulated_operating_revenue": 11308516, 
        "long_term_average": 942376, 
        "date": "2013-12-31", 
        "operating_revenue": 924557, 
        "short_term_average": 924971
    }, 
    {
        "accumulated_operating_revenue_yoy": -2.0271519130033857, 
        "accumulated_operating_revenue": 964721, 
        "long_term_average": 940712, 
        "date": "2014-01-31", 
        "operating_revenue": 964721, 
        "short_term_average": 947724
    }, 
    {
        "accumulated_operating_revenue_yoy": 9.159676753807783, 
        "accumulated_operating_revenue": 1793583, 
        "long_term_average": 954918, 
        "date": "2014-02-28", 
        "operating_revenue": 828862, 
        "short_term_average": 906046
    }, 
    {
        "accumulated_operating_revenue_yoy": 9.852459529674888, 
        "accumulated_operating_revenue": 2841904, 
        "long_term_average": 963616, 
        "date": "2014-03-31", 
        "operating_revenue": 1048321, 
        "short_term_average": 947301
    }, 
    {
        "accumulated_operating_revenue_yoy": 8.440748646926547, 
        "accumulated_operating_revenue": 3936474, 
        "long_term_average": 967910, 
        "date": "2014-04-30", 
        "operating_revenue": 1094570, 
        "short_term_average": 990584
    }, 
    {
        "accumulated_operating_revenue_yoy": 9.106335001424545, 
        "accumulated_operating_revenue": 5020492, 
        "long_term_average": 977295, 
        "date": "2014-05-31", 
        "operating_revenue": 1084018, 
        "short_term_average": 1075636
    }, 
    {
        "accumulated_operating_revenue_yoy": 9.686432325204883, 
        "accumulated_operating_revenue": 6075107, 
        "long_term_average": 987084, 
        "date": "2014-06-30", 
        "operating_revenue": 1054615, 
        "short_term_average": 1077734
    }, 
    {
        "accumulated_operating_revenue_yoy": 10.050868187888781, 
        "accumulated_operating_revenue": 7164054, 
        "long_term_average": 996900, 
        "date": "2014-07-31", 
        "operating_revenue": 1088947, 
        "short_term_average": 1075860
    }, 
    {
        "accumulated_operating_revenue_yoy": 9.897684900733077, 
        "accumulated_operating_revenue": 8274300, 
        "long_term_average": 1004476, 
        "date": "2014-08-31", 
        "operating_revenue": 1110246, 
        "short_term_average": 1084602
    }, 
    {
        "accumulated_operating_revenue_yoy": 9.387934895487275, 
        "accumulated_operating_revenue": 9334731, 
        "long_term_average": 1009137, 
        "date": "2014-09-30", 
        "operating_revenue": 1060431, 
        "short_term_average": 1086541
    }, 
    {
        "accumulated_operating_revenue_yoy": 10.44965225584341, 
        "accumulated_operating_revenue": 10415474, 
        "long_term_average": 1024493, 
        "date": "2014-10-31", 
        "operating_revenue": 1080743, 
        "short_term_average": 1083806
    }, 
    {
        "accumulated_operating_revenue_yoy": 9.044825774061705, 
        "accumulated_operating_revenue": 11323170, 
        "long_term_average": 1020643, 
        "date": "2014-11-30", 
        "operating_revenue": 907696, 
        "short_term_average": 1016290
    }, 
    {
        "accumulated_operating_revenue_yoy": 8.381895555526473, 
        "accumulated_operating_revenue": 12256384, 
        "long_term_average": 1021365, 
        "date": "2014-12-31", 
        "operating_revenue": 933214, 
        "short_term_average": 973884
    }, 
    {
        "accumulated_operating_revenue_yoy": -6.145092726290813, 
        "accumulated_operating_revenue": 905438, 
        "long_term_average": 1016425, 
        "date": "2015-01-31", 
        "operating_revenue": 905438, 
        "short_term_average": 915449
    }, 
    {
        "accumulated_operating_revenue_yoy": -11.648136718512609, 
        "accumulated_operating_revenue": 1584664, 
        "long_term_average": 1003955, 
        "date": "2015-02-28", 
        "operating_revenue": 679226, 
        "short_term_average": 839292
    }, 
    {
        "accumulated_operating_revenue_yoy": -15.923760971517687, 
        "accumulated_operating_revenue": 2389366, 
        "long_term_average": 983653, 
        "date": "2015-03-31", 
        "operating_revenue": 804702, 
        "short_term_average": 796455
    }, 
    {
        "accumulated_operating_revenue_yoy": -18.73859702871148, 
        "accumulated_operating_revenue": 3198834, 
        "long_term_average": 959895, 
        "date": "2015-04-30", 
        "operating_revenue": 809468, 
        "short_term_average": 764465
    }, 
    {
        "accumulated_operating_revenue_yoy": -21.58575295010927, 
        "accumulated_operating_revenue": 3936781, 
        "long_term_average": 931056, 
        "date": "2015-05-31", 
        "operating_revenue": 737947, 
        "short_term_average": 784039
    }, 
    {
        "accumulated_operating_revenue_yoy": -23.674002778881096, 
        "accumulated_operating_revenue": 4636886, 
        "long_term_average": 901513, 
        "date": "2015-06-30", 
        "operating_revenue": 700105, 
        "short_term_average": 749173
    }, 
    {
        "accumulated_operating_revenue_yoy": -24.56606273487051, 
        "accumulated_operating_revenue": 5404128, 
        "long_term_average": 874704, 
        "date": "2015-07-31", 
        "operating_revenue": 767242, 
        "short_term_average": 735098
    }, 
    {
        "accumulated_operating_revenue_yoy": -24.918494615858744, 
        "accumulated_operating_revenue": 6212469, 
        "long_term_average": 849546, 
        "date": "2015-08-31", 
        "operating_revenue": 808341, 
        "short_term_average": 758562
    }, 
    {
        "accumulated_operating_revenue_yoy": -23.77924977163241, 
        "accumulated_operating_revenue": 7115002, 
        "long_term_average": 836387, 
        "date": "2015-09-30", 
        "operating_revenue": 902533, 
        "short_term_average": 826038
    }
]