[
    {
        "date": "2011-09-30", 
        "operating_revenue": 456884, 
        "accumulated_operating_revenue": 456884, 
        "long_term_average": 456884, 
        "short_term_average": 456884
    }, 
    {
        "date": "2011-10-31", 
        "operating_revenue": 410279, 
        "accumulated_operating_revenue": 867163, 
        "long_term_average": 433581, 
        "short_term_average": 433581
    }, 
    {
        "date": "2011-11-30", 
        "operating_revenue": 453195, 
        "accumulated_operating_revenue": 1320358, 
        "long_term_average": 440119, 
        "short_term_average": 440119
    }, 
    {
        "date": "2011-12-31", 
        "operating_revenue": 524906, 
        "accumulated_operating_revenue": 1845264, 
        "long_term_average": 461316, 
        "short_term_average": 462793
    }, 
    {
        "date": "2012-01-31", 
        "operating_revenue": 342638, 
        "accumulated_operating_revenue": 342638, 
        "long_term_average": 437580, 
        "short_term_average": 440246
    }, 
    {
        "date": "2012-02-29", 
        "operating_revenue": 416628, 
        "accumulated_operating_revenue": 759266, 
        "long_term_average": 434088, 
        "short_term_average": 428057
    }, 
    {
        "date": "2012-03-31", 
        "operating_revenue": 425385, 
        "accumulated_operating_revenue": 1184651, 
        "long_term_average": 432845, 
        "short_term_average": 394883
    }, 
    {
        "date": "2012-04-30", 
        "operating_revenue": 432559, 
        "accumulated_operating_revenue": 1617210, 
        "long_term_average": 432809, 
        "short_term_average": 424857
    }, 
    {
        "date": "2012-05-31", 
        "operating_revenue": 443913, 
        "accumulated_operating_revenue": 2061123, 
        "long_term_average": 434043, 
        "short_term_average": 433952
    }, 
    {
        "date": "2012-06-30", 
        "operating_revenue": 441295, 
        "accumulated_operating_revenue": 2502418, 
        "long_term_average": 434768, 
        "short_term_average": 439255
    }, 
    {
        "date": "2012-07-31", 
        "operating_revenue": 470382, 
        "accumulated_operating_revenue": 2972800, 
        "long_term_average": 438005, 
        "short_term_average": 451863
    }, 
    {
        "date": "2012-08-31", 
        "operating_revenue": 473374, 
        "accumulated_operating_revenue": 3446174, 
        "long_term_average": 440953, 
        "short_term_average": 461683
    }, 
    {
        "accumulated_operating_revenue_yoy": 741.2492011101286, 
        "accumulated_operating_revenue": 3843533, 
        "long_term_average": 435992, 
        "date": "2012-09-30", 
        "operating_revenue": 397359, 
        "short_term_average": 447038
    }, 
    {
        "accumulated_operating_revenue_yoy": 376.9429738123052, 
        "accumulated_operating_revenue": 4135873, 
        "long_term_average": 426164, 
        "date": "2012-10-31", 
        "operating_revenue": 292340, 
        "short_term_average": 387691
    }, 
    {
        "accumulated_operating_revenue_yoy": 234.0273622759888, 
        "accumulated_operating_revenue": 4410357, 
        "long_term_average": 411271, 
        "date": "2012-11-30", 
        "operating_revenue": 274484, 
        "short_term_average": 321394
    }, 
    {
        "accumulated_operating_revenue_yoy": 155.418953602303, 
        "accumulated_operating_revenue": 4713154, 
        "long_term_average": 392762, 
        "date": "2012-12-31", 
        "operating_revenue": 302797, 
        "short_term_average": 289873
    }, 
    {
        "accumulated_operating_revenue_yoy": -11.829394287848984, 
        "accumulated_operating_revenue": 302106, 
        "long_term_average": 389385, 
        "date": "2013-01-31", 
        "operating_revenue": 302106, 
        "short_term_average": 293129
    }, 
    {
        "accumulated_operating_revenue_yoy": -34.85142229468987, 
        "accumulated_operating_revenue": 494651, 
        "long_term_average": 370711, 
        "date": "2013-02-28", 
        "operating_revenue": 192545, 
        "short_term_average": 265816
    }, 
    {
        "accumulated_operating_revenue_yoy": -32.46112146108854, 
        "accumulated_operating_revenue": 800100, 
        "long_term_average": 360716, 
        "date": "2013-03-31", 
        "operating_revenue": 305449, 
        "short_term_average": 266700
    }, 
    {
        "accumulated_operating_revenue_yoy": -27.43780956091046, 
        "accumulated_operating_revenue": 1173483, 
        "long_term_average": 355785, 
        "date": "2013-04-30", 
        "operating_revenue": 373383, 
        "short_term_average": 290459
    }, 
    {
        "accumulated_operating_revenue_yoy": -22.948703206941072, 
        "accumulated_operating_revenue": 1588122, 
        "long_term_average": 353346, 
        "date": "2013-05-31", 
        "operating_revenue": 414639, 
        "short_term_average": 364490
    }, 
    {
        "accumulated_operating_revenue_yoy": -18.847730475084497, 
        "accumulated_operating_revenue": 2030769, 
        "long_term_average": 353458, 
        "date": "2013-06-30", 
        "operating_revenue": 442647, 
        "short_term_average": 410223
    }, 
    {
        "accumulated_operating_revenue_yoy": -16.089208826695373, 
        "accumulated_operating_revenue": 2494500, 
        "long_term_average": 352904, 
        "date": "2013-07-31", 
        "operating_revenue": 463731, 
        "short_term_average": 440339
    }, 
    {
        "accumulated_operating_revenue_yoy": -13.213639241663364, 
        "accumulated_operating_revenue": 2990809, 
        "long_term_average": 354815, 
        "date": "2013-08-31", 
        "operating_revenue": 496309, 
        "short_term_average": 467562
    }, 
    {
        "accumulated_operating_revenue_yoy": -9.784019026244865, 
        "accumulated_operating_revenue": 3467481, 
        "long_term_average": 361425, 
        "date": "2013-09-30", 
        "operating_revenue": 476672, 
        "short_term_average": 478904
    }, 
    {
        "accumulated_operating_revenue_yoy": -5.464843818947052, 
        "accumulated_operating_revenue": 3909854, 
        "long_term_average": 373927, 
        "date": "2013-10-31", 
        "operating_revenue": 442373, 
        "short_term_average": 471784
    }, 
    {
        "accumulated_operating_revenue_yoy": -0.5050838288147649, 
        "accumulated_operating_revenue": 4388081, 
        "long_term_average": 390906, 
        "date": "2013-11-30", 
        "operating_revenue": 478227, 
        "short_term_average": 465757
    }, 
    {
        "accumulated_operating_revenue_yoy": 1.4364690820626698, 
        "accumulated_operating_revenue": 4780857, 
        "long_term_average": 398404, 
        "date": "2013-12-31", 
        "operating_revenue": 392776, 
        "short_term_average": 437792
    }, 
    {
        "accumulated_operating_revenue_yoy": 67.78746532673962, 
        "accumulated_operating_revenue": 506896, 
        "long_term_average": 415470, 
        "date": "2014-01-31", 
        "operating_revenue": 506896, 
        "short_term_average": 459299
    }, 
    {
        "accumulated_operating_revenue_yoy": 81.60602121495761, 
        "accumulated_operating_revenue": 898316, 
        "long_term_average": 432043, 
        "date": "2014-02-28", 
        "operating_revenue": 391420, 
        "short_term_average": 430364
    }, 
    {
        "accumulated_operating_revenue_yoy": 62.484064491938504, 
        "accumulated_operating_revenue": 1300035, 
        "long_term_average": 440066, 
        "date": "2014-03-31", 
        "operating_revenue": 401719, 
        "short_term_average": 433345
    }, 
    {
        "accumulated_operating_revenue_yoy": 47.5793002540301, 
        "accumulated_operating_revenue": 1731818, 
        "long_term_average": 444932, 
        "date": "2014-04-30", 
        "operating_revenue": 431783, 
        "short_term_average": 408307
    }, 
    {
        "accumulated_operating_revenue_yoy": 41.07461517440096, 
        "accumulated_operating_revenue": 2240437, 
        "long_term_average": 452764, 
        "date": "2014-05-31", 
        "operating_revenue": 508619, 
        "short_term_average": 447373
    }, 
    {
        "accumulated_operating_revenue_yoy": 34.704045610308214, 
        "accumulated_operating_revenue": 2735528, 
        "long_term_average": 457134, 
        "date": "2014-06-30", 
        "operating_revenue": 495091, 
        "short_term_average": 478497
    }, 
    {
        "accumulated_operating_revenue_yoy": 30.617037482461416, 
        "accumulated_operating_revenue": 3258242, 
        "long_term_average": 462049, 
        "date": "2014-07-31", 
        "operating_revenue": 522714, 
        "short_term_average": 508808
    }, 
    {
        "accumulated_operating_revenue_yoy": 26.438866540792137, 
        "accumulated_operating_revenue": 3781545, 
        "long_term_average": 464299, 
        "date": "2014-08-31", 
        "operating_revenue": 523303, 
        "short_term_average": 513702
    }, 
    {
        "accumulated_operating_revenue_yoy": 22.525487522498324, 
        "accumulated_operating_revenue": 4248548, 
        "long_term_average": 463493, 
        "date": "2014-09-30", 
        "operating_revenue": 467003, 
        "short_term_average": 504340
    }, 
    {
        "accumulated_operating_revenue_yoy": 18.103770626729286, 
        "accumulated_operating_revenue": 4617685, 
        "long_term_average": 457390, 
        "date": "2014-10-31", 
        "operating_revenue": 369137, 
        "short_term_average": 453147
    }, 
    {
        "accumulated_operating_revenue_yoy": 15.10010868076501, 
        "accumulated_operating_revenue": 5050686, 
        "long_term_average": 453621, 
        "date": "2014-11-30", 
        "operating_revenue": 433001, 
        "short_term_average": 423047
    }, 
    {
        "accumulated_operating_revenue_yoy": 12.410369103280019, 
        "accumulated_operating_revenue": 5374179, 
        "long_term_average": 447848, 
        "date": "2014-12-31", 
        "operating_revenue": 323493, 
        "short_term_average": 375210
    }, 
    {
        "accumulated_operating_revenue_yoy": 4.091174521006281, 
        "accumulated_operating_revenue": 527634, 
        "long_term_average": 449576, 
        "date": "2015-01-31", 
        "operating_revenue": 527634, 
        "short_term_average": 428042
    }, 
    {
        "accumulated_operating_revenue_yoy": -10.583358194666465, 
        "accumulated_operating_revenue": 803244, 
        "long_term_average": 439925, 
        "date": "2015-02-28", 
        "operating_revenue": 275610, 
        "short_term_average": 375579
    }, 
    {
        "accumulated_operating_revenue_yoy": -2.181325887379955, 
        "accumulated_operating_revenue": 1271677, 
        "long_term_average": 445485, 
        "date": "2015-03-31", 
        "operating_revenue": 468433, 
        "short_term_average": 423892
    }, 
    {
        "accumulated_operating_revenue_yoy": -0.7965617634185579, 
        "accumulated_operating_revenue": 1718023, 
        "long_term_average": 446698, 
        "date": "2015-04-30", 
        "operating_revenue": 446346, 
        "short_term_average": 396796
    }, 
    {
        "accumulated_operating_revenue_yoy": -3.033738507264431, 
        "accumulated_operating_revenue": 2172468, 
        "long_term_average": 442184, 
        "date": "2015-05-31", 
        "operating_revenue": 454445, 
        "short_term_average": 456408
    }, 
    {
        "accumulated_operating_revenue_yoy": -4.230481281858566, 
        "accumulated_operating_revenue": 2619802, 
        "long_term_average": 438204, 
        "date": "2015-06-30", 
        "operating_revenue": 447334, 
        "short_term_average": 449375
    }, 
    {
        "accumulated_operating_revenue_yoy": -3.0531495205082986, 
        "accumulated_operating_revenue": 3158763, 
        "long_term_average": 439558, 
        "date": "2015-07-31", 
        "operating_revenue": 538961, 
        "short_term_average": 480246
    }, 
    {
        "accumulated_operating_revenue_yoy": -4.324608063635366, 
        "accumulated_operating_revenue": 3618008, 
        "long_term_average": 434220, 
        "date": "2015-08-31", 
        "operating_revenue": 459245, 
        "short_term_average": 481846
    }
]