[
    {
        "date": "2011-09-30", 
        "operating_revenue": 262392, 
        "accumulated_operating_revenue": 262392, 
        "long_term_average": 262392, 
        "short_term_average": 262392
    }, 
    {
        "date": "2011-10-31", 
        "operating_revenue": 249422, 
        "accumulated_operating_revenue": 511814, 
        "long_term_average": 255907, 
        "short_term_average": 255907
    }, 
    {
        "date": "2011-11-30", 
        "operating_revenue": 266747, 
        "accumulated_operating_revenue": 778561, 
        "long_term_average": 259520, 
        "short_term_average": 259520
    }, 
    {
        "date": "2011-12-31", 
        "operating_revenue": 223490, 
        "accumulated_operating_revenue": 1002051, 
        "long_term_average": 250512, 
        "short_term_average": 246553
    }, 
    {
        "date": "2012-01-31", 
        "operating_revenue": 247917, 
        "accumulated_operating_revenue": 247917, 
        "long_term_average": 249993, 
        "short_term_average": 246051
    }, 
    {
        "date": "2012-02-29", 
        "operating_revenue": 251446, 
        "accumulated_operating_revenue": 499363, 
        "long_term_average": 250235, 
        "short_term_average": 240951
    }, 
    {
        "date": "2012-03-31", 
        "operating_revenue": 261245, 
        "accumulated_operating_revenue": 760608, 
        "long_term_average": 251808, 
        "short_term_average": 253536
    }, 
    {
        "date": "2012-04-30", 
        "operating_revenue": 257575, 
        "accumulated_operating_revenue": 1018183, 
        "long_term_average": 252529, 
        "short_term_average": 256755
    }, 
    {
        "date": "2012-05-31", 
        "operating_revenue": 257078, 
        "accumulated_operating_revenue": 1275261, 
        "long_term_average": 253034, 
        "short_term_average": 258632
    }, 
    {
        "date": "2012-06-30", 
        "operating_revenue": 245662, 
        "accumulated_operating_revenue": 1520923, 
        "long_term_average": 252297, 
        "short_term_average": 253438
    }, 
    {
        "date": "2012-07-31", 
        "operating_revenue": 227773, 
        "accumulated_operating_revenue": 1748696, 
        "long_term_average": 250067, 
        "short_term_average": 243504
    }, 
    {
        "date": "2012-08-31", 
        "operating_revenue": 230577, 
        "accumulated_operating_revenue": 1979273, 
        "long_term_average": 248443, 
        "short_term_average": 234670
    }, 
    {
        "accumulated_operating_revenue_yoy": 740.6895027287417, 
        "accumulated_operating_revenue": 2205902, 
        "long_term_average": 245463, 
        "date": "2012-09-30", 
        "operating_revenue": 226629, 
        "short_term_average": 228326
    }, 
    {
        "accumulated_operating_revenue_yoy": 377.4664233491073, 
        "accumulated_operating_revenue": 2443740, 
        "long_term_average": 244498, 
        "date": "2012-10-31", 
        "operating_revenue": 237838, 
        "short_term_average": 231681
    }, 
    {
        "accumulated_operating_revenue_yoy": 247.40964420257373, 
        "accumulated_operating_revenue": 2704796, 
        "long_term_average": 244023, 
        "date": "2012-11-30", 
        "operating_revenue": 261056, 
        "short_term_average": 241841
    }, 
    {
        "accumulated_operating_revenue_yoy": 193.540149154085, 
        "accumulated_operating_revenue": 2941422, 
        "long_term_average": 245118, 
        "date": "2012-12-31", 
        "operating_revenue": 236626, 
        "short_term_average": 245173
    }, 
    {
        "accumulated_operating_revenue_yoy": 13.395612241193625, 
        "accumulated_operating_revenue": 281127, 
        "long_term_average": 247886, 
        "date": "2013-01-31", 
        "operating_revenue": 281127, 
        "short_term_average": 259603
    }, 
    {
        "accumulated_operating_revenue_yoy": 1.2021315155508119, 
        "accumulated_operating_revenue": 505366, 
        "long_term_average": 245618, 
        "date": "2013-02-28", 
        "operating_revenue": 224239, 
        "short_term_average": 247330
    }, 
    {
        "accumulated_operating_revenue_yoy": 3.9845754974967393, 
        "accumulated_operating_revenue": 790915, 
        "long_term_average": 247644, 
        "date": "2013-03-31", 
        "operating_revenue": 285549, 
        "short_term_average": 263638
    }, 
    {
        "accumulated_operating_revenue_yoy": 7.7119731914596885, 
        "accumulated_operating_revenue": 1096705, 
        "long_term_average": 251662, 
        "date": "2013-04-30", 
        "operating_revenue": 305790, 
        "short_term_average": 271859
    }, 
    {
        "accumulated_operating_revenue_yoy": 10.36760318083906, 
        "accumulated_operating_revenue": 1407475, 
        "long_term_average": 256136, 
        "date": "2013-05-31", 
        "operating_revenue": 310770, 
        "short_term_average": 300703
    }, 
    {
        "accumulated_operating_revenue_yoy": 10.022532370146287, 
        "accumulated_operating_revenue": 1673358, 
        "long_term_average": 257821, 
        "date": "2013-06-30", 
        "operating_revenue": 265883, 
        "short_term_average": 294147
    }, 
    {
        "accumulated_operating_revenue_yoy": 11.884226875340254, 
        "accumulated_operating_revenue": 1956515, 
        "long_term_average": 262436, 
        "date": "2013-07-31", 
        "operating_revenue": 283157, 
        "short_term_average": 286603
    }, 
    {
        "accumulated_operating_revenue_yoy": 12.453663542118749, 
        "accumulated_operating_revenue": 2225765, 
        "long_term_average": 265659, 
        "date": "2013-08-31", 
        "operating_revenue": 269250, 
        "short_term_average": 272763
    }, 
    {
        "accumulated_operating_revenue_yoy": 12.32679420935291, 
        "accumulated_operating_revenue": 2477819, 
        "long_term_average": 267778, 
        "date": "2013-09-30", 
        "operating_revenue": 252054, 
        "short_term_average": 268153
    }, 
    {
        "accumulated_operating_revenue_yoy": 12.9702014125889, 
        "accumulated_operating_revenue": 2760698, 
        "long_term_average": 271531, 
        "date": "2013-10-31", 
        "operating_revenue": 282879, 
        "short_term_average": 268061
    }, 
    {
        "accumulated_operating_revenue_yoy": 12.238335164648277, 
        "accumulated_operating_revenue": 3035818, 
        "long_term_average": 272703, 
        "date": "2013-11-30", 
        "operating_revenue": 275120, 
        "short_term_average": 270017
    }, 
    {
        "accumulated_operating_revenue_yoy": 11.763901949465257, 
        "accumulated_operating_revenue": 3287448, 
        "long_term_average": 273954, 
        "date": "2013-12-31", 
        "operating_revenue": 251630, 
        "short_term_average": 269876
    }, 
    {
        "accumulated_operating_revenue_yoy": 8.409722296328706, 
        "accumulated_operating_revenue": 304769, 
        "long_term_average": 275924, 
        "date": "2014-01-31", 
        "operating_revenue": 304769, 
        "short_term_average": 277173
    }, 
    {
        "accumulated_operating_revenue_yoy": 15.073629804933455, 
        "accumulated_operating_revenue": 581543, 
        "long_term_average": 280302, 
        "date": "2014-02-28", 
        "operating_revenue": 276774, 
        "short_term_average": 277724
    }, 
    {
        "accumulated_operating_revenue_yoy": 11.927198245070583, 
        "accumulated_operating_revenue": 885249, 
        "long_term_average": 281815, 
        "date": "2014-03-31", 
        "operating_revenue": 303706, 
        "short_term_average": 295083
    }, 
    {
        "accumulated_operating_revenue_yoy": 9.856707136376693, 
        "accumulated_operating_revenue": 1204804, 
        "long_term_average": 282962, 
        "date": "2014-04-30", 
        "operating_revenue": 319555, 
        "short_term_average": 300011
    }, 
    {
        "accumulated_operating_revenue_yoy": 7.678360184017478, 
        "accumulated_operating_revenue": 1515546, 
        "long_term_average": 282959, 
        "date": "2014-05-31", 
        "operating_revenue": 310742, 
        "short_term_average": 311334
    }, 
    {
        "accumulated_operating_revenue_yoy": 6.588667816450515, 
        "accumulated_operating_revenue": 1783610, 
        "long_term_average": 283141, 
        "date": "2014-06-30", 
        "operating_revenue": 268064, 
        "short_term_average": 299453
    }, 
    {
        "accumulated_operating_revenue_yoy": 6.633989517075004, 
        "accumulated_operating_revenue": 2086310, 
        "long_term_average": 284770, 
        "date": "2014-07-31", 
        "operating_revenue": 302700, 
        "short_term_average": 293835
    }, 
    {
        "accumulated_operating_revenue_yoy": 5.980280937116002, 
        "accumulated_operating_revenue": 2358872, 
        "long_term_average": 285046, 
        "date": "2014-08-31", 
        "operating_revenue": 272562, 
        "short_term_average": 281108
    }, 
    {
        "accumulated_operating_revenue_yoy": 6.737780281771993, 
        "accumulated_operating_revenue": 2644769, 
        "long_term_average": 287866, 
        "date": "2014-09-30", 
        "operating_revenue": 285897, 
        "short_term_average": 287053
    }, 
    {
        "accumulated_operating_revenue_yoy": 6.666248897923641, 
        "accumulated_operating_revenue": 2944733, 
        "long_term_average": 289290, 
        "date": "2014-10-31", 
        "operating_revenue": 299964, 
        "short_term_average": 286141
    }, 
    {
        "accumulated_operating_revenue_yoy": 5.9110921669217324, 
        "accumulated_operating_revenue": 3215268, 
        "long_term_average": 288908, 
        "date": "2014-11-30", 
        "operating_revenue": 270535, 
        "short_term_average": 285465
    }, 
    {
        "accumulated_operating_revenue_yoy": 5.830145450209403, 
        "accumulated_operating_revenue": 3479111, 
        "long_term_average": 289925, 
        "date": "2014-12-31", 
        "operating_revenue": 263843, 
        "short_term_average": 278114
    }, 
    {
        "accumulated_operating_revenue_yoy": -0.21262004993946232, 
        "accumulated_operating_revenue": 304121, 
        "long_term_average": 289871, 
        "date": "2015-01-31", 
        "operating_revenue": 304121, 
        "short_term_average": 279499
    }, 
    {
        "accumulated_operating_revenue_yoy": 0.6735529444942162, 
        "accumulated_operating_revenue": 585460, 
        "long_term_average": 290252, 
        "date": "2015-02-28", 
        "operating_revenue": 281339, 
        "short_term_average": 283101
    }, 
    {
        "accumulated_operating_revenue_yoy": 1.3904562445142554, 
        "accumulated_operating_revenue": 897558, 
        "long_term_average": 290951, 
        "date": "2015-03-31", 
        "operating_revenue": 312098, 
        "short_term_average": 299186
    }, 
    {
        "accumulated_operating_revenue_yoy": 1.8071819150666828, 
        "accumulated_operating_revenue": 1226577, 
        "long_term_average": 291740, 
        "date": "2015-04-30", 
        "operating_revenue": 329019, 
        "short_term_average": 307485
    }, 
    {
        "accumulated_operating_revenue_yoy": 2.0570804185422285, 
        "accumulated_operating_revenue": 1546722, 
        "long_term_average": 292523, 
        "date": "2015-05-31", 
        "operating_revenue": 320145, 
        "short_term_average": 320420
    }, 
    {
        "accumulated_operating_revenue_yoy": 3.26242844568039, 
        "accumulated_operating_revenue": 1841799, 
        "long_term_average": 294775, 
        "date": "2015-06-30", 
        "operating_revenue": 295077, 
        "short_term_average": 314747
    }, 
    {
        "accumulated_operating_revenue_yoy": 1.6187431398018512, 
        "accumulated_operating_revenue": 2120082, 
        "long_term_average": 292740, 
        "date": "2015-07-31", 
        "operating_revenue": 278283, 
        "short_term_average": 297835
    }, 
    {
        "accumulated_operating_revenue_yoy": 0.27915885219715186, 
        "accumulated_operating_revenue": 2365457, 
        "long_term_average": 290474, 
        "date": "2015-08-31", 
        "operating_revenue": 245375, 
        "short_term_average": 272911
    }, 
    {
        "accumulated_operating_revenue_yoy": -0.0883631046794635, 
        "accumulated_operating_revenue": 2642432, 
        "long_term_average": 289731, 
        "date": "2015-09-30", 
        "operating_revenue": 276975, 
        "short_term_average": 266877
    }, 
    {
        "accumulated_operating_revenue_yoy": -0.15390189874599836, 
        "accumulated_operating_revenue": 2940201, 
        "long_term_average": 289548, 
        "date": "2015-10-31", 
        "operating_revenue": 297769, 
        "short_term_average": 273373
    }
]