[
    {
        "date": "2012-01-31", 
        "operating_revenue": 181941, 
        "accumulated_operating_revenue": 181941, 
        "long_term_average": 181941, 
        "short_term_average": 181941
    }, 
    {
        "date": "2012-02-29", 
        "operating_revenue": 209891, 
        "accumulated_operating_revenue": 391832, 
        "long_term_average": 195916, 
        "short_term_average": 195916
    }, 
    {
        "date": "2012-03-31", 
        "operating_revenue": 252210, 
        "accumulated_operating_revenue": 644042, 
        "long_term_average": 214680, 
        "short_term_average": 214680
    }, 
    {
        "date": "2012-04-30", 
        "operating_revenue": 217995, 
        "accumulated_operating_revenue": 862037, 
        "long_term_average": 215509, 
        "short_term_average": 226698
    }, 
    {
        "date": "2012-05-31", 
        "operating_revenue": 204791, 
        "accumulated_operating_revenue": 1066828, 
        "long_term_average": 213365, 
        "short_term_average": 224998
    }, 
    {
        "date": "2012-06-30", 
        "operating_revenue": 187959, 
        "accumulated_operating_revenue": 1254787, 
        "long_term_average": 209131, 
        "short_term_average": 203581
    }, 
    {
        "date": "2012-07-31", 
        "operating_revenue": 194038, 
        "accumulated_operating_revenue": 1448825, 
        "long_term_average": 206975, 
        "short_term_average": 195596
    }, 
    {
        "date": "2012-08-31", 
        "operating_revenue": 209359, 
        "accumulated_operating_revenue": 1658184, 
        "long_term_average": 207273, 
        "short_term_average": 197118
    }, 
    {
        "date": "2012-09-30", 
        "operating_revenue": 186101, 
        "accumulated_operating_revenue": 1844285, 
        "long_term_average": 204920, 
        "short_term_average": 196499
    }, 
    {
        "date": "2012-10-31", 
        "operating_revenue": 145012, 
        "accumulated_operating_revenue": 1989297, 
        "long_term_average": 198929, 
        "short_term_average": 180157
    }, 
    {
        "date": "2012-11-30", 
        "operating_revenue": 157656, 
        "accumulated_operating_revenue": 2146953, 
        "long_term_average": 195177, 
        "short_term_average": 162923
    }, 
    {
        "date": "2012-12-31", 
        "operating_revenue": 151058, 
        "accumulated_operating_revenue": 2298011, 
        "long_term_average": 191500, 
        "short_term_average": 151242
    }, 
    {
        "accumulated_operating_revenue_yoy": 4.687233773585943, 
        "accumulated_operating_revenue": 190469, 
        "long_term_average": 192211, 
        "date": "2013-01-31", 
        "operating_revenue": 190469, 
        "short_term_average": 166394
    }, 
    {
        "accumulated_operating_revenue_yoy": -19.75719185773495, 
        "accumulated_operating_revenue": 314417, 
        "long_term_average": 185049, 
        "date": "2013-02-28", 
        "operating_revenue": 123948, 
        "short_term_average": 155158
    }, 
    {
        "accumulated_operating_revenue_yoy": -24.46921163526602, 
        "accumulated_operating_revenue": 486450, 
        "long_term_average": 178368, 
        "date": "2013-03-31", 
        "operating_revenue": 172033, 
        "short_term_average": 162150
    }, 
    {
        "accumulated_operating_revenue_yoy": -24.775734684242092, 
        "accumulated_operating_revenue": 648461, 
        "long_term_average": 173702, 
        "date": "2013-04-30", 
        "operating_revenue": 162011, 
        "short_term_average": 152664
    }, 
    {
        "accumulated_operating_revenue_yoy": -23.4914156733794, 
        "accumulated_operating_revenue": 816215, 
        "long_term_average": 170616, 
        "date": "2013-05-31", 
        "operating_revenue": 167754, 
        "short_term_average": 167266
    }, 
    {
        "accumulated_operating_revenue_yoy": -22.4749698554416, 
        "accumulated_operating_revenue": 972774, 
        "long_term_average": 167999, 
        "date": "2013-06-30", 
        "operating_revenue": 156559, 
        "short_term_average": 162108
    }, 
    {
        "accumulated_operating_revenue_yoy": -20.316532362431623, 
        "accumulated_operating_revenue": 1154474, 
        "long_term_average": 166971, 
        "date": "2013-07-31", 
        "operating_revenue": 181700, 
        "short_term_average": 168671
    }, 
    {
        "accumulated_operating_revenue_yoy": -19.20287495235752, 
        "accumulated_operating_revenue": 1339765, 
        "long_term_average": 164966, 
        "date": "2013-08-31", 
        "operating_revenue": 185291, 
        "short_term_average": 174516
    }, 
    {
        "accumulated_operating_revenue_yoy": -18.742710589740742, 
        "accumulated_operating_revenue": 1498616, 
        "long_term_average": 162695, 
        "date": "2013-09-30", 
        "operating_revenue": 158851, 
        "short_term_average": 175280
    }, 
    {
        "accumulated_operating_revenue_yoy": -15.87219002491835, 
        "accumulated_operating_revenue": 1673552, 
        "long_term_average": 165188, 
        "date": "2013-10-31", 
        "operating_revenue": 174936, 
        "short_term_average": 173026
    }, 
    {
        "accumulated_operating_revenue_yoy": -14.008783611005923, 
        "accumulated_operating_revenue": 1846191, 
        "long_term_average": 166437, 
        "date": "2013-11-30", 
        "operating_revenue": 172639, 
        "short_term_average": 168808
    }, 
    {
        "accumulated_operating_revenue_yoy": -12.481445911268484, 
        "accumulated_operating_revenue": 2011186, 
        "long_term_average": 167598, 
        "date": "2013-12-31", 
        "operating_revenue": 164995, 
        "short_term_average": 170856
    }, 
    {
        "accumulated_operating_revenue_yoy": -13.110794932508702, 
        "accumulated_operating_revenue": 165497, 
        "long_term_average": 165517, 
        "date": "2014-01-31", 
        "operating_revenue": 165497, 
        "short_term_average": 167710
    }, 
    {
        "accumulated_operating_revenue_yoy": -5.555361192301943, 
        "accumulated_operating_revenue": 296950, 
        "long_term_average": 166143, 
        "date": "2014-02-28", 
        "operating_revenue": 131453, 
        "short_term_average": 153981
    }, 
    {
        "accumulated_operating_revenue_yoy": -8.952410319662864, 
        "accumulated_operating_revenue": 442901, 
        "long_term_average": 163969, 
        "date": "2014-03-31", 
        "operating_revenue": 145951, 
        "short_term_average": 147633
    }, 
    {
        "accumulated_operating_revenue_yoy": -3.8953769000757177, 
        "accumulated_operating_revenue": 623201, 
        "long_term_average": 165493, 
        "date": "2014-04-30", 
        "operating_revenue": 180300, 
        "short_term_average": 152568
    }, 
    {
        "accumulated_operating_revenue_yoy": 0.2177122449354643, 
        "accumulated_operating_revenue": 817992, 
        "long_term_average": 167746, 
        "date": "2014-05-31", 
        "operating_revenue": 194791, 
        "short_term_average": 173680
    }, 
    {
        "accumulated_operating_revenue_yoy": 1.6632845861423107, 
        "accumulated_operating_revenue": 988954, 
        "long_term_average": 168947, 
        "date": "2014-06-30", 
        "operating_revenue": 170962, 
        "short_term_average": 182017
    }, 
    {
        "accumulated_operating_revenue_yoy": 2.5920895576686873, 
        "accumulated_operating_revenue": 1184399, 
        "long_term_average": 170092, 
        "date": "2014-07-31", 
        "operating_revenue": 195445, 
        "short_term_average": 187066
    }, 
    {
        "accumulated_operating_revenue_yoy": 1.5469130780398055, 
        "accumulated_operating_revenue": 1360490, 
        "long_term_average": 169325, 
        "date": "2014-08-31", 
        "operating_revenue": 176091, 
        "short_term_average": 180832
    }, 
    {
        "accumulated_operating_revenue_yoy": 3.108868449289211, 
        "accumulated_operating_revenue": 1545206, 
        "long_term_average": 171481, 
        "date": "2014-09-30", 
        "operating_revenue": 184716, 
        "short_term_average": 185417
    }, 
    {
        "accumulated_operating_revenue_yoy": 3.7116265284855205, 
        "accumulated_operating_revenue": 1735668, 
        "long_term_average": 172775, 
        "date": "2014-10-31", 
        "operating_revenue": 190462, 
        "short_term_average": 183756
    }, 
    {
        "accumulated_operating_revenue_yoy": 3.1091040959467358, 
        "accumulated_operating_revenue": 1903591, 
        "long_term_average": 172382, 
        "date": "2014-11-30", 
        "operating_revenue": 167923, 
        "short_term_average": 181033
    }, 
    {
        "accumulated_operating_revenue_yoy": 2.479034758595177, 
        "accumulated_operating_revenue": 2061044, 
        "long_term_average": 171753, 
        "date": "2014-12-31", 
        "operating_revenue": 157453, 
        "short_term_average": 171946
    }, 
    {
        "accumulated_operating_revenue_yoy": -4.908850311486009, 
        "accumulated_operating_revenue": 157373, 
        "long_term_average": 171076, 
        "date": "2015-01-31", 
        "operating_revenue": 157373, 
        "short_term_average": 160916
    }, 
    {
        "accumulated_operating_revenue_yoy": -4.739518437447382, 
        "accumulated_operating_revenue": 282876, 
        "long_term_average": 170580, 
        "date": "2015-02-28", 
        "operating_revenue": 125503, 
        "short_term_average": 146776
    }, 
    {
        "accumulated_operating_revenue_yoy": -3.0379249538835995, 
        "accumulated_operating_revenue": 429446, 
        "long_term_average": 170632, 
        "date": "2015-03-31", 
        "operating_revenue": 146570, 
        "short_term_average": 143148
    }, 
    {
        "accumulated_operating_revenue_yoy": -7.188531468980313, 
        "accumulated_operating_revenue": 578402, 
        "long_term_average": 168020, 
        "date": "2015-04-30", 
        "operating_revenue": 148956, 
        "short_term_average": 140343
    }, 
    {
        "accumulated_operating_revenue_yoy": -14.076543535878102, 
        "accumulated_operating_revenue": 702847, 
        "long_term_average": 162158, 
        "date": "2015-05-31", 
        "operating_revenue": 124445, 
        "short_term_average": 139990
    }, 
    {
        "accumulated_operating_revenue_yoy": -18.00124171599488, 
        "accumulated_operating_revenue": 810930, 
        "long_term_average": 156918, 
        "date": "2015-06-30", 
        "operating_revenue": 108083, 
        "short_term_average": 127161
    }, 
    {
        "accumulated_operating_revenue_yoy": -20.50862927104802, 
        "accumulated_operating_revenue": 941495, 
        "long_term_average": 151511, 
        "date": "2015-07-31", 
        "operating_revenue": 130565, 
        "short_term_average": 121031
    }, 
    {
        "accumulated_operating_revenue_yoy": -21.77928540452337, 
        "accumulated_operating_revenue": 1064185, 
        "long_term_average": 147061, 
        "date": "2015-08-31", 
        "operating_revenue": 122690, 
        "short_term_average": 120446
    }, 
    {
        "accumulated_operating_revenue_yoy": -22.539001272322267, 
        "accumulated_operating_revenue": 1196932, 
        "long_term_average": 142730, 
        "date": "2015-09-30", 
        "operating_revenue": 132747, 
        "short_term_average": 128667
    }, 
    {
        "accumulated_operating_revenue_yoy": -23.64663057681538, 
        "accumulated_operating_revenue": 1325241, 
        "long_term_average": 137551, 
        "date": "2015-10-31", 
        "operating_revenue": 128309, 
        "short_term_average": 127915
    }
]