[
    {
        "date": "2011-09-30", 
        "operating_revenue": 77456, 
        "accumulated_operating_revenue": 77456, 
        "long_term_average": 77456, 
        "short_term_average": 77456
    }, 
    {
        "date": "2011-10-31", 
        "operating_revenue": 74802, 
        "accumulated_operating_revenue": 152258, 
        "long_term_average": 76129, 
        "short_term_average": 76129
    }, 
    {
        "date": "2011-11-30", 
        "operating_revenue": 68551, 
        "accumulated_operating_revenue": 220809, 
        "long_term_average": 73603, 
        "short_term_average": 73603
    }, 
    {
        "date": "2011-12-31", 
        "operating_revenue": 57765, 
        "accumulated_operating_revenue": 278574, 
        "long_term_average": 69643, 
        "short_term_average": 67039
    }, 
    {
        "date": "2012-01-31", 
        "operating_revenue": 42838, 
        "accumulated_operating_revenue": 42838, 
        "long_term_average": 64282, 
        "short_term_average": 56384
    }, 
    {
        "date": "2012-02-29", 
        "operating_revenue": 50249, 
        "accumulated_operating_revenue": 93087, 
        "long_term_average": 61943, 
        "short_term_average": 50284
    }, 
    {
        "date": "2012-03-31", 
        "operating_revenue": 67394, 
        "accumulated_operating_revenue": 160481, 
        "long_term_average": 62722, 
        "short_term_average": 53493
    }, 
    {
        "date": "2012-04-30", 
        "operating_revenue": 40810, 
        "accumulated_operating_revenue": 201291, 
        "long_term_average": 59983, 
        "short_term_average": 52817
    }, 
    {
        "date": "2012-05-31", 
        "operating_revenue": 53801, 
        "accumulated_operating_revenue": 255092, 
        "long_term_average": 59296, 
        "short_term_average": 54001
    }, 
    {
        "date": "2012-06-30", 
        "operating_revenue": 52804, 
        "accumulated_operating_revenue": 307896, 
        "long_term_average": 58647, 
        "short_term_average": 49138
    }, 
    {
        "date": "2012-07-31", 
        "operating_revenue": 59532, 
        "accumulated_operating_revenue": 367428, 
        "long_term_average": 58727, 
        "short_term_average": 55379
    }, 
    {
        "date": "2012-08-31", 
        "operating_revenue": 64245, 
        "accumulated_operating_revenue": 431673, 
        "long_term_average": 59187, 
        "short_term_average": 58860
    }, 
    {
        "accumulated_operating_revenue_yoy": 521.7375025821111, 
        "accumulated_operating_revenue": 481573, 
        "long_term_average": 56890, 
        "date": "2012-09-30", 
        "operating_revenue": 49900, 
        "short_term_average": 57892
    }, 
    {
        "accumulated_operating_revenue_yoy": 254.2519933271158, 
        "accumulated_operating_revenue": 539377, 
        "long_term_average": 55474, 
        "date": "2012-10-31", 
        "operating_revenue": 57804, 
        "short_term_average": 57316
    }, 
    {
        "accumulated_operating_revenue_yoy": 170.298764995992, 
        "accumulated_operating_revenue": 596844, 
        "long_term_average": 54550, 
        "date": "2012-11-30", 
        "operating_revenue": 57467, 
        "short_term_average": 55057
    }, 
    {
        "accumulated_operating_revenue_yoy": 134.3833236411151, 
        "accumulated_operating_revenue": 652931, 
        "long_term_average": 54410, 
        "date": "2012-12-31", 
        "operating_revenue": 56087, 
        "short_term_average": 57119
    }, 
    {
        "accumulated_operating_revenue_yoy": 4.815817731920258, 
        "accumulated_operating_revenue": 44901, 
        "long_term_average": 54582, 
        "date": "2013-01-31", 
        "operating_revenue": 44901, 
        "short_term_average": 52818
    }, 
    {
        "accumulated_operating_revenue_yoy": -24.237541224875653, 
        "accumulated_operating_revenue": 70525, 
        "long_term_average": 52530, 
        "date": "2013-02-28", 
        "operating_revenue": 25624, 
        "short_term_average": 42204
    }, 
    {
        "accumulated_operating_revenue_yoy": -27.618845844679434, 
        "accumulated_operating_revenue": 116158, 
        "long_term_average": 50717, 
        "date": "2013-03-31", 
        "operating_revenue": 45633, 
        "short_term_average": 38719
    }, 
    {
        "accumulated_operating_revenue_yoy": -14.277339771773203, 
        "accumulated_operating_revenue": 172552, 
        "long_term_average": 52016, 
        "date": "2013-04-30", 
        "operating_revenue": 56394, 
        "short_term_average": 42550
    }, 
    {
        "accumulated_operating_revenue_yoy": -12.285763567654023, 
        "accumulated_operating_revenue": 223752, 
        "long_term_average": 51799, 
        "date": "2013-05-31", 
        "operating_revenue": 51200, 
        "short_term_average": 51075
    }, 
    {
        "accumulated_operating_revenue_yoy": -15.334398628108193, 
        "accumulated_operating_revenue": 260682, 
        "long_term_average": 50476, 
        "date": "2013-06-30", 
        "operating_revenue": 36930, 
        "short_term_average": 48174
    }, 
    {
        "accumulated_operating_revenue_yoy": -16.60216423353691, 
        "accumulated_operating_revenue": 306427, 
        "long_term_average": 49327, 
        "date": "2013-07-31", 
        "operating_revenue": 45745, 
        "short_term_average": 44625
    }, 
    {
        "accumulated_operating_revenue_yoy": -24.98812758731725, 
        "accumulated_operating_revenue": 323806, 
        "long_term_average": 45422, 
        "date": "2013-08-31", 
        "operating_revenue": 17379, 
        "short_term_average": 33351
    }, 
    {
        "accumulated_operating_revenue_yoy": -30.000851376634486, 
        "accumulated_operating_revenue": 337097, 
        "long_term_average": 42371, 
        "date": "2013-09-30", 
        "operating_revenue": 13291, 
        "short_term_average": 25471
    }, 
    {
        "accumulated_operating_revenue_yoy": -33.59950461365613, 
        "accumulated_operating_revenue": 358149, 
        "long_term_average": 39308, 
        "date": "2013-10-31", 
        "operating_revenue": 21052, 
        "short_term_average": 17240
    }, 
    {
        "accumulated_operating_revenue_yoy": -36.6276614994873, 
        "accumulated_operating_revenue": 378234, 
        "long_term_average": 36193, 
        "date": "2013-11-30", 
        "operating_revenue": 20085, 
        "short_term_average": 18142
    }, 
    {
        "accumulated_operating_revenue_yoy": -38.51218582055378, 
        "accumulated_operating_revenue": 401473, 
        "long_term_average": 33456, 
        "date": "2013-12-31", 
        "operating_revenue": 23239, 
        "short_term_average": 21458
    }, 
    {
        "accumulated_operating_revenue_yoy": -73.46606979800005, 
        "accumulated_operating_revenue": 11914, 
        "long_term_average": 30707, 
        "date": "2014-01-31", 
        "operating_revenue": 11914, 
        "short_term_average": 18412
    }, 
    {
        "accumulated_operating_revenue_yoy": -61.697270471464016, 
        "accumulated_operating_revenue": 27013, 
        "long_term_average": 29830, 
        "date": "2014-02-28", 
        "operating_revenue": 15099, 
        "short_term_average": 16750
    }, 
    {
        "accumulated_operating_revenue_yoy": 20.234508169906505, 
        "accumulated_operating_revenue": 139662, 
        "long_term_average": 35414, 
        "date": "2014-03-31", 
        "operating_revenue": 112649, 
        "short_term_average": 46554
    }, 
    {
        "accumulated_operating_revenue_yoy": 4.768997171867031, 
        "accumulated_operating_revenue": 180781, 
        "long_term_average": 34141, 
        "date": "2014-04-30", 
        "operating_revenue": 41119, 
        "short_term_average": 56289
    }, 
    {
        "accumulated_operating_revenue_yoy": 2.490703993707319, 
        "accumulated_operating_revenue": 229325, 
        "long_term_average": 33920, 
        "date": "2014-05-31", 
        "operating_revenue": 48544, 
        "short_term_average": 67437
    }, 
    {
        "accumulated_operating_revenue_yoy": 16.7552803799265, 
        "accumulated_operating_revenue": 304360, 
        "long_term_average": 37095, 
        "date": "2014-06-30", 
        "operating_revenue": 75035, 
        "short_term_average": 54899
    }, 
    {
        "accumulated_operating_revenue_yoy": 64.8555773479491, 
        "accumulated_operating_revenue": 505162, 
        "long_term_average": 50017, 
        "date": "2014-07-31", 
        "operating_revenue": 200802, 
        "short_term_average": 108127
    }, 
    {
        "accumulated_operating_revenue_yoy": 83.54415915702612, 
        "accumulated_operating_revenue": 594327, 
        "long_term_average": 55999, 
        "date": "2014-08-31", 
        "operating_revenue": 89165, 
        "short_term_average": 121667
    }, 
    {
        "accumulated_operating_revenue_yoy": 129.8026977398197, 
        "accumulated_operating_revenue": 774658, 
        "long_term_average": 69919, 
        "date": "2014-09-30", 
        "operating_revenue": 180331, 
        "short_term_average": 156766
    }, 
    {
        "accumulated_operating_revenue_yoy": 211.82580434400208, 
        "accumulated_operating_revenue": 1116801, 
        "long_term_average": 96677, 
        "date": "2014-10-31", 
        "operating_revenue": 342143, 
        "short_term_average": 203879
    }, 
    {
        "accumulated_operating_revenue_yoy": 241.61841611277674, 
        "accumulated_operating_revenue": 1292117, 
        "long_term_average": 109613, 
        "date": "2014-11-30", 
        "operating_revenue": 175316, 
        "short_term_average": 232596
    }, 
    {
        "accumulated_operating_revenue_yoy": 241.29841857360273, 
        "accumulated_operating_revenue": 1370221, 
        "long_term_average": 114185, 
        "date": "2014-12-31", 
        "operating_revenue": 78104, 
        "short_term_average": 198521
    }, 
    {
        "accumulated_operating_revenue_yoy": 4035.7898270941746, 
        "accumulated_operating_revenue": 492738, 
        "long_term_average": 154253, 
        "date": "2015-01-31", 
        "operating_revenue": 492738, 
        "short_term_average": 248719
    }, 
    {
        "accumulated_operating_revenue_yoy": 2642.020508643986, 
        "accumulated_operating_revenue": 740702, 
        "long_term_average": 173659, 
        "date": "2015-02-28", 
        "operating_revenue": 247964, 
        "short_term_average": 272935
    }, 
    {
        "accumulated_operating_revenue_yoy": 559.479314344632, 
        "accumulated_operating_revenue": 921042, 
        "long_term_average": 179300, 
        "date": "2015-03-31", 
        "operating_revenue": 180340, 
        "short_term_average": 307014
    }, 
    {
        "accumulated_operating_revenue_yoy": 525.5812281157864, 
        "accumulated_operating_revenue": 1130932, 
        "long_term_average": 193364, 
        "date": "2015-04-30", 
        "operating_revenue": 209890, 
        "short_term_average": 212731
    }, 
    {
        "accumulated_operating_revenue_yoy": 464.7286601984084, 
        "accumulated_operating_revenue": 1295064, 
        "long_term_average": 202996, 
        "date": "2015-05-31", 
        "operating_revenue": 164132, 
        "short_term_average": 184787
    }, 
    {
        "accumulated_operating_revenue_yoy": 359.70561177552895, 
        "accumulated_operating_revenue": 1399160, 
        "long_term_average": 205418, 
        "date": "2015-06-30", 
        "operating_revenue": 104096, 
        "short_term_average": 159372
    }, 
    {
        "accumulated_operating_revenue_yoy": 192.51804371666913, 
        "accumulated_operating_revenue": 1477690, 
        "long_term_average": 195229, 
        "date": "2015-07-31", 
        "operating_revenue": 78530, 
        "short_term_average": 115586
    }, 
    {
        "accumulated_operating_revenue_yoy": 181.01920323323694, 
        "accumulated_operating_revenue": 1670173, 
        "long_term_average": 203838, 
        "date": "2015-08-31", 
        "operating_revenue": 192483, 
        "short_term_average": 125036
    }
]