[
    {
        "date": "2012-01-31", 
        "operating_revenue": 542828, 
        "accumulated_operating_revenue": 542828, 
        "long_term_average": 542828, 
        "short_term_average": 542828
    }, 
    {
        "date": "2012-02-29", 
        "operating_revenue": 649726, 
        "accumulated_operating_revenue": 1192554, 
        "long_term_average": 596277, 
        "short_term_average": 596277
    }, 
    {
        "date": "2012-03-31", 
        "operating_revenue": 777250, 
        "accumulated_operating_revenue": 1969804, 
        "long_term_average": 656601, 
        "short_term_average": 656601
    }, 
    {
        "date": "2012-04-30", 
        "operating_revenue": 594191, 
        "accumulated_operating_revenue": 2563995, 
        "long_term_average": 640998, 
        "short_term_average": 673722
    }, 
    {
        "date": "2012-05-31", 
        "operating_revenue": 670280, 
        "accumulated_operating_revenue": 3234275, 
        "long_term_average": 646855, 
        "short_term_average": 680573
    }, 
    {
        "date": "2012-06-30", 
        "operating_revenue": 599111, 
        "accumulated_operating_revenue": 3833386, 
        "long_term_average": 638897, 
        "short_term_average": 621194
    }, 
    {
        "date": "2012-07-31", 
        "operating_revenue": 713634, 
        "accumulated_operating_revenue": 4547020, 
        "long_term_average": 649574, 
        "short_term_average": 661008
    }, 
    {
        "date": "2012-08-31", 
        "operating_revenue": 612053, 
        "accumulated_operating_revenue": 5159073, 
        "long_term_average": 644884, 
        "short_term_average": 641599
    }, 
    {
        "date": "2012-09-30", 
        "operating_revenue": 655713, 
        "accumulated_operating_revenue": 5814786, 
        "long_term_average": 646087, 
        "short_term_average": 660466
    }, 
    {
        "date": "2012-10-31", 
        "operating_revenue": 697006, 
        "accumulated_operating_revenue": 6511792, 
        "long_term_average": 651179, 
        "short_term_average": 654924
    }, 
    {
        "date": "2012-11-30", 
        "operating_revenue": 611732, 
        "accumulated_operating_revenue": 7123524, 
        "long_term_average": 647593, 
        "short_term_average": 654817
    }, 
    {
        "date": "2012-12-31", 
        "operating_revenue": 579522, 
        "accumulated_operating_revenue": 7703046, 
        "long_term_average": 641920, 
        "short_term_average": 629420
    }, 
    {
        "accumulated_operating_revenue_yoy": 48.256537982565376, 
        "accumulated_operating_revenue": 804778, 
        "long_term_average": 663749, 
        "date": "2013-01-31", 
        "operating_revenue": 804778, 
        "short_term_average": 665344
    }, 
    {
        "accumulated_operating_revenue_yoy": 10.121218829503738, 
        "accumulated_operating_revenue": 1313255, 
        "long_term_average": 651978, 
        "date": "2013-02-28", 
        "operating_revenue": 508477, 
        "short_term_average": 630925
    }, 
    {
        "accumulated_operating_revenue_yoy": 7.093903758952667, 
        "accumulated_operating_revenue": 2109540, 
        "long_term_average": 653565, 
        "date": "2013-03-31", 
        "operating_revenue": 796285, 
        "short_term_average": 703180
    }, 
    {
        "accumulated_operating_revenue_yoy": 15.509663630389294, 
        "accumulated_operating_revenue": 2961662, 
        "long_term_average": 675059, 
        "date": "2013-04-30", 
        "operating_revenue": 852122, 
        "short_term_average": 718961
    }, 
    {
        "accumulated_operating_revenue_yoy": 16.24132147080876, 
        "accumulated_operating_revenue": 3759564, 
        "long_term_average": 685694, 
        "date": "2013-05-31", 
        "operating_revenue": 797902, 
        "short_term_average": 815436
    }, 
    {
        "accumulated_operating_revenue_yoy": 18.671873899471642, 
        "accumulated_operating_revenue": 4549151, 
        "long_term_average": 701567, 
        "date": "2013-06-30", 
        "operating_revenue": 789587, 
        "short_term_average": 813203
    }, 
    {
        "accumulated_operating_revenue_yoy": 21.457504035610135, 
        "accumulated_operating_revenue": 5522697, 
        "long_term_average": 723226, 
        "date": "2013-07-31", 
        "operating_revenue": 973546, 
        "short_term_average": 853678
    }, 
    {
        "accumulated_operating_revenue_yoy": 22.23362607972401, 
        "accumulated_operating_revenue": 6306122, 
        "long_term_average": 737507, 
        "date": "2013-08-31", 
        "operating_revenue": 783425, 
        "short_term_average": 848852
    }, 
    {
        "accumulated_operating_revenue_yoy": 25.446233102989517, 
        "accumulated_operating_revenue": 7294430, 
        "long_term_average": 765224, 
        "date": "2013-09-30", 
        "operating_revenue": 988308, 
        "short_term_average": 915093
    }, 
    {
        "accumulated_operating_revenue_yoy": 25.934013248580424, 
        "accumulated_operating_revenue": 8200561, 
        "long_term_average": 782651, 
        "date": "2013-10-31", 
        "operating_revenue": 906131, 
        "short_term_average": 892621
    }, 
    {
        "accumulated_operating_revenue_yoy": 26.515359532725657, 
        "accumulated_operating_revenue": 9012352, 
        "long_term_average": 799322, 
        "date": "2013-11-30", 
        "operating_revenue": 811791, 
        "short_term_average": 902076
    }, 
    {
        "accumulated_operating_revenue_yoy": 27.668275640571277, 
        "accumulated_operating_revenue": 9834346, 
        "long_term_average": 819528, 
        "date": "2013-12-31", 
        "operating_revenue": 821994, 
        "short_term_average": 846638
    }, 
    {
        "accumulated_operating_revenue_yoy": 14.36905581414999, 
        "accumulated_operating_revenue": 920417, 
        "long_term_average": 829165, 
        "date": "2014-01-31", 
        "operating_revenue": 920417, 
        "short_term_average": 851400
    }, 
    {
        "accumulated_operating_revenue_yoy": 22.449486200319054, 
        "accumulated_operating_revenue": 1608074, 
        "long_term_average": 844097, 
        "date": "2014-02-28", 
        "operating_revenue": 687657, 
        "short_term_average": 810022
    }, 
    {
        "accumulated_operating_revenue_yoy": 13.956976402438444, 
        "accumulated_operating_revenue": 2403968, 
        "long_term_average": 844064, 
        "date": "2014-03-31", 
        "operating_revenue": 795894, 
        "short_term_average": 801322
    }, 
    {
        "accumulated_operating_revenue_yoy": 10.975830462760436, 
        "accumulated_operating_revenue": 3286729, 
        "long_term_average": 846617, 
        "date": "2014-04-30", 
        "operating_revenue": 882761, 
        "short_term_average": 788770
    }, 
    {
        "accumulated_operating_revenue_yoy": 9.008544607832185, 
        "accumulated_operating_revenue": 4098246, 
        "long_term_average": 847752, 
        "date": "2014-05-31", 
        "operating_revenue": 811517, 
        "short_term_average": 830057
    }, 
    {
        "accumulated_operating_revenue_yoy": 10.255825757377586, 
        "accumulated_operating_revenue": 5015704, 
        "long_term_average": 858408, 
        "date": "2014-06-30", 
        "operating_revenue": 917458, 
        "short_term_average": 870578
    }, 
    {
        "accumulated_operating_revenue_yoy": 8.186815246246534, 
        "accumulated_operating_revenue": 5974830, 
        "long_term_average": 857206, 
        "date": "2014-07-31", 
        "operating_revenue": 959126, 
        "short_term_average": 896033
    }, 
    {
        "accumulated_operating_revenue_yoy": 7.670736468466674, 
        "accumulated_operating_revenue": 6789848, 
        "long_term_average": 859839, 
        "date": "2014-08-31", 
        "operating_revenue": 815018, 
        "short_term_average": 897200
    }, 
    {
        "accumulated_operating_revenue_yoy": 6.199689352012426, 
        "accumulated_operating_revenue": 7746662, 
        "long_term_average": 857214, 
        "date": "2014-09-30", 
        "operating_revenue": 956814, 
        "short_term_average": 910319
    }, 
    {
        "accumulated_operating_revenue_yoy": 6.232634572195731, 
        "accumulated_operating_revenue": 8711672, 
        "long_term_average": 862121, 
        "date": "2014-10-31", 
        "operating_revenue": 965010, 
        "short_term_average": 912280
    }, 
    {
        "accumulated_operating_revenue_yoy": 4.863869054382252, 
        "accumulated_operating_revenue": 9450701, 
        "long_term_average": 856057, 
        "date": "2014-11-30", 
        "operating_revenue": 739029, 
        "short_term_average": 886951
    }, 
    {
        "accumulated_operating_revenue_yoy": 3.902293045211141, 
        "accumulated_operating_revenue": 10218111, 
        "long_term_average": 851509, 
        "date": "2014-12-31", 
        "operating_revenue": 767410, 
        "short_term_average": 823816
    }, 
    {
        "accumulated_operating_revenue_yoy": -2.3919592967100782, 
        "accumulated_operating_revenue": 898401, 
        "long_term_average": 849674, 
        "date": "2015-01-31", 
        "operating_revenue": 898401, 
        "short_term_average": 801613
    }, 
    {
        "accumulated_operating_revenue_yoy": -13.075890786120539, 
        "accumulated_operating_revenue": 1397804, 
        "long_term_average": 833986, 
        "date": "2015-02-28", 
        "operating_revenue": 499403, 
        "short_term_average": 721738
    }, 
    {
        "accumulated_operating_revenue_yoy": -10.030749161386508, 
        "accumulated_operating_revenue": 2162832, 
        "long_term_average": 831414, 
        "date": "2015-03-31", 
        "operating_revenue": 765028, 
        "short_term_average": 720944
    }, 
    {
        "accumulated_operating_revenue_yoy": -14.604854857215182, 
        "accumulated_operating_revenue": 2806707, 
        "long_term_average": 811507, 
        "date": "2015-04-30", 
        "operating_revenue": 643875, 
        "short_term_average": 636102
    }, 
    {
        "accumulated_operating_revenue_yoy": -15.820133784062742, 
        "accumulated_operating_revenue": 3449898, 
        "long_term_average": 797480, 
        "date": "2015-05-31", 
        "operating_revenue": 643191, 
        "short_term_average": 684031
    }, 
    {
        "accumulated_operating_revenue_yoy": -19.987024752656854, 
        "accumulated_operating_revenue": 4013214, 
        "long_term_average": 767968, 
        "date": "2015-06-30", 
        "operating_revenue": 563316, 
        "short_term_average": 616794
    }, 
    {
        "accumulated_operating_revenue_yoy": -22.74600281514286, 
        "accumulated_operating_revenue": 4615795, 
        "long_term_average": 738256, 
        "date": "2015-07-31", 
        "operating_revenue": 602581, 
        "short_term_average": 603029
    }, 
    {
        "accumulated_operating_revenue_yoy": -23.29872480208688, 
        "accumulated_operating_revenue": 5207900, 
        "long_term_average": 719680, 
        "date": "2015-08-31", 
        "operating_revenue": 592105, 
        "short_term_average": 586000
    }, 
    {
        "accumulated_operating_revenue_yoy": -25.953255737761634, 
        "accumulated_operating_revenue": 5736151, 
        "long_term_average": 683966, 
        "date": "2015-09-30", 
        "operating_revenue": 528251, 
        "short_term_average": 574312
    }
]