[
    {
        "date": "2012-01-31", 
        "operating_revenue": 207213, 
        "accumulated_operating_revenue": 207213, 
        "long_term_average": 207213, 
        "short_term_average": 207213
    }, 
    {
        "date": "2012-02-29", 
        "operating_revenue": 151321, 
        "accumulated_operating_revenue": 358534, 
        "long_term_average": 179267, 
        "short_term_average": 179267
    }, 
    {
        "date": "2012-03-31", 
        "operating_revenue": 317276, 
        "accumulated_operating_revenue": 675810, 
        "long_term_average": 225270, 
        "short_term_average": 225270
    }, 
    {
        "date": "2012-04-30", 
        "operating_revenue": 282932, 
        "accumulated_operating_revenue": 958742, 
        "long_term_average": 239685, 
        "short_term_average": 250509
    }, 
    {
        "date": "2012-05-31", 
        "operating_revenue": 311557, 
        "accumulated_operating_revenue": 1270299, 
        "long_term_average": 254059, 
        "short_term_average": 303921
    }, 
    {
        "date": "2012-06-30", 
        "operating_revenue": 301549, 
        "accumulated_operating_revenue": 1571848, 
        "long_term_average": 261974, 
        "short_term_average": 298679
    }, 
    {
        "date": "2012-07-31", 
        "operating_revenue": 169706, 
        "accumulated_operating_revenue": 1741554, 
        "long_term_average": 248793, 
        "short_term_average": 260937
    }, 
    {
        "date": "2012-08-31", 
        "operating_revenue": 85527, 
        "accumulated_operating_revenue": 1827081, 
        "long_term_average": 228385, 
        "short_term_average": 185594
    }, 
    {
        "date": "2012-09-30", 
        "operating_revenue": 69125, 
        "accumulated_operating_revenue": 1896206, 
        "long_term_average": 210689, 
        "short_term_average": 108119
    }, 
    {
        "date": "2012-10-31", 
        "operating_revenue": 75911, 
        "accumulated_operating_revenue": 1972117, 
        "long_term_average": 197211, 
        "short_term_average": 76854
    }, 
    {
        "date": "2012-11-30", 
        "operating_revenue": 61641, 
        "accumulated_operating_revenue": 2033758, 
        "long_term_average": 184887, 
        "short_term_average": 68892
    }, 
    {
        "date": "2012-12-31", 
        "operating_revenue": 82962, 
        "accumulated_operating_revenue": 2116720, 
        "long_term_average": 176393, 
        "short_term_average": 73504
    }, 
    {
        "accumulated_operating_revenue_yoy": -28.214928600039574, 
        "accumulated_operating_revenue": 148748, 
        "long_term_average": 171521, 
        "date": "2013-01-31", 
        "operating_revenue": 148748, 
        "short_term_average": 97783
    }, 
    {
        "accumulated_operating_revenue_yoy": -25.195936787027172, 
        "accumulated_operating_revenue": 268198, 
        "long_term_average": 168865, 
        "date": "2013-02-28", 
        "operating_revenue": 119450, 
        "short_term_average": 117053
    }, 
    {
        "accumulated_operating_revenue_yoy": -18.823485891004868, 
        "accumulated_operating_revenue": 548599, 
        "long_term_average": 165792, 
        "date": "2013-03-31", 
        "operating_revenue": 280401, 
        "short_term_average": 182866
    }, 
    {
        "accumulated_operating_revenue_yoy": -34.89489351671253, 
        "accumulated_operating_revenue": 624190, 
        "long_term_average": 148514, 
        "date": "2013-04-30", 
        "operating_revenue": 75591, 
        "short_term_average": 158480
    }, 
    {
        "accumulated_operating_revenue_yoy": -45.641774102002756, 
        "accumulated_operating_revenue": 690512, 
        "long_term_average": 128077, 
        "date": "2013-05-31", 
        "operating_revenue": 66322, 
        "short_term_average": 140771
    }, 
    {
        "accumulated_operating_revenue_yoy": -47.2672930206992, 
        "accumulated_operating_revenue": 828878, 
        "long_term_average": 114479, 
        "date": "2013-06-30", 
        "operating_revenue": 138366, 
        "short_term_average": 93426
    }, 
    {
        "accumulated_operating_revenue_yoy": -48.372832539214976, 
        "accumulated_operating_revenue": 899115, 
        "long_term_average": 106190, 
        "date": "2013-07-31", 
        "operating_revenue": 70237, 
        "short_term_average": 91641
    }, 
    {
        "accumulated_operating_revenue_yoy": -47.12971127169512, 
        "accumulated_operating_revenue": 965983, 
        "long_term_average": 104635, 
        "date": "2013-08-31", 
        "operating_revenue": 66868, 
        "short_term_average": 91823
    }, 
    {
        "accumulated_operating_revenue_yoy": -41.89729385942245, 
        "accumulated_operating_revenue": 1101747, 
        "long_term_average": 110188, 
        "date": "2013-09-30", 
        "operating_revenue": 135764, 
        "short_term_average": 90956
    }, 
    {
        "accumulated_operating_revenue_yoy": -39.43685896932079, 
        "accumulated_operating_revenue": 1194376, 
        "long_term_average": 111581, 
        "date": "2013-10-31", 
        "operating_revenue": 92629, 
        "short_term_average": 98420
    }, 
    {
        "accumulated_operating_revenue_yoy": -36.16246377395934, 
        "accumulated_operating_revenue": 1298301, 
        "long_term_average": 115105, 
        "date": "2013-11-30", 
        "operating_revenue": 103925, 
        "short_term_average": 110772
    }, 
    {
        "accumulated_operating_revenue_yoy": -26.69403605578442, 
        "accumulated_operating_revenue": 1551682, 
        "long_term_average": 129306, 
        "date": "2013-12-31", 
        "operating_revenue": 253381, 
        "short_term_average": 149978
    }, 
    {
        "accumulated_operating_revenue_yoy": -29.782585312071426, 
        "accumulated_operating_revenue": 104447, 
        "long_term_average": 125615, 
        "date": "2014-01-31", 
        "operating_revenue": 104447, 
        "short_term_average": 153917
    }, 
    {
        "accumulated_operating_revenue_yoy": -7.319592241552883, 
        "accumulated_operating_revenue": 248567, 
        "long_term_average": 127670, 
        "date": "2014-02-28", 
        "operating_revenue": 144120, 
        "short_term_average": 167316
    }, 
    {
        "accumulated_operating_revenue_yoy": -35.31541253265135, 
        "accumulated_operating_revenue": 354859, 
        "long_term_average": 113161, 
        "date": "2014-03-31", 
        "operating_revenue": 106292, 
        "short_term_average": 118286
    }, 
    {
        "accumulated_operating_revenue_yoy": -9.251029334016886, 
        "accumulated_operating_revenue": 566446, 
        "long_term_average": 124494, 
        "date": "2014-04-30", 
        "operating_revenue": 211587, 
        "short_term_average": 153999
    }, 
    {
        "accumulated_operating_revenue_yoy": 0.8134543642977964, 
        "accumulated_operating_revenue": 696129, 
        "long_term_average": 129774, 
        "date": "2014-05-31", 
        "operating_revenue": 129683, 
        "short_term_average": 149187
    }, 
    {
        "accumulated_operating_revenue_yoy": 5.503584363440699, 
        "accumulated_operating_revenue": 874496, 
        "long_term_average": 133108, 
        "date": "2014-06-30", 
        "operating_revenue": 178367, 
        "short_term_average": 173212
    }, 
    {
        "accumulated_operating_revenue_yoy": 11.886688577100815, 
        "accumulated_operating_revenue": 1005990, 
        "long_term_average": 138213, 
        "date": "2014-07-31", 
        "operating_revenue": 131494, 
        "short_term_average": 146514
    }, 
    {
        "accumulated_operating_revenue_yoy": 13.191640018509643, 
        "accumulated_operating_revenue": 1093412, 
        "long_term_average": 139925, 
        "date": "2014-08-31", 
        "operating_revenue": 87422, 
        "short_term_average": 132427
    }, 
    {
        "accumulated_operating_revenue_yoy": 7.479666384387704, 
        "accumulated_operating_revenue": 1184154, 
        "long_term_average": 136174, 
        "date": "2014-09-30", 
        "operating_revenue": 90742, 
        "short_term_average": 103219
    }, 
    {
        "accumulated_operating_revenue_yoy": 6.057388962939644, 
        "accumulated_operating_revenue": 1266724, 
        "long_term_average": 135335, 
        "date": "2014-10-31", 
        "operating_revenue": 82570, 
        "short_term_average": 86911
    }, 
    {
        "accumulated_operating_revenue_yoy": 2.5035796783642623, 
        "accumulated_operating_revenue": 1330805, 
        "long_term_average": 132015, 
        "date": "2014-11-30", 
        "operating_revenue": 64081, 
        "short_term_average": 79131
    }, 
    {
        "accumulated_operating_revenue_yoy": -7.8919520881211485, 
        "accumulated_operating_revenue": 1429224, 
        "long_term_average": 119102, 
        "date": "2014-12-31", 
        "operating_revenue": 98419, 
        "short_term_average": 81690
    }, 
    {
        "accumulated_operating_revenue_yoy": -57.51337999176616, 
        "accumulated_operating_revenue": 44376, 
        "long_term_average": 114096, 
        "date": "2015-01-31", 
        "operating_revenue": 44376, 
        "short_term_average": 68958
    }, 
    {
        "accumulated_operating_revenue_yoy": -69.86607232657593, 
        "accumulated_operating_revenue": 74903, 
        "long_term_average": 104630, 
        "date": "2015-02-28", 
        "operating_revenue": 30527, 
        "short_term_average": 57774
    }, 
    {
        "accumulated_operating_revenue_yoy": -65.98169977371295, 
        "accumulated_operating_revenue": 120717, 
        "long_term_average": 99590, 
        "date": "2015-03-31", 
        "operating_revenue": 45814, 
        "short_term_average": 40239
    }, 
    {
        "accumulated_operating_revenue_yoy": -72.49411241318678, 
        "accumulated_operating_revenue": 155806, 
        "long_term_average": 84882, 
        "date": "2015-04-30", 
        "operating_revenue": 35089, 
        "short_term_average": 37143
    }, 
    {
        "accumulated_operating_revenue_yoy": -73.00557798913707, 
        "accumulated_operating_revenue": 187916, 
        "long_term_average": 76750, 
        "date": "2015-05-31", 
        "operating_revenue": 32110, 
        "short_term_average": 37671
    }, 
    {
        "accumulated_operating_revenue_yoy": -69.81495627195551, 
        "accumulated_operating_revenue": 263967, 
        "long_term_average": 68224, 
        "date": "2015-06-30", 
        "operating_revenue": 76051, 
        "short_term_average": 47750
    }, 
    {
        "accumulated_operating_revenue_yoy": -67.72055388224535, 
        "accumulated_operating_revenue": 324728, 
        "long_term_average": 62330, 
        "date": "2015-07-31", 
        "operating_revenue": 60761, 
        "short_term_average": 56307
    }, 
    {
        "accumulated_operating_revenue_yoy": -65.40005048417248, 
        "accumulated_operating_revenue": 378320, 
        "long_term_average": 59511, 
        "date": "2015-08-31", 
        "operating_revenue": 53592, 
        "short_term_average": 63468
    }, 
    {
        "accumulated_operating_revenue_yoy": -64.96173639577285, 
        "accumulated_operating_revenue": 414907, 
        "long_term_average": 54998, 
        "date": "2015-09-30", 
        "operating_revenue": 36587, 
        "short_term_average": 50313
    }
]