[
    {
        "date": "2011-09-30", 
        "operating_revenue": 1733870, 
        "accumulated_operating_revenue": 1733870, 
        "long_term_average": 1733870, 
        "short_term_average": 1733870
    }, 
    {
        "date": "2011-10-31", 
        "operating_revenue": 1197622, 
        "accumulated_operating_revenue": 2931492, 
        "long_term_average": 1465746, 
        "short_term_average": 1465746
    }, 
    {
        "date": "2011-11-30", 
        "operating_revenue": 1753041, 
        "accumulated_operating_revenue": 4684533, 
        "long_term_average": 1561511, 
        "short_term_average": 1561511
    }, 
    {
        "date": "2011-12-31", 
        "operating_revenue": 1518723, 
        "accumulated_operating_revenue": 6203256, 
        "long_term_average": 1550814, 
        "short_term_average": 1489795
    }, 
    {
        "date": "2012-01-31", 
        "operating_revenue": 1366660, 
        "accumulated_operating_revenue": 1366660, 
        "long_term_average": 1513983, 
        "short_term_average": 1546141
    }, 
    {
        "date": "2012-02-29", 
        "operating_revenue": 1493569, 
        "accumulated_operating_revenue": 2860229, 
        "long_term_average": 1510580, 
        "short_term_average": 1459650
    }, 
    {
        "date": "2012-03-31", 
        "operating_revenue": 1951841, 
        "accumulated_operating_revenue": 4812070, 
        "long_term_average": 1573618, 
        "short_term_average": 1604023
    }, 
    {
        "date": "2012-04-30", 
        "operating_revenue": 1251770, 
        "accumulated_operating_revenue": 6063840, 
        "long_term_average": 1533387, 
        "short_term_average": 1565726
    }, 
    {
        "date": "2012-05-31", 
        "operating_revenue": 1551732, 
        "accumulated_operating_revenue": 7615572, 
        "long_term_average": 1535425, 
        "short_term_average": 1585114
    }, 
    {
        "date": "2012-06-30", 
        "operating_revenue": 1327843, 
        "accumulated_operating_revenue": 8943415, 
        "long_term_average": 1514667, 
        "short_term_average": 1377115
    }, 
    {
        "date": "2012-07-31", 
        "operating_revenue": 1927552, 
        "accumulated_operating_revenue": 10870967, 
        "long_term_average": 1552202, 
        "short_term_average": 1602375
    }, 
    {
        "date": "2012-08-31", 
        "operating_revenue": 1076659, 
        "accumulated_operating_revenue": 11947626, 
        "long_term_average": 1512573, 
        "short_term_average": 1444018
    }, 
    {
        "accumulated_operating_revenue_yoy": 700.9760247308045, 
        "accumulated_operating_revenue": 13887883, 
        "long_term_average": 1529772, 
        "date": "2012-09-30", 
        "operating_revenue": 1940257, 
        "short_term_average": 1648156
    }, 
    {
        "accumulated_operating_revenue_yoy": 425.7122652901662, 
        "accumulated_operating_revenue": 15411213, 
        "long_term_average": 1556914, 
        "date": "2012-10-31", 
        "operating_revenue": 1523330, 
        "short_term_average": 1513415
    }, 
    {
        "accumulated_operating_revenue_yoy": 257.66628178305075, 
        "accumulated_operating_revenue": 16754995, 
        "long_term_average": 1522809, 
        "date": "2012-11-30", 
        "operating_revenue": 1343782, 
        "short_term_average": 1602456
    }, 
    {
        "accumulated_operating_revenue_yoy": 196.6150034755941, 
        "accumulated_operating_revenue": 18399788, 
        "long_term_average": 1533315, 
        "date": "2012-12-31", 
        "operating_revenue": 1644793, 
        "short_term_average": 1503968
    }, 
    {
        "accumulated_operating_revenue_yoy": 11.933033819677169, 
        "accumulated_operating_revenue": 1529744, 
        "long_term_average": 1546906, 
        "date": "2013-01-31", 
        "operating_revenue": 1529744, 
        "short_term_average": 1506106
    }, 
    {
        "accumulated_operating_revenue_yoy": -6.529372298511762, 
        "accumulated_operating_revenue": 2673474, 
        "long_term_average": 1517752, 
        "date": "2013-02-28", 
        "operating_revenue": 1143730, 
        "short_term_average": 1439422
    }, 
    {
        "accumulated_operating_revenue_yoy": -8.677118163285238, 
        "accumulated_operating_revenue": 4394521, 
        "long_term_average": 1498519, 
        "date": "2013-03-31", 
        "operating_revenue": 1721047, 
        "short_term_average": 1464840
    }, 
    {
        "accumulated_operating_revenue_yoy": -8.396494630465185, 
        "accumulated_operating_revenue": 5554690, 
        "long_term_average": 1490886, 
        "date": "2013-04-30", 
        "operating_revenue": 1160169, 
        "short_term_average": 1341648
    }, 
    {
        "accumulated_operating_revenue_yoy": -7.105756468456999, 
        "accumulated_operating_revenue": 7074428, 
        "long_term_average": 1488220, 
        "date": "2013-05-31", 
        "operating_revenue": 1519738, 
        "short_term_average": 1466984
    }, 
    {
        "accumulated_operating_revenue_yoy": -7.062190449621314, 
        "accumulated_operating_revenue": 8311814, 
        "long_term_average": 1480682, 
        "date": "2013-06-30", 
        "operating_revenue": 1237386, 
        "short_term_average": 1305764
    }, 
    {
        "accumulated_operating_revenue_yoy": -12.2665444573606, 
        "accumulated_operating_revenue": 9537475, 
        "long_term_average": 1422191, 
        "date": "2013-07-31", 
        "operating_revenue": 1225661, 
        "short_term_average": 1327595
    }, 
    {
        "accumulated_operating_revenue_yoy": -10.27245077808763, 
        "accumulated_operating_revenue": 10720312, 
        "long_term_average": 1431039, 
        "date": "2013-08-31", 
        "operating_revenue": 1182837, 
        "short_term_average": 1215294
    }, 
    {
        "accumulated_operating_revenue_yoy": -13.908858535170552, 
        "accumulated_operating_revenue": 11956237, 
        "long_term_average": 1372345, 
        "date": "2013-09-30", 
        "operating_revenue": 1235925, 
        "short_term_average": 1214807
    }, 
    {
        "accumulated_operating_revenue_yoy": -13.977485094781313, 
        "accumulated_operating_revenue": 13257113, 
        "long_term_average": 1353807, 
        "date": "2013-10-31", 
        "operating_revenue": 1300876, 
        "short_term_average": 1239879
    }, 
    {
        "accumulated_operating_revenue_yoy": -12.937568766806557, 
        "accumulated_operating_revenue": 14587306, 
        "long_term_average": 1352674, 
        "date": "2013-11-30", 
        "operating_revenue": 1330193, 
        "short_term_average": 1288998
    }, 
    {
        "accumulated_operating_revenue_yoy": -13.903084100751595, 
        "accumulated_operating_revenue": 15841650, 
        "long_term_average": 1320137, 
        "date": "2013-12-31", 
        "operating_revenue": 1254344, 
        "short_term_average": 1295137
    }, 
    {
        "accumulated_operating_revenue_yoy": -34.762744616092625, 
        "accumulated_operating_revenue": 997963, 
        "long_term_average": 1275822, 
        "date": "2014-01-31", 
        "operating_revenue": 997963, 
        "short_term_average": 1194166
    }, 
    {
        "accumulated_operating_revenue_yoy": -29.152967262819836, 
        "accumulated_operating_revenue": 1894077, 
        "long_term_average": 1255187, 
        "date": "2014-02-28", 
        "operating_revenue": 896114, 
        "short_term_average": 1049473
    }, 
    {
        "accumulated_operating_revenue_yoy": -34.68810366363023, 
        "accumulated_operating_revenue": 2870145, 
        "long_term_average": 1193106, 
        "date": "2014-03-31", 
        "operating_revenue": 976068, 
        "short_term_average": 956715
    }, 
    {
        "accumulated_operating_revenue_yoy": -30.038201951864103, 
        "accumulated_operating_revenue": 3886161, 
        "long_term_average": 1181093, 
        "date": "2014-04-30", 
        "operating_revenue": 1016016, 
        "short_term_average": 962732
    }, 
    {
        "accumulated_operating_revenue_yoy": -30.8340688462728, 
        "accumulated_operating_revenue": 4893094, 
        "long_term_average": 1138359, 
        "date": "2014-05-31", 
        "operating_revenue": 1006933, 
        "short_term_average": 999672
    }, 
    {
        "accumulated_operating_revenue_yoy": -29.4540277248745, 
        "accumulated_operating_revenue": 5863650, 
        "long_term_average": 1116123, 
        "date": "2014-06-30", 
        "operating_revenue": 970556, 
        "short_term_average": 997835
    }, 
    {
        "accumulated_operating_revenue_yoy": -28.20531639663538, 
        "accumulated_operating_revenue": 6847400, 
        "long_term_average": 1095964, 
        "date": "2014-07-31", 
        "operating_revenue": 983750, 
        "short_term_average": 987079
    }, 
    {
        "accumulated_operating_revenue_yoy": -27.204945154581324, 
        "accumulated_operating_revenue": 7803857, 
        "long_term_average": 1077099, 
        "date": "2014-08-31", 
        "operating_revenue": 956457, 
        "short_term_average": 970254
    }, 
    {
        "accumulated_operating_revenue_yoy": -25.040955611702913, 
        "accumulated_operating_revenue": 8962281, 
        "long_term_average": 1070641, 
        "date": "2014-09-30", 
        "operating_revenue": 1158424, 
        "short_term_average": 1032877
    }, 
    {
        "accumulated_operating_revenue_yoy": -24.528756751187082, 
        "accumulated_operating_revenue": 10005308, 
        "long_term_average": 1049153, 
        "date": "2014-10-31", 
        "operating_revenue": 1043027, 
        "short_term_average": 1052636
    }, 
    {
        "accumulated_operating_revenue_yoy": -23.13110453705434, 
        "accumulated_operating_revenue": 11213101, 
        "long_term_average": 1038953, 
        "date": "2014-11-30", 
        "operating_revenue": 1207793, 
        "short_term_average": 1136414
    }, 
    {
        "accumulated_operating_revenue_yoy": -21.314888284995565, 
        "accumulated_operating_revenue": 12465020, 
        "long_term_average": 1038751, 
        "date": "2014-12-31", 
        "operating_revenue": 1251919, 
        "short_term_average": 1167579
    }, 
    {
        "accumulated_operating_revenue_yoy": 23.31749774290229, 
        "accumulated_operating_revenue": 1230663, 
        "long_term_average": 1058143, 
        "date": "2015-01-31", 
        "operating_revenue": 1230663, 
        "short_term_average": 1230125
    }, 
    {
        "accumulated_operating_revenue_yoy": 24.526510801831183, 
        "accumulated_operating_revenue": 2358628, 
        "long_term_average": 1077464, 
        "date": "2015-02-28", 
        "operating_revenue": 1127965, 
        "short_term_average": 1203515
    }, 
    {
        "accumulated_operating_revenue_yoy": 28.33205291021882, 
        "accumulated_operating_revenue": 3683316, 
        "long_term_average": 1106515, 
        "date": "2015-03-31", 
        "operating_revenue": 1324688, 
        "short_term_average": 1227772
    }, 
    {
        "accumulated_operating_revenue_yoy": 31.502143117590858, 
        "accumulated_operating_revenue": 5110385, 
        "long_term_average": 1140770, 
        "date": "2015-04-30", 
        "operating_revenue": 1427069, 
        "short_term_average": 1293240
    }, 
    {
        "accumulated_operating_revenue_yoy": 32.562444130441804, 
        "accumulated_operating_revenue": 6486405, 
        "long_term_average": 1171527, 
        "date": "2015-05-31", 
        "operating_revenue": 1376020, 
        "short_term_average": 1375925
    }, 
    {
        "accumulated_operating_revenue_yoy": 32.266591628081486, 
        "accumulated_operating_revenue": 7755650, 
        "long_term_average": 1196418, 
        "date": "2015-06-30", 
        "operating_revenue": 1269245, 
        "short_term_average": 1357444
    }, 
    {
        "accumulated_operating_revenue_yoy": 31.288474457458303, 
        "accumulated_operating_revenue": 8989847, 
        "long_term_average": 1217288, 
        "date": "2015-07-31", 
        "operating_revenue": 1234197, 
        "short_term_average": 1293154
    }, 
    {
        "accumulated_operating_revenue_yoy": 31.453715771572956, 
        "accumulated_operating_revenue": 10258460, 
        "long_term_average": 1243301, 
        "date": "2015-08-31", 
        "operating_revenue": 1268613, 
        "short_term_average": 1257351
    }
]