[
    {
        "date": "2012-01-31", 
        "operating_revenue": 122072, 
        "accumulated_operating_revenue": 122072, 
        "long_term_average": 122072, 
        "short_term_average": 122072
    }, 
    {
        "date": "2012-02-29", 
        "operating_revenue": 119981, 
        "accumulated_operating_revenue": 242053, 
        "long_term_average": 121026, 
        "short_term_average": 121026
    }, 
    {
        "date": "2012-03-31", 
        "operating_revenue": 162198, 
        "accumulated_operating_revenue": 404251, 
        "long_term_average": 134750, 
        "short_term_average": 134750
    }, 
    {
        "date": "2012-04-30", 
        "operating_revenue": 137433, 
        "accumulated_operating_revenue": 541684, 
        "long_term_average": 135421, 
        "short_term_average": 139870
    }, 
    {
        "date": "2012-05-31", 
        "operating_revenue": 162502, 
        "accumulated_operating_revenue": 704186, 
        "long_term_average": 140837, 
        "short_term_average": 154044
    }, 
    {
        "date": "2012-06-30", 
        "operating_revenue": 156192, 
        "accumulated_operating_revenue": 860378, 
        "long_term_average": 143396, 
        "short_term_average": 152042
    }, 
    {
        "date": "2012-07-31", 
        "operating_revenue": 163828, 
        "accumulated_operating_revenue": 1024206, 
        "long_term_average": 146315, 
        "short_term_average": 160840
    }, 
    {
        "date": "2012-08-31", 
        "operating_revenue": 161223, 
        "accumulated_operating_revenue": 1185429, 
        "long_term_average": 148178, 
        "short_term_average": 160414
    }, 
    {
        "date": "2012-09-30", 
        "operating_revenue": 132973, 
        "accumulated_operating_revenue": 1318402, 
        "long_term_average": 146489, 
        "short_term_average": 152674
    }, 
    {
        "date": "2012-10-31", 
        "operating_revenue": 135580, 
        "accumulated_operating_revenue": 1453982, 
        "long_term_average": 145398, 
        "short_term_average": 143258
    }, 
    {
        "date": "2012-11-30", 
        "operating_revenue": 142695, 
        "accumulated_operating_revenue": 1596677, 
        "long_term_average": 145152, 
        "short_term_average": 137082
    }, 
    {
        "date": "2012-12-31", 
        "operating_revenue": 123325, 
        "accumulated_operating_revenue": 1720002, 
        "long_term_average": 143333, 
        "short_term_average": 133866
    }, 
    {
        "accumulated_operating_revenue_yoy": 3.4528802673831835, 
        "accumulated_operating_revenue": 126287, 
        "long_term_average": 143684, 
        "date": "2013-01-31", 
        "operating_revenue": 126287, 
        "short_term_average": 130769
    }, 
    {
        "accumulated_operating_revenue_yoy": -7.200902281731687, 
        "accumulated_operating_revenue": 224623, 
        "long_term_average": 141881, 
        "date": "2013-02-28", 
        "operating_revenue": 98336, 
        "short_term_average": 115982
    }, 
    {
        "accumulated_operating_revenue_yoy": -11.77436790508867, 
        "accumulated_operating_revenue": 356653, 
        "long_term_average": 139367, 
        "date": "2013-03-31", 
        "operating_revenue": 132030, 
        "short_term_average": 118884
    }, 
    {
        "accumulated_operating_revenue_yoy": -7.375887048537525, 
        "accumulated_operating_revenue": 501730, 
        "long_term_average": 140004, 
        "date": "2013-04-30", 
        "operating_revenue": 145077, 
        "short_term_average": 125147
    }, 
    {
        "accumulated_operating_revenue_yoy": -9.242302459861456, 
        "accumulated_operating_revenue": 639103, 
        "long_term_average": 137909, 
        "date": "2013-05-31", 
        "operating_revenue": 137373, 
        "short_term_average": 138160
    }, 
    {
        "accumulated_operating_revenue_yoy": -11.218906108710359, 
        "accumulated_operating_revenue": 763853, 
        "long_term_average": 135289, 
        "date": "2013-06-30", 
        "operating_revenue": 124750, 
        "short_term_average": 135733
    }, 
    {
        "accumulated_operating_revenue_yoy": -11.15127230264224, 
        "accumulated_operating_revenue": 909994, 
        "long_term_average": 133815, 
        "date": "2013-07-31", 
        "operating_revenue": 146141, 
        "short_term_average": 136088
    }, 
    {
        "accumulated_operating_revenue_yoy": -11.401779440185788, 
        "accumulated_operating_revenue": 1050269, 
        "long_term_average": 132070, 
        "date": "2013-08-31", 
        "operating_revenue": 140275, 
        "short_term_average": 137055
    }, 
    {
        "accumulated_operating_revenue_yoy": -10.540715199157768, 
        "accumulated_operating_revenue": 1179433, 
        "long_term_average": 131752, 
        "date": "2013-09-30", 
        "operating_revenue": 129164, 
        "short_term_average": 138526
    }, 
    {
        "accumulated_operating_revenue_yoy": -9.623021467941143, 
        "accumulated_operating_revenue": 1314065, 
        "long_term_average": 131673, 
        "date": "2013-10-31", 
        "operating_revenue": 134632, 
        "short_term_average": 134690
    }, 
    {
        "accumulated_operating_revenue_yoy": -9.847827707169328, 
        "accumulated_operating_revenue": 1439439, 
        "long_term_average": 130230, 
        "date": "2013-11-30", 
        "operating_revenue": 125374, 
        "short_term_average": 129723
    }, 
    {
        "accumulated_operating_revenue_yoy": -8.789001408137898, 
        "accumulated_operating_revenue": 1568831, 
        "long_term_average": 130735, 
        "date": "2013-12-31", 
        "operating_revenue": 129392, 
        "short_term_average": 129799
    }, 
    {
        "accumulated_operating_revenue_yoy": 4.031293799045033, 
        "accumulated_operating_revenue": 131378, 
        "long_term_average": 131160, 
        "date": "2014-01-31", 
        "operating_revenue": 131378, 
        "short_term_average": 128714
    }, 
    {
        "accumulated_operating_revenue_yoy": 5.764770304020515, 
        "accumulated_operating_revenue": 237572, 
        "long_term_average": 131815, 
        "date": "2014-02-28", 
        "operating_revenue": 106194, 
        "short_term_average": 122321
    }, 
    {
        "accumulated_operating_revenue_yoy": 6.206592962907925, 
        "accumulated_operating_revenue": 378789, 
        "long_term_average": 132580, 
        "date": "2014-03-31", 
        "operating_revenue": 141217, 
        "short_term_average": 126263
    }, 
    {
        "accumulated_operating_revenue_yoy": 3.6581428258226536, 
        "accumulated_operating_revenue": 520084, 
        "long_term_average": 132265, 
        "date": "2014-04-30", 
        "operating_revenue": 141295, 
        "short_term_average": 129568
    }, 
    {
        "accumulated_operating_revenue_yoy": 2.3435971979477483, 
        "accumulated_operating_revenue": 654081, 
        "long_term_average": 131984, 
        "date": "2014-05-31", 
        "operating_revenue": 133997, 
        "short_term_average": 138836
    }, 
    {
        "accumulated_operating_revenue_yoy": 2.5502289052998415, 
        "accumulated_operating_revenue": 783333, 
        "long_term_average": 132359, 
        "date": "2014-06-30", 
        "operating_revenue": 129252, 
        "short_term_average": 134848
    }, 
    {
        "accumulated_operating_revenue_yoy": 1.6186919913757674, 
        "accumulated_operating_revenue": 924724, 
        "long_term_average": 131963, 
        "date": "2014-07-31", 
        "operating_revenue": 141391, 
        "short_term_average": 134880
    }, 
    {
        "accumulated_operating_revenue_yoy": 1.0143115716068931, 
        "accumulated_operating_revenue": 1060922, 
        "long_term_average": 131623, 
        "date": "2014-08-31", 
        "operating_revenue": 136198, 
        "short_term_average": 135613
    }, 
    {
        "accumulated_operating_revenue_yoy": 1.580844354872214, 
        "accumulated_operating_revenue": 1198078, 
        "long_term_average": 132289, 
        "date": "2014-09-30", 
        "operating_revenue": 137156, 
        "short_term_average": 138248
    }, 
    {
        "accumulated_operating_revenue_yoy": 1.803944249333176, 
        "accumulated_operating_revenue": 1337770, 
        "long_term_average": 132711, 
        "date": "2014-10-31", 
        "operating_revenue": 139692, 
        "short_term_average": 137682
    }, 
    {
        "accumulated_operating_revenue_yoy": 1.9936933763778804, 
        "accumulated_operating_revenue": 1468137, 
        "long_term_average": 133127, 
        "date": "2014-11-30", 
        "operating_revenue": 130367, 
        "short_term_average": 135738
    }, 
    {
        "accumulated_operating_revenue_yoy": 2.6656790948164586, 
        "accumulated_operating_revenue": 1610651, 
        "long_term_average": 134220, 
        "date": "2014-12-31", 
        "operating_revenue": 142514, 
        "short_term_average": 137524
    }, 
    {
        "accumulated_operating_revenue_yoy": 7.272146021403889, 
        "accumulated_operating_revenue": 140932, 
        "long_term_average": 135017, 
        "date": "2015-01-31", 
        "operating_revenue": 140932, 
        "short_term_average": 137937
    }, 
    {
        "accumulated_operating_revenue_yoy": -0.5552001077568064, 
        "accumulated_operating_revenue": 236253, 
        "long_term_average": 134111, 
        "date": "2015-02-28", 
        "operating_revenue": 95321, 
        "short_term_average": 126255
    }, 
    {
        "accumulated_operating_revenue_yoy": 1.057316870342064, 
        "accumulated_operating_revenue": 382794, 
        "long_term_average": 134554, 
        "date": "2015-03-31", 
        "operating_revenue": 146541, 
        "short_term_average": 127598
    }, 
    {
        "accumulated_operating_revenue_yoy": 3.6382584351758562, 
        "accumulated_operating_revenue": 539006, 
        "long_term_average": 135797, 
        "date": "2015-04-30", 
        "operating_revenue": 156212, 
        "short_term_average": 132691
    }, 
    {
        "accumulated_operating_revenue_yoy": 1.9650471424792952, 
        "accumulated_operating_revenue": 666934, 
        "long_term_average": 135292, 
        "date": "2015-05-31", 
        "operating_revenue": 127928, 
        "short_term_average": 143560
    }, 
    {
        "accumulated_operating_revenue_yoy": 1.7452347852062917, 
        "accumulated_operating_revenue": 797004, 
        "long_term_average": 135360, 
        "date": "2015-06-30", 
        "operating_revenue": 130070, 
        "short_term_average": 138070
    }, 
    {
        "accumulated_operating_revenue_yoy": 2.2746246447588687, 
        "accumulated_operating_revenue": 945758, 
        "long_term_average": 135973, 
        "date": "2015-07-31", 
        "operating_revenue": 148754, 
        "short_term_average": 135584
    }, 
    {
        "accumulated_operating_revenue_yoy": 1.1314686659339708, 
        "accumulated_operating_revenue": 1072926, 
        "long_term_average": 135221, 
        "date": "2015-08-31", 
        "operating_revenue": 127168, 
        "short_term_average": 135330
    }
]