[
    {
        "date": "2012-01-31", 
        "operating_revenue": 52932, 
        "accumulated_operating_revenue": 52932, 
        "long_term_average": 52932, 
        "short_term_average": 52932
    }, 
    {
        "date": "2012-02-29", 
        "operating_revenue": 90604, 
        "accumulated_operating_revenue": 143536, 
        "long_term_average": 71768, 
        "short_term_average": 71768
    }, 
    {
        "date": "2012-03-31", 
        "operating_revenue": 85478, 
        "accumulated_operating_revenue": 229014, 
        "long_term_average": 76338, 
        "short_term_average": 76338
    }, 
    {
        "date": "2012-04-30", 
        "operating_revenue": 80736, 
        "accumulated_operating_revenue": 309750, 
        "long_term_average": 77437, 
        "short_term_average": 85606
    }, 
    {
        "date": "2012-05-31", 
        "operating_revenue": 62030, 
        "accumulated_operating_revenue": 371780, 
        "long_term_average": 74356, 
        "short_term_average": 76081
    }, 
    {
        "date": "2012-06-30", 
        "operating_revenue": 56726, 
        "accumulated_operating_revenue": 428506, 
        "long_term_average": 71417, 
        "short_term_average": 66497
    }, 
    {
        "date": "2012-07-31", 
        "operating_revenue": 57411, 
        "accumulated_operating_revenue": 485917, 
        "long_term_average": 69416, 
        "short_term_average": 58722
    }, 
    {
        "date": "2012-08-31", 
        "operating_revenue": 54225, 
        "accumulated_operating_revenue": 540142, 
        "long_term_average": 67517, 
        "short_term_average": 56120
    }, 
    {
        "date": "2012-09-30", 
        "operating_revenue": 45528, 
        "accumulated_operating_revenue": 585670, 
        "long_term_average": 65074, 
        "short_term_average": 52388
    }, 
    {
        "date": "2012-10-31", 
        "operating_revenue": 55335, 
        "accumulated_operating_revenue": 641005, 
        "long_term_average": 64100, 
        "short_term_average": 51696
    }, 
    {
        "date": "2012-11-30", 
        "operating_revenue": 45663, 
        "accumulated_operating_revenue": 686668, 
        "long_term_average": 62424, 
        "short_term_average": 48842
    }, 
    {
        "date": "2012-12-31", 
        "operating_revenue": 30562, 
        "accumulated_operating_revenue": 717230, 
        "long_term_average": 59769, 
        "short_term_average": 43853
    }, 
    {
        "accumulated_operating_revenue_yoy": -4.005138668480314, 
        "accumulated_operating_revenue": 50812, 
        "long_term_average": 59592, 
        "date": "2013-01-31", 
        "operating_revenue": 50812, 
        "short_term_average": 42345
    }, 
    {
        "accumulated_operating_revenue_yoy": -28.972522572734366, 
        "accumulated_operating_revenue": 101950, 
        "long_term_average": 56303, 
        "date": "2013-02-28", 
        "operating_revenue": 51138, 
        "short_term_average": 44170
    }, 
    {
        "accumulated_operating_revenue_yoy": -23.92342826202765, 
        "accumulated_operating_revenue": 174226, 
        "long_term_average": 55203, 
        "date": "2013-03-31", 
        "operating_revenue": 72276, 
        "short_term_average": 58075
    }, 
    {
        "accumulated_operating_revenue_yoy": -25.90863599677159, 
        "accumulated_operating_revenue": 229498, 
        "long_term_average": 53081, 
        "date": "2013-04-30", 
        "operating_revenue": 55272, 
        "short_term_average": 59562
    }, 
    {
        "accumulated_operating_revenue_yoy": -22.97729840228092, 
        "accumulated_operating_revenue": 286355, 
        "long_term_average": 52650, 
        "date": "2013-05-31", 
        "operating_revenue": 56857, 
        "short_term_average": 61468
    }, 
    {
        "accumulated_operating_revenue_yoy": -22.51287029819886, 
        "accumulated_operating_revenue": 332037, 
        "long_term_average": 51730, 
        "date": "2013-06-30", 
        "operating_revenue": 45682, 
        "short_term_average": 52603
    }, 
    {
        "accumulated_operating_revenue_yoy": -20.427151138980527, 
        "accumulated_operating_revenue": 386658, 
        "long_term_average": 51497, 
        "date": "2013-07-31", 
        "operating_revenue": 54621, 
        "short_term_average": 52386
    }, 
    {
        "accumulated_operating_revenue_yoy": -18.578633026130163, 
        "accumulated_operating_revenue": 439791, 
        "long_term_average": 51406, 
        "date": "2013-08-31", 
        "operating_revenue": 53133, 
        "short_term_average": 51145
    }, 
    {
        "accumulated_operating_revenue_yoy": -17.559034951423154, 
        "accumulated_operating_revenue": 482832, 
        "long_term_average": 51199, 
        "date": "2013-09-30", 
        "operating_revenue": 43041, 
        "short_term_average": 50265
    }, 
    {
        "accumulated_operating_revenue_yoy": -14.888807419598912, 
        "accumulated_operating_revenue": 545567, 
        "long_term_average": 51816, 
        "date": "2013-10-31", 
        "operating_revenue": 62735, 
        "short_term_average": 52969
    }, 
    {
        "accumulated_operating_revenue_yoy": -13.085654202613197, 
        "accumulated_operating_revenue": 596813, 
        "long_term_average": 52281, 
        "date": "2013-11-30", 
        "operating_revenue": 51246, 
        "short_term_average": 52340
    }, 
    {
        "accumulated_operating_revenue_yoy": -9.57363746636365, 
        "accumulated_operating_revenue": 648565, 
        "long_term_average": 54047, 
        "date": "2013-12-31", 
        "operating_revenue": 51752, 
        "short_term_average": 55244
    }, 
    {
        "accumulated_operating_revenue_yoy": 3.5798630244824055, 
        "accumulated_operating_revenue": 52631, 
        "long_term_average": 54198, 
        "date": "2014-01-31", 
        "operating_revenue": 52631, 
        "short_term_average": 51876
    }, 
    {
        "accumulated_operating_revenue_yoy": 1.8773908778813144, 
        "accumulated_operating_revenue": 103864, 
        "long_term_average": 54206, 
        "date": "2014-02-28", 
        "operating_revenue": 51233, 
        "short_term_average": 51872
    }, 
    {
        "accumulated_operating_revenue_yoy": -4.549263600151527, 
        "accumulated_operating_revenue": 166300, 
        "long_term_average": 53386, 
        "date": "2014-03-31", 
        "operating_revenue": 62436, 
        "short_term_average": 55433
    }, 
    {
        "accumulated_operating_revenue_yoy": -2.9303087608606613, 
        "accumulated_operating_revenue": 222773, 
        "long_term_average": 53486, 
        "date": "2014-04-30", 
        "operating_revenue": 56473, 
        "short_term_average": 56714
    }, 
    {
        "accumulated_operating_revenue_yoy": -7.0524349147037775, 
        "accumulated_operating_revenue": 266160, 
        "long_term_average": 52364, 
        "date": "2014-05-31", 
        "operating_revenue": 43387, 
        "short_term_average": 54098
    }, 
    {
        "accumulated_operating_revenue_yoy": -7.618729238006608, 
        "accumulated_operating_revenue": 306740, 
        "long_term_average": 51939, 
        "date": "2014-06-30", 
        "operating_revenue": 40580, 
        "short_term_average": 46813
    }, 
    {
        "accumulated_operating_revenue_yoy": -7.329474626155413, 
        "accumulated_operating_revenue": 358318, 
        "long_term_average": 51685, 
        "date": "2014-07-31", 
        "operating_revenue": 51578, 
        "short_term_average": 45181
    }, 
    {
        "accumulated_operating_revenue_yoy": -6.99877896546314, 
        "accumulated_operating_revenue": 409011, 
        "long_term_average": 51482, 
        "date": "2014-08-31", 
        "operating_revenue": 50693, 
        "short_term_average": 47617
    }, 
    {
        "accumulated_operating_revenue_yoy": -5.408506478443848, 
        "accumulated_operating_revenue": 456718, 
        "long_term_average": 51870, 
        "date": "2014-09-30", 
        "operating_revenue": 47707, 
        "short_term_average": 49992
    }, 
    {
        "accumulated_operating_revenue_yoy": -8.050706879265059, 
        "accumulated_operating_revenue": 501645, 
        "long_term_average": 50386, 
        "date": "2014-10-31", 
        "operating_revenue": 44927, 
        "short_term_average": 47775
    }, 
    {
        "accumulated_operating_revenue_yoy": -9.603510647388713, 
        "accumulated_operating_revenue": 539498, 
        "long_term_average": 49270, 
        "date": "2014-11-30", 
        "operating_revenue": 37853, 
        "short_term_average": 43495
    }, 
    {
        "accumulated_operating_revenue_yoy": -9.845890542967938, 
        "accumulated_operating_revenue": 584708, 
        "long_term_average": 48725, 
        "date": "2014-12-31", 
        "operating_revenue": 45210, 
        "short_term_average": 42663
    }, 
    {
        "accumulated_operating_revenue_yoy": -18.89950789458684, 
        "accumulated_operating_revenue": 42684, 
        "long_term_average": 47896, 
        "date": "2015-01-31", 
        "operating_revenue": 42684, 
        "short_term_average": 41915
    }, 
    {
        "accumulated_operating_revenue_yoy": -17.94558268504968, 
        "accumulated_operating_revenue": 85225, 
        "long_term_average": 47172, 
        "date": "2015-02-28", 
        "operating_revenue": 42541, 
        "short_term_average": 43478
    }, 
    {
        "accumulated_operating_revenue_yoy": -17.907396271797957, 
        "accumulated_operating_revenue": 136520, 
        "long_term_average": 46244, 
        "date": "2015-03-31", 
        "operating_revenue": 51295, 
        "short_term_average": 45506
    }, 
    {
        "accumulated_operating_revenue_yoy": -16.08094338182814, 
        "accumulated_operating_revenue": 186949, 
        "long_term_average": 45740, 
        "date": "2015-04-30", 
        "operating_revenue": 50429, 
        "short_term_average": 48088
    }, 
    {
        "accumulated_operating_revenue_yoy": -13.775172828373911, 
        "accumulated_operating_revenue": 229496, 
        "long_term_average": 45670, 
        "date": "2015-05-31", 
        "operating_revenue": 42547, 
        "short_term_average": 48090
    }, 
    {
        "accumulated_operating_revenue_yoy": -9.979787442133404, 
        "accumulated_operating_revenue": 276128, 
        "long_term_average": 46174, 
        "date": "2015-06-30", 
        "operating_revenue": 46632, 
        "short_term_average": 46536
    }, 
    {
        "accumulated_operating_revenue_yoy": -11.514353172321792, 
        "accumulated_operating_revenue": 317060, 
        "long_term_average": 45287, 
        "date": "2015-07-31", 
        "operating_revenue": 40932, 
        "short_term_average": 43370
    }, 
    {
        "accumulated_operating_revenue_yoy": -13.47005337264768, 
        "accumulated_operating_revenue": 353917, 
        "long_term_average": 44134, 
        "date": "2015-08-31", 
        "operating_revenue": 36857, 
        "short_term_average": 41473
    }, 
    {
        "accumulated_operating_revenue_yoy": -13.385940558506562, 
        "accumulated_operating_revenue": 395582, 
        "long_term_average": 43631, 
        "date": "2015-09-30", 
        "operating_revenue": 41665, 
        "short_term_average": 39818
    }
]