[
    {
        "date": "2012-01-31", 
        "operating_revenue": 2349280, 
        "accumulated_operating_revenue": 2349280, 
        "long_term_average": 2349280, 
        "short_term_average": 2349280
    }, 
    {
        "date": "2012-02-29", 
        "operating_revenue": 2799651, 
        "accumulated_operating_revenue": 5148931, 
        "long_term_average": 2574465, 
        "short_term_average": 2574465
    }, 
    {
        "date": "2012-03-31", 
        "operating_revenue": 3076781, 
        "accumulated_operating_revenue": 8225712, 
        "long_term_average": 2741904, 
        "short_term_average": 2741904
    }, 
    {
        "date": "2012-04-30", 
        "operating_revenue": 2656323, 
        "accumulated_operating_revenue": 10882035, 
        "long_term_average": 2720508, 
        "short_term_average": 2844251
    }, 
    {
        "date": "2012-05-31", 
        "operating_revenue": 2611133, 
        "accumulated_operating_revenue": 13493168, 
        "long_term_average": 2698633, 
        "short_term_average": 2781412
    }, 
    {
        "date": "2012-06-30", 
        "operating_revenue": 2770763, 
        "accumulated_operating_revenue": 16263931, 
        "long_term_average": 2710655, 
        "short_term_average": 2679406
    }, 
    {
        "date": "2012-07-31", 
        "operating_revenue": 3051215, 
        "accumulated_operating_revenue": 19315146, 
        "long_term_average": 2759306, 
        "short_term_average": 2811037
    }, 
    {
        "date": "2012-08-31", 
        "operating_revenue": 2880109, 
        "accumulated_operating_revenue": 22195255, 
        "long_term_average": 2774406, 
        "short_term_average": 2900695
    }, 
    {
        "date": "2012-09-30", 
        "operating_revenue": 2764547, 
        "accumulated_operating_revenue": 24959802, 
        "long_term_average": 2773311, 
        "short_term_average": 2898623
    }, 
    {
        "date": "2012-10-31", 
        "operating_revenue": 2861296, 
        "accumulated_operating_revenue": 27821098, 
        "long_term_average": 2782109, 
        "short_term_average": 2835317
    }, 
    {
        "date": "2012-11-30", 
        "operating_revenue": 2834134, 
        "accumulated_operating_revenue": 30655232, 
        "long_term_average": 2786839, 
        "short_term_average": 2819992
    }, 
    {
        "date": "2012-12-31", 
        "operating_revenue": 2435837, 
        "accumulated_operating_revenue": 33091069, 
        "long_term_average": 2757589, 
        "short_term_average": 2710422
    }, 
    {
        "accumulated_operating_revenue_yoy": 1.2929918953892257, 
        "accumulated_operating_revenue": 2379656, 
        "long_term_average": 2760120, 
        "date": "2013-01-31", 
        "operating_revenue": 2379656, 
        "short_term_average": 2549875
    }, 
    {
        "accumulated_operating_revenue_yoy": -16.799273480262215, 
        "accumulated_operating_revenue": 4283948, 
        "long_term_average": 2685507, 
        "date": "2013-02-28", 
        "operating_revenue": 1904292, 
        "short_term_average": 2239928
    }, 
    {
        "accumulated_operating_revenue_yoy": -13.5169697164209, 
        "accumulated_operating_revenue": 7113845, 
        "long_term_average": 2664933, 
        "date": "2013-03-31", 
        "operating_revenue": 2829897, 
        "short_term_average": 2371281
    }, 
    {
        "accumulated_operating_revenue_yoy": -10.22380464683306, 
        "accumulated_operating_revenue": 9769477, 
        "long_term_average": 2664875, 
        "date": "2013-04-30", 
        "operating_revenue": 2655632, 
        "short_term_average": 2463273
    }, 
    {
        "accumulated_operating_revenue_yoy": -5.200654138449918, 
        "accumulated_operating_revenue": 12791435, 
        "long_term_average": 2699111, 
        "date": "2013-05-31", 
        "operating_revenue": 3021958, 
        "short_term_average": 2835829
    }, 
    {
        "accumulated_operating_revenue_yoy": -5.239077809663605, 
        "accumulated_operating_revenue": 15411851, 
        "long_term_average": 2686582, 
        "date": "2013-06-30", 
        "operating_revenue": 2620416, 
        "short_term_average": 2766002
    }, 
    {
        "accumulated_operating_revenue_yoy": -4.5072970196549385, 
        "accumulated_operating_revenue": 18444555, 
        "long_term_average": 2685039, 
        "date": "2013-07-31", 
        "operating_revenue": 3032704, 
        "short_term_average": 2891692
    }, 
    {
        "accumulated_operating_revenue_yoy": -4.831037084277698, 
        "accumulated_operating_revenue": 21122994, 
        "long_term_average": 2668234, 
        "date": "2013-08-31", 
        "operating_revenue": 2678439, 
        "short_term_average": 2777186
    }, 
    {
        "accumulated_operating_revenue_yoy": -4.600184729029501, 
        "accumulated_operating_revenue": 23811605, 
        "long_term_average": 2661906, 
        "date": "2013-09-30", 
        "operating_revenue": 2688611, 
        "short_term_average": 2799918
    }, 
    {
        "accumulated_operating_revenue_yoy": -3.675246749786799, 
        "accumulated_operating_revenue": 26798604, 
        "long_term_average": 2672381, 
        "date": "2013-10-31", 
        "operating_revenue": 2986999, 
        "short_term_average": 2784683
    }, 
    {
        "accumulated_operating_revenue_yoy": -3.3184514799953235, 
        "accumulated_operating_revenue": 29637953, 
        "long_term_average": 2672815, 
        "date": "2013-11-30", 
        "operating_revenue": 2839349, 
        "short_term_average": 2838319
    }, 
    {
        "accumulated_operating_revenue_yoy": -2.7703487004303184, 
        "accumulated_operating_revenue": 32174331, 
        "long_term_average": 2681194, 
        "date": "2013-12-31", 
        "operating_revenue": 2536378, 
        "short_term_average": 2787575
    }, 
    {
        "accumulated_operating_revenue_yoy": 10.271358549302924, 
        "accumulated_operating_revenue": 2624079, 
        "long_term_average": 2701562, 
        "date": "2014-01-31", 
        "operating_revenue": 2624079, 
        "short_term_average": 2666602
    }, 
    {
        "accumulated_operating_revenue_yoy": 16.52949568949016, 
        "accumulated_operating_revenue": 4992063, 
        "long_term_average": 2740203, 
        "date": "2014-02-28", 
        "operating_revenue": 2367984, 
        "short_term_average": 2509480
    }, 
    {
        "accumulated_operating_revenue_yoy": 8.258389099003423, 
        "accumulated_operating_revenue": 7701334, 
        "long_term_average": 2730151, 
        "date": "2014-03-31", 
        "operating_revenue": 2709271, 
        "short_term_average": 2567111
    }, 
    {
        "accumulated_operating_revenue_yoy": 5.386859501281389, 
        "accumulated_operating_revenue": 10295745, 
        "long_term_average": 2725049, 
        "date": "2014-04-30", 
        "operating_revenue": 2594411, 
        "short_term_average": 2557222
    }, 
    {
        "accumulated_operating_revenue_yoy": 2.1519555859057253, 
        "accumulated_operating_revenue": 13066701, 
        "long_term_average": 2704133, 
        "date": "2014-05-31", 
        "operating_revenue": 2770956, 
        "short_term_average": 2691546
    }, 
    {
        "accumulated_operating_revenue_yoy": 2.448511862721746, 
        "accumulated_operating_revenue": 15789212, 
        "long_term_average": 2712641, 
        "date": "2014-06-30", 
        "operating_revenue": 2722511, 
        "short_term_average": 2695959
    }, 
    {
        "accumulated_operating_revenue_yoy": 2.1368365894433343, 
        "accumulated_operating_revenue": 18838685, 
        "long_term_average": 2714038, 
        "date": "2014-07-31", 
        "operating_revenue": 3049473, 
        "short_term_average": 2847646
    }, 
    {
        "accumulated_operating_revenue_yoy": 2.390683820674285, 
        "accumulated_operating_revenue": 21627978, 
        "long_term_average": 2723276, 
        "date": "2014-08-31", 
        "operating_revenue": 2789293, 
        "short_term_average": 2853759
    }, 
    {
        "accumulated_operating_revenue_yoy": 2.0803007609104887, 
        "accumulated_operating_revenue": 24306958, 
        "long_term_average": 2722473, 
        "date": "2014-09-30", 
        "operating_revenue": 2678980, 
        "short_term_average": 2839248
    }, 
    {
        "accumulated_operating_revenue_yoy": 2.347782742713016, 
        "accumulated_operating_revenue": 27427777, 
        "long_term_average": 2733625, 
        "date": "2014-10-31", 
        "operating_revenue": 3120819, 
        "short_term_average": 2863030
    }, 
    {
        "accumulated_operating_revenue_yoy": 2.3676601417108665, 
        "accumulated_operating_revenue": 30339679, 
        "long_term_average": 2739671, 
        "date": "2014-11-30", 
        "operating_revenue": 2911902, 
        "short_term_average": 2903900
    }, 
    {
        "accumulated_operating_revenue_yoy": 2.798401620223277, 
        "accumulated_operating_revenue": 33074698, 
        "long_term_average": 2756224, 
        "date": "2014-12-31", 
        "operating_revenue": 2735019, 
        "short_term_average": 2922580
    }, 
    {
        "accumulated_operating_revenue_yoy": 8.37063213416974, 
        "accumulated_operating_revenue": 2843731, 
        "long_term_average": 2774529, 
        "date": "2015-01-31", 
        "operating_revenue": 2843731, 
        "short_term_average": 2830217
    }, 
    {
        "accumulated_operating_revenue_yoy": 9.675859459305702, 
        "accumulated_operating_revenue": 5475088, 
        "long_term_average": 2796476, 
        "date": "2015-02-28", 
        "operating_revenue": 2631357, 
        "short_term_average": 2736702
    }, 
    {
        "accumulated_operating_revenue_yoy": 8.312105409270654, 
        "accumulated_operating_revenue": 8341477, 
        "long_term_average": 2809570, 
        "date": "2015-03-31", 
        "operating_revenue": 2866389, 
        "short_term_average": 2780492
    }, 
    {
        "accumulated_operating_revenue_yoy": 9.086549831993702, 
        "accumulated_operating_revenue": 11231273, 
        "long_term_average": 2834185, 
        "date": "2015-04-30", 
        "operating_revenue": 2889796, 
        "short_term_average": 2795847
    }, 
    {
        "accumulated_operating_revenue_yoy": 7.46831200928222, 
        "accumulated_operating_revenue": 14042563, 
        "long_term_average": 2837546, 
        "date": "2015-05-31", 
        "operating_revenue": 2811290, 
        "short_term_average": 2855825
    }, 
    {
        "accumulated_operating_revenue_yoy": 6.298110380682709, 
        "accumulated_operating_revenue": 16783634, 
        "long_term_average": 2839093, 
        "date": "2015-06-30", 
        "operating_revenue": 2741071, 
        "short_term_average": 2814052
    }, 
    {
        "accumulated_operating_revenue_yoy": 6.700250043991924, 
        "accumulated_operating_revenue": 20100924, 
        "long_term_average": 2861411, 
        "date": "2015-07-31", 
        "operating_revenue": 3317290, 
        "short_term_average": 2956550
    }, 
    {
        "accumulated_operating_revenue_yoy": 7.852870018639744, 
        "accumulated_operating_revenue": 23326395, 
        "long_term_average": 2897759, 
        "date": "2015-08-31", 
        "operating_revenue": 3225471, 
        "short_term_average": 3094610
    }, 
    {
        "accumulated_operating_revenue_yoy": 10.32828542345776, 
        "accumulated_operating_revenue": 26817450, 
        "long_term_average": 2965432, 
        "date": "2015-09-30", 
        "operating_revenue": 3491055, 
        "short_term_average": 3344605
    }
]