[
    {
        "date": "2013-01-31", 
        "operating_revenue": 76040, 
        "accumulated_operating_revenue": 76040, 
        "long_term_average": 76040, 
        "short_term_average": 76040
    }, 
    {
        "date": "2013-02-28", 
        "operating_revenue": 61881, 
        "accumulated_operating_revenue": 137921, 
        "long_term_average": 68960, 
        "short_term_average": 68960
    }, 
    {
        "date": "2013-03-31", 
        "operating_revenue": 75414, 
        "accumulated_operating_revenue": 213335, 
        "long_term_average": 71111, 
        "short_term_average": 71111
    }, 
    {
        "date": "2013-04-30", 
        "operating_revenue": 113067, 
        "accumulated_operating_revenue": 326402, 
        "long_term_average": 81600, 
        "short_term_average": 83454
    }, 
    {
        "date": "2013-05-31", 
        "operating_revenue": 112966, 
        "accumulated_operating_revenue": 439368, 
        "long_term_average": 87873, 
        "short_term_average": 100482
    }, 
    {
        "date": "2013-06-30", 
        "operating_revenue": 79301, 
        "accumulated_operating_revenue": 518669, 
        "long_term_average": 86444, 
        "short_term_average": 101778
    }, 
    {
        "date": "2013-07-31", 
        "operating_revenue": 101030, 
        "accumulated_operating_revenue": 619699, 
        "long_term_average": 88528, 
        "short_term_average": 97765
    }, 
    {
        "date": "2013-08-31", 
        "operating_revenue": 94186, 
        "accumulated_operating_revenue": 713885, 
        "long_term_average": 89235, 
        "short_term_average": 91505
    }, 
    {
        "date": "2013-09-30", 
        "operating_revenue": 100687, 
        "accumulated_operating_revenue": 814572, 
        "long_term_average": 90508, 
        "short_term_average": 98634
    }, 
    {
        "date": "2013-10-31", 
        "operating_revenue": 80273, 
        "accumulated_operating_revenue": 894845, 
        "long_term_average": 89484, 
        "short_term_average": 91715
    }, 
    {
        "date": "2013-11-30", 
        "operating_revenue": 98006, 
        "accumulated_operating_revenue": 992851, 
        "long_term_average": 90259, 
        "short_term_average": 92988
    }, 
    {
        "date": "2013-12-31", 
        "operating_revenue": 89472, 
        "accumulated_operating_revenue": 1082323, 
        "long_term_average": 90193, 
        "short_term_average": 89250
    }, 
    {
        "accumulated_operating_revenue_yoy": 22.475013150973172, 
        "accumulated_operating_revenue": 93130, 
        "long_term_average": 91617, 
        "date": "2014-01-31", 
        "operating_revenue": 93130, 
        "short_term_average": 93536
    }, 
    {
        "accumulated_operating_revenue_yoy": 25.618288730505146, 
        "accumulated_operating_revenue": 173254, 
        "long_term_average": 93138, 
        "date": "2014-02-28", 
        "operating_revenue": 80124, 
        "short_term_average": 87575
    }, 
    {
        "accumulated_operating_revenue_yoy": 30.1085147772283, 
        "accumulated_operating_revenue": 277567, 
        "long_term_average": 95546, 
        "date": "2014-03-31", 
        "operating_revenue": 104313, 
        "short_term_average": 92522
    }, 
    {
        "accumulated_operating_revenue_yoy": 14.904626809884745, 
        "accumulated_operating_revenue": 375051, 
        "long_term_average": 94247, 
        "date": "2014-04-30", 
        "operating_revenue": 97484, 
        "short_term_average": 93973
    }, 
    {
        "accumulated_operating_revenue_yoy": 8.049288978714882, 
        "accumulated_operating_revenue": 474734, 
        "long_term_average": 93140, 
        "date": "2014-05-31", 
        "operating_revenue": 99683, 
        "short_term_average": 100493
    }, 
    {
        "accumulated_operating_revenue_yoy": 8.15703271257777, 
        "accumulated_operating_revenue": 560977, 
        "long_term_average": 93719, 
        "date": "2014-06-30", 
        "operating_revenue": 86243, 
        "short_term_average": 94470
    }, 
    {
        "accumulated_operating_revenue_yoy": 7.631285511191724, 
        "accumulated_operating_revenue": 666990, 
        "long_term_average": 94134, 
        "date": "2014-07-31", 
        "operating_revenue": 106013, 
        "short_term_average": 97313
    }, 
    {
        "accumulated_operating_revenue_yoy": 7.693956309489623, 
        "accumulated_operating_revenue": 768811, 
        "long_term_average": 94770, 
        "date": "2014-08-31", 
        "operating_revenue": 101821, 
        "short_term_average": 98025
    }, 
    {
        "accumulated_operating_revenue_yoy": 6.326389809617812, 
        "accumulated_operating_revenue": 866105, 
        "long_term_average": 94488, 
        "date": "2014-09-30", 
        "operating_revenue": 97294, 
        "short_term_average": 101709
    }, 
    {
        "accumulated_operating_revenue_yoy": 8.501472322022249, 
        "accumulated_operating_revenue": 970920, 
        "long_term_average": 96533, 
        "date": "2014-10-31", 
        "operating_revenue": 104815, 
        "short_term_average": 101310
    }, 
    {
        "accumulated_operating_revenue_yoy": 8.749953416977975, 
        "accumulated_operating_revenue": 1079725, 
        "long_term_average": 97433, 
        "date": "2014-11-30", 
        "operating_revenue": 108805, 
        "short_term_average": 103638
    }, 
    {
        "accumulated_operating_revenue_yoy": 14.023817289293492, 
        "accumulated_operating_revenue": 1234106, 
        "long_term_average": 102842, 
        "date": "2014-12-31", 
        "operating_revenue": 154381, 
        "short_term_average": 122667
    }, 
    {
        "accumulated_operating_revenue_yoy": 11.447439063674434, 
        "accumulated_operating_revenue": 103791, 
        "long_term_average": 103730, 
        "date": "2015-01-31", 
        "operating_revenue": 103791, 
        "short_term_average": 122325
    }, 
    {
        "accumulated_operating_revenue_yoy": 14.766181444584253, 
        "accumulated_operating_revenue": 198837, 
        "long_term_average": 104974, 
        "date": "2015-02-28", 
        "operating_revenue": 95046, 
        "short_term_average": 117739
    }, 
    {
        "accumulated_operating_revenue_yoy": 33.05580274312148, 
        "accumulated_operating_revenue": 369319, 
        "long_term_average": 110488, 
        "date": "2015-03-31", 
        "operating_revenue": 170482, 
        "short_term_average": 123106
    }, 
    {
        "accumulated_operating_revenue_yoy": 36.042031617033416, 
        "accumulated_operating_revenue": 510227, 
        "long_term_average": 114106, 
        "date": "2015-04-30", 
        "operating_revenue": 140908, 
        "short_term_average": 135478
    }, 
    {
        "accumulated_operating_revenue_yoy": 31.968849924378706, 
        "accumulated_operating_revenue": 626501, 
        "long_term_average": 115489, 
        "date": "2015-05-31", 
        "operating_revenue": 116274, 
        "short_term_average": 142554
    }, 
    {
        "accumulated_operating_revenue_yoy": 35.337634163254464, 
        "accumulated_operating_revenue": 759213, 
        "long_term_average": 119361, 
        "date": "2015-06-30", 
        "operating_revenue": 132712, 
        "short_term_average": 129964
    }, 
    {
        "accumulated_operating_revenue_yoy": 36.356167258879445, 
        "accumulated_operating_revenue": 909482, 
        "long_term_average": 123049, 
        "date": "2015-07-31", 
        "operating_revenue": 150269, 
        "short_term_average": 133085
    }, 
    {
        "accumulated_operating_revenue_yoy": 34.98402078013972, 
        "accumulated_operating_revenue": 1037772, 
        "long_term_average": 125255, 
        "date": "2015-08-31", 
        "operating_revenue": 128290, 
        "short_term_average": 137090
    }, 
    {
        "accumulated_operating_revenue_yoy": 34.733894851086184, 
        "accumulated_operating_revenue": 1166937, 
        "long_term_average": 127911, 
        "date": "2015-09-30", 
        "operating_revenue": 129165, 
        "short_term_average": 135908
    }
]