[
    {
        "date": "2012-01-31", 
        "operating_revenue": 260633, 
        "accumulated_operating_revenue": 260633, 
        "long_term_average": 260633, 
        "short_term_average": 260633
    }, 
    {
        "date": "2012-02-29", 
        "operating_revenue": 308439, 
        "accumulated_operating_revenue": 569072, 
        "long_term_average": 284536, 
        "short_term_average": 284536
    }, 
    {
        "date": "2012-03-31", 
        "operating_revenue": 310111, 
        "accumulated_operating_revenue": 879183, 
        "long_term_average": 293061, 
        "short_term_average": 293061
    }, 
    {
        "date": "2012-04-30", 
        "operating_revenue": 330818, 
        "accumulated_operating_revenue": 1210001, 
        "long_term_average": 302500, 
        "short_term_average": 316456
    }, 
    {
        "date": "2012-05-31", 
        "operating_revenue": 345534, 
        "accumulated_operating_revenue": 1555535, 
        "long_term_average": 311107, 
        "short_term_average": 328821
    }, 
    {
        "date": "2012-06-30", 
        "operating_revenue": 315654, 
        "accumulated_operating_revenue": 1871189, 
        "long_term_average": 311864, 
        "short_term_average": 330668
    }, 
    {
        "date": "2012-07-31", 
        "operating_revenue": 313864, 
        "accumulated_operating_revenue": 2185053, 
        "long_term_average": 312150, 
        "short_term_average": 325017
    }, 
    {
        "date": "2012-08-31", 
        "operating_revenue": 317184, 
        "accumulated_operating_revenue": 2502237, 
        "long_term_average": 312779, 
        "short_term_average": 315567
    }, 
    {
        "date": "2012-09-30", 
        "operating_revenue": 307970, 
        "accumulated_operating_revenue": 2810207, 
        "long_term_average": 312245, 
        "short_term_average": 313006
    }, 
    {
        "date": "2012-10-31", 
        "operating_revenue": 349407, 
        "accumulated_operating_revenue": 3159614, 
        "long_term_average": 315961, 
        "short_term_average": 324853
    }, 
    {
        "date": "2012-11-30", 
        "operating_revenue": 275133, 
        "accumulated_operating_revenue": 3434747, 
        "long_term_average": 312249, 
        "short_term_average": 310836
    }, 
    {
        "date": "2012-12-31", 
        "operating_revenue": 317373, 
        "accumulated_operating_revenue": 3752120, 
        "long_term_average": 312676, 
        "short_term_average": 313971
    }, 
    {
        "accumulated_operating_revenue_yoy": 23.678122110400448, 
        "accumulated_operating_revenue": 322346, 
        "long_term_average": 317819, 
        "date": "2013-01-31", 
        "operating_revenue": 322346, 
        "short_term_average": 304950
    }, 
    {
        "accumulated_operating_revenue_yoy": -2.3253648044535664, 
        "accumulated_operating_revenue": 555839, 
        "long_term_average": 311573, 
        "date": "2013-02-28", 
        "operating_revenue": 233493, 
        "short_term_average": 291070
    }, 
    {
        "accumulated_operating_revenue_yoy": -3.9223915840046955, 
        "accumulated_operating_revenue": 844698, 
        "long_term_average": 309802, 
        "date": "2013-03-31", 
        "operating_revenue": 288859, 
        "short_term_average": 281566
    }, 
    {
        "accumulated_operating_revenue_yoy": -3.4512368171596552, 
        "accumulated_operating_revenue": 1168241, 
        "long_term_average": 309196, 
        "date": "2013-04-30", 
        "operating_revenue": 323543, 
        "short_term_average": 281965
    }, 
    {
        "accumulated_operating_revenue_yoy": -3.5641113829004167, 
        "accumulated_operating_revenue": 1500094, 
        "long_term_average": 308056, 
        "date": "2013-05-31", 
        "operating_revenue": 331853, 
        "short_term_average": 314751
    }, 
    {
        "accumulated_operating_revenue_yoy": -2.6091966124212997, 
        "accumulated_operating_revenue": 1822366, 
        "long_term_average": 308608, 
        "date": "2013-06-30", 
        "operating_revenue": 322272, 
        "short_term_average": 325889
    }, 
    {
        "accumulated_operating_revenue_yoy": 0.7262066412119066, 
        "accumulated_operating_revenue": 2200921, 
        "long_term_average": 313999, 
        "date": "2013-07-31", 
        "operating_revenue": 378555, 
        "short_term_average": 344226
    }, 
    {
        "accumulated_operating_revenue_yoy": 1.4353556437699546, 
        "accumulated_operating_revenue": 2538153, 
        "long_term_average": 315669, 
        "date": "2013-08-31", 
        "operating_revenue": 337232, 
        "short_term_average": 346019
    }, 
    {
        "accumulated_operating_revenue_yoy": 1.7900104867719708, 
        "accumulated_operating_revenue": 2860510, 
        "long_term_average": 316868, 
        "date": "2013-09-30", 
        "operating_revenue": 322357, 
        "short_term_average": 346048
    }, 
    {
        "accumulated_operating_revenue_yoy": 2.299141604006059, 
        "accumulated_operating_revenue": 3232258, 
        "long_term_average": 318730, 
        "date": "2013-10-31", 
        "operating_revenue": 371748, 
        "short_term_average": 343779
    }, 
    {
        "accumulated_operating_revenue_yoy": 3.380423652746476, 
        "accumulated_operating_revenue": 3550856, 
        "long_term_average": 322352, 
        "date": "2013-11-30", 
        "operating_revenue": 318598, 
        "short_term_average": 337567
    }, 
    {
        "accumulated_operating_revenue_yoy": 4.927934074603158, 
        "accumulated_operating_revenue": 3937022, 
        "long_term_average": 328085, 
        "date": "2013-12-31", 
        "operating_revenue": 386166, 
        "short_term_average": 358837
    }, 
    {
        "accumulated_operating_revenue_yoy": 8.813200722205332, 
        "accumulated_operating_revenue": 350755, 
        "long_term_average": 330452, 
        "date": "2014-01-31", 
        "operating_revenue": 350755, 
        "short_term_average": 351839
    }, 
    {
        "accumulated_operating_revenue_yoy": 18.13348829427226, 
        "accumulated_operating_revenue": 656632, 
        "long_term_average": 336484, 
        "date": "2014-02-28", 
        "operating_revenue": 305877, 
        "short_term_average": 347599
    }, 
    {
        "accumulated_operating_revenue_yoy": 21.38361876078788, 
        "accumulated_operating_revenue": 1025325, 
        "long_term_average": 343137, 
        "date": "2014-03-31", 
        "operating_revenue": 368693, 
        "short_term_average": 341775
    }, 
    {
        "accumulated_operating_revenue_yoy": 19.681213037378416, 
        "accumulated_operating_revenue": 1398165, 
        "long_term_average": 347245, 
        "date": "2014-04-30", 
        "operating_revenue": 372840, 
        "short_term_average": 349136
    }, 
    {
        "accumulated_operating_revenue_yoy": 15.880404827964115, 
        "accumulated_operating_revenue": 1738315, 
        "long_term_average": 347936, 
        "date": "2014-05-31", 
        "operating_revenue": 340150, 
        "short_term_average": 360561
    }, 
    {
        "accumulated_operating_revenue_yoy": 13.79903927092582, 
        "accumulated_operating_revenue": 2073835, 
        "long_term_average": 349040, 
        "date": "2014-06-30", 
        "operating_revenue": 335520, 
        "short_term_average": 349503
    }, 
    {
        "accumulated_operating_revenue_yoy": 20.613097880387347, 
        "accumulated_operating_revenue": 2654599, 
        "long_term_average": 365891, 
        "date": "2014-07-31", 
        "operating_revenue": 580764, 
        "short_term_average": 418811
    }, 
    {
        "accumulated_operating_revenue_yoy": 34.426648038948, 
        "accumulated_operating_revenue": 3411954, 
        "long_term_average": 400901, 
        "date": "2014-08-31", 
        "operating_revenue": 757355, 
        "short_term_average": 557879
    }, 
    {
        "accumulated_operating_revenue_yoy": 49.154661231738395, 
        "accumulated_operating_revenue": 4266584, 
        "long_term_average": 445258, 
        "date": "2014-09-30", 
        "operating_revenue": 854630, 
        "short_term_average": 730916
    }, 
    {
        "accumulated_operating_revenue_yoy": 59.1225391042423, 
        "accumulated_operating_revenue": 5143251, 
        "long_term_average": 487334, 
        "date": "2014-10-31", 
        "operating_revenue": 876667, 
        "short_term_average": 829550
    }, 
    {
        "accumulated_operating_revenue_yoy": 68.15519976028315, 
        "accumulated_operating_revenue": 5970949, 
        "long_term_average": 529759, 
        "date": "2014-11-30", 
        "operating_revenue": 827698, 
        "short_term_average": 852998
    }, 
    {
        "accumulated_operating_revenue_yoy": 73.69491458264648, 
        "accumulated_operating_revenue": 6838407, 
        "long_term_average": 569867, 
        "date": "2014-12-31", 
        "operating_revenue": 867458, 
        "short_term_average": 857274
    }, 
    {
        "accumulated_operating_revenue_yoy": 129.7549571638323, 
        "accumulated_operating_revenue": 805877, 
        "long_term_average": 607794, 
        "date": "2015-01-31", 
        "operating_revenue": 805877, 
        "short_term_average": 833677
    }, 
    {
        "accumulated_operating_revenue_yoy": 114.91505135296482, 
        "accumulated_operating_revenue": 1411201, 
        "long_term_average": 632748, 
        "date": "2015-02-28", 
        "operating_revenue": 605324, 
        "short_term_average": 759553
    }, 
    {
        "accumulated_operating_revenue_yoy": 139.84024577572964, 
        "accumulated_operating_revenue": 2459142, 
        "long_term_average": 689352, 
        "date": "2015-03-31", 
        "operating_revenue": 1047941, 
        "short_term_average": 819714
    }, 
    {
        "accumulated_operating_revenue_yoy": 138.2212399824055, 
        "accumulated_operating_revenue": 3330726, 
        "long_term_average": 730914, 
        "date": "2015-04-30", 
        "operating_revenue": 871584, 
        "short_term_average": 841616
    }, 
    {
        "accumulated_operating_revenue_yoy": 134.48707512735035, 
        "accumulated_operating_revenue": 4076124, 
        "long_term_average": 764684, 
        "date": "2015-05-31", 
        "operating_revenue": 745398, 
        "short_term_average": 888307
    }, 
    {
        "accumulated_operating_revenue_yoy": 137.46387730942914, 
        "accumulated_operating_revenue": 4924609, 
        "long_term_average": 807431, 
        "date": "2015-06-30", 
        "operating_revenue": 848485, 
        "short_term_average": 821822
    }, 
    {
        "accumulated_operating_revenue_yoy": 114.57150402000454, 
        "accumulated_operating_revenue": 5696013, 
        "long_term_average": 823318, 
        "date": "2015-07-31", 
        "operating_revenue": 771404, 
        "short_term_average": 788429
    }, 
    {
        "accumulated_operating_revenue_yoy": 87.9218770241334, 
        "accumulated_operating_revenue": 6411808, 
        "long_term_average": 819855, 
        "date": "2015-08-31", 
        "operating_revenue": 715795, 
        "short_term_average": 778561
    }, 
    {
        "accumulated_operating_revenue_yoy": 68.88002205042723, 
        "accumulated_operating_revenue": 7205408, 
        "long_term_average": 814769, 
        "date": "2015-09-30", 
        "operating_revenue": 793600, 
        "short_term_average": 760266
    }
]