[
    {
        "date": "2012-01-31", 
        "operating_revenue": 68544, 
        "accumulated_operating_revenue": 68544, 
        "long_term_average": 68544, 
        "short_term_average": 68544
    }, 
    {
        "date": "2012-02-29", 
        "operating_revenue": 67888, 
        "accumulated_operating_revenue": 136432, 
        "long_term_average": 68216, 
        "short_term_average": 68216
    }, 
    {
        "date": "2012-03-31", 
        "operating_revenue": 109931, 
        "accumulated_operating_revenue": 246363, 
        "long_term_average": 82121, 
        "short_term_average": 82121
    }, 
    {
        "date": "2012-04-30", 
        "operating_revenue": 82810, 
        "accumulated_operating_revenue": 329173, 
        "long_term_average": 82293, 
        "short_term_average": 86876
    }, 
    {
        "date": "2012-05-31", 
        "operating_revenue": 93546, 
        "accumulated_operating_revenue": 422719, 
        "long_term_average": 84543, 
        "short_term_average": 95429
    }, 
    {
        "date": "2012-06-30", 
        "operating_revenue": 85067, 
        "accumulated_operating_revenue": 507786, 
        "long_term_average": 84631, 
        "short_term_average": 87141
    }, 
    {
        "date": "2012-07-31", 
        "operating_revenue": 87890, 
        "accumulated_operating_revenue": 595676, 
        "long_term_average": 85096, 
        "short_term_average": 88834
    }, 
    {
        "date": "2012-08-31", 
        "operating_revenue": 95989, 
        "accumulated_operating_revenue": 691665, 
        "long_term_average": 86458, 
        "short_term_average": 89648
    }, 
    {
        "date": "2012-09-30", 
        "operating_revenue": 86256, 
        "accumulated_operating_revenue": 777921, 
        "long_term_average": 86435, 
        "short_term_average": 90045
    }, 
    {
        "date": "2012-10-31", 
        "operating_revenue": 103828, 
        "accumulated_operating_revenue": 881749, 
        "long_term_average": 88174, 
        "short_term_average": 95357
    }, 
    {
        "date": "2012-11-30", 
        "operating_revenue": 95249, 
        "accumulated_operating_revenue": 976998, 
        "long_term_average": 88818, 
        "short_term_average": 95111
    }, 
    {
        "date": "2012-12-31", 
        "operating_revenue": 72863, 
        "accumulated_operating_revenue": 1049861, 
        "long_term_average": 87488, 
        "short_term_average": 90646
    }, 
    {
        "accumulated_operating_revenue_yoy": 19.51593137254902, 
        "accumulated_operating_revenue": 81921, 
        "long_term_average": 88603, 
        "date": "2013-01-31", 
        "operating_revenue": 81921, 
        "short_term_average": 83344
    }, 
    {
        "accumulated_operating_revenue_yoy": 0.8986161604315703, 
        "accumulated_operating_revenue": 137658, 
        "long_term_average": 87590, 
        "date": "2013-02-28", 
        "operating_revenue": 55737, 
        "short_term_average": 70173
    }, 
    {
        "accumulated_operating_revenue_yoy": -1.8570158668306525, 
        "accumulated_operating_revenue": 241788, 
        "long_term_average": 87107, 
        "date": "2013-03-31", 
        "operating_revenue": 104130, 
        "short_term_average": 80596
    }, 
    {
        "accumulated_operating_revenue_yoy": 1.9424436390590967, 
        "accumulated_operating_revenue": 335567, 
        "long_term_average": 88021, 
        "date": "2013-04-30", 
        "operating_revenue": 93779, 
        "short_term_average": 84548
    }, 
    {
        "accumulated_operating_revenue_yoy": 2.0379968726269695, 
        "accumulated_operating_revenue": 431334, 
        "long_term_average": 88206, 
        "date": "2013-05-31", 
        "operating_revenue": 95767, 
        "short_term_average": 97892
    }, 
    {
        "accumulated_operating_revenue_yoy": 1.3543106741816433, 
        "accumulated_operating_revenue": 514663, 
        "long_term_average": 88061, 
        "date": "2013-06-30", 
        "operating_revenue": 83329, 
        "short_term_average": 90958
    }, 
    {
        "accumulated_operating_revenue_yoy": 3.1780699574936713, 
        "accumulated_operating_revenue": 614607, 
        "long_term_average": 89066, 
        "date": "2013-07-31", 
        "operating_revenue": 99944, 
        "short_term_average": 93013
    }, 
    {
        "accumulated_operating_revenue_yoy": -0.4107479777059704, 
        "accumulated_operating_revenue": 688824, 
        "long_term_average": 87251, 
        "date": "2013-08-31", 
        "operating_revenue": 74217, 
        "short_term_average": 85830
    }, 
    {
        "accumulated_operating_revenue_yoy": -0.7320794785074577, 
        "accumulated_operating_revenue": 772226, 
        "long_term_average": 87013, 
        "date": "2013-09-30", 
        "operating_revenue": 83402, 
        "short_term_average": 85854
    }, 
    {
        "accumulated_operating_revenue_yoy": -3.079220957438001, 
        "accumulated_operating_revenue": 854598, 
        "long_term_average": 85225, 
        "date": "2013-10-31", 
        "operating_revenue": 82372, 
        "short_term_average": 79997
    }, 
    {
        "accumulated_operating_revenue_yoy": -2.7452461519880287, 
        "accumulated_operating_revenue": 950177, 
        "long_term_average": 85253, 
        "date": "2013-11-30", 
        "operating_revenue": 95579, 
        "short_term_average": 87117
    }, 
    {
        "accumulated_operating_revenue_yoy": 0.34071177041532164, 
        "accumulated_operating_revenue": 1053438, 
        "long_term_average": 87786, 
        "date": "2013-12-31", 
        "operating_revenue": 103261, 
        "short_term_average": 93737
    }, 
    {
        "accumulated_operating_revenue_yoy": 11.594096751748637, 
        "accumulated_operating_revenue": 91419, 
        "long_term_average": 88578, 
        "date": "2014-01-31", 
        "operating_revenue": 91419, 
        "short_term_average": 96753
    }, 
    {
        "accumulated_operating_revenue_yoy": 19.384997602754652, 
        "accumulated_operating_revenue": 164343, 
        "long_term_average": 90010, 
        "date": "2014-02-28", 
        "operating_revenue": 72924, 
        "short_term_average": 89201
    }, 
    {
        "accumulated_operating_revenue_yoy": 11.834747795589525, 
        "accumulated_operating_revenue": 270403, 
        "long_term_average": 90171, 
        "date": "2014-03-31", 
        "operating_revenue": 106060, 
        "short_term_average": 90134
    }, 
    {
        "accumulated_operating_revenue_yoy": 3.5945131672661494, 
        "accumulated_operating_revenue": 347629, 
        "long_term_average": 88791, 
        "date": "2014-04-30", 
        "operating_revenue": 77226, 
        "short_term_average": 85403
    }, 
    {
        "accumulated_operating_revenue_yoy": 2.6726388367251364, 
        "accumulated_operating_revenue": 442862, 
        "long_term_average": 88747, 
        "date": "2014-05-31", 
        "operating_revenue": 95233, 
        "short_term_average": 92839
    }, 
    {
        "accumulated_operating_revenue_yoy": 2.0434731076451973, 
        "accumulated_operating_revenue": 525180, 
        "long_term_average": 88662, 
        "date": "2014-06-30", 
        "operating_revenue": 82318, 
        "short_term_average": 84925
    }, 
    {
        "accumulated_operating_revenue_yoy": -0.5372538874435208, 
        "accumulated_operating_revenue": 611305, 
        "long_term_average": 87511, 
        "date": "2014-07-31", 
        "operating_revenue": 86125, 
        "short_term_average": 87892
    }, 
    {
        "accumulated_operating_revenue_yoy": 0.023227994378825362, 
        "accumulated_operating_revenue": 688984, 
        "long_term_average": 87799, 
        "date": "2014-08-31", 
        "operating_revenue": 77679, 
        "short_term_average": 82040
    }, 
    {
        "accumulated_operating_revenue_yoy": 4.4701939587633674, 
        "accumulated_operating_revenue": 806746, 
        "long_term_average": 90663, 
        "date": "2014-09-30", 
        "operating_revenue": 117762, 
        "short_term_average": 93855
    }, 
    {
        "accumulated_operating_revenue_yoy": 10.339247225011059, 
        "accumulated_operating_revenue": 942957, 
        "long_term_average": 95149, 
        "date": "2014-10-31", 
        "operating_revenue": 136211, 
        "short_term_average": 110550
    }, 
    {
        "accumulated_operating_revenue_yoy": 9.018951205933211, 
        "accumulated_operating_revenue": 1035873, 
        "long_term_average": 94927, 
        "date": "2014-11-30", 
        "operating_revenue": 92916, 
        "short_term_average": 115629
    }, 
    {
        "accumulated_operating_revenue_yoy": 6.355096360678085, 
        "accumulated_operating_revenue": 1120385, 
        "long_term_average": 93365, 
        "date": "2014-12-31", 
        "operating_revenue": 84512, 
        "short_term_average": 104546
    }, 
    {
        "accumulated_operating_revenue_yoy": -1.4023343068727507, 
        "accumulated_operating_revenue": 90137, 
        "long_term_average": 93258, 
        "date": "2015-01-31", 
        "operating_revenue": 90137, 
        "short_term_average": 89188
    }, 
    {
        "accumulated_operating_revenue_yoy": -13.334306906895943, 
        "accumulated_operating_revenue": 142429, 
        "long_term_average": 91539, 
        "date": "2015-02-28", 
        "operating_revenue": 52292, 
        "short_term_average": 75647
    }, 
    {
        "accumulated_operating_revenue_yoy": -12.406297267411974, 
        "accumulated_operating_revenue": 236856, 
        "long_term_average": 90569, 
        "date": "2015-03-31", 
        "operating_revenue": 94427, 
        "short_term_average": 78952
    }, 
    {
        "accumulated_operating_revenue_yoy": -6.673781531460264, 
        "accumulated_operating_revenue": 324429, 
        "long_term_average": 91432, 
        "date": "2015-04-30", 
        "operating_revenue": 87573, 
        "short_term_average": 78097
    }, 
    {
        "accumulated_operating_revenue_yoy": -8.580099444070614, 
        "accumulated_operating_revenue": 404864, 
        "long_term_average": 90198, 
        "date": "2015-05-31", 
        "operating_revenue": 80435, 
        "short_term_average": 87478
    }, 
    {
        "accumulated_operating_revenue_yoy": -8.215278571156556, 
        "accumulated_operating_revenue": 482035, 
        "long_term_average": 89770, 
        "date": "2015-06-30", 
        "operating_revenue": 77171, 
        "short_term_average": 81726
    }, 
    {
        "accumulated_operating_revenue_yoy": -7.953803747720041, 
        "accumulated_operating_revenue": 562683, 
        "long_term_average": 89313, 
        "date": "2015-07-31", 
        "operating_revenue": 80648, 
        "short_term_average": 79418
    }, 
    {
        "accumulated_operating_revenue_yoy": -7.987703633175807, 
        "accumulated_operating_revenue": 633950, 
        "long_term_average": 88779, 
        "date": "2015-08-31", 
        "operating_revenue": 71267, 
        "short_term_average": 76362
    }
]