[
    {
        "date": "2011-09-30", 
        "operating_revenue": 343016, 
        "accumulated_operating_revenue": 343016, 
        "long_term_average": 343016, 
        "short_term_average": 343016
    }, 
    {
        "date": "2011-10-31", 
        "operating_revenue": 372046, 
        "accumulated_operating_revenue": 715062, 
        "long_term_average": 357531, 
        "short_term_average": 357531
    }, 
    {
        "date": "2011-11-30", 
        "operating_revenue": 331229, 
        "accumulated_operating_revenue": 1046291, 
        "long_term_average": 348763, 
        "short_term_average": 348763
    }, 
    {
        "date": "2011-12-31", 
        "operating_revenue": 309451, 
        "accumulated_operating_revenue": 1355742, 
        "long_term_average": 338935, 
        "short_term_average": 337575
    }, 
    {
        "date": "2012-01-31", 
        "operating_revenue": 359284, 
        "accumulated_operating_revenue": 359284, 
        "long_term_average": 343005, 
        "short_term_average": 333321
    }, 
    {
        "date": "2012-02-29", 
        "operating_revenue": 426584, 
        "accumulated_operating_revenue": 785868, 
        "long_term_average": 356935, 
        "short_term_average": 365106
    }, 
    {
        "date": "2012-03-31", 
        "operating_revenue": 485535, 
        "accumulated_operating_revenue": 1271403, 
        "long_term_average": 375306, 
        "short_term_average": 423801
    }, 
    {
        "date": "2012-04-30", 
        "operating_revenue": 403203, 
        "accumulated_operating_revenue": 1674606, 
        "long_term_average": 378793, 
        "short_term_average": 438440
    }, 
    {
        "date": "2012-05-31", 
        "operating_revenue": 446197, 
        "accumulated_operating_revenue": 2120803, 
        "long_term_average": 386282, 
        "short_term_average": 444978
    }, 
    {
        "date": "2012-06-30", 
        "operating_revenue": 231684, 
        "accumulated_operating_revenue": 2352487, 
        "long_term_average": 370822, 
        "short_term_average": 360361
    }, 
    {
        "date": "2012-07-31", 
        "operating_revenue": 419985, 
        "accumulated_operating_revenue": 2772472, 
        "long_term_average": 375292, 
        "short_term_average": 365955
    }, 
    {
        "date": "2012-08-31", 
        "operating_revenue": 402921, 
        "accumulated_operating_revenue": 3175393, 
        "long_term_average": 377594, 
        "short_term_average": 351530
    }, 
    {
        "accumulated_operating_revenue_yoy": 941.1619283065512, 
        "accumulated_operating_revenue": 3571352, 
        "long_term_average": 382006, 
        "date": "2012-09-30", 
        "operating_revenue": 395959, 
        "short_term_average": 406288
    }, 
    {
        "accumulated_operating_revenue_yoy": 457.06763889005424, 
        "accumulated_operating_revenue": 3983379, 
        "long_term_average": 385338, 
        "date": "2012-10-31", 
        "operating_revenue": 412027, 
        "short_term_average": 403635
    }, 
    {
        "accumulated_operating_revenue_yoy": 317.9174818477842, 
        "accumulated_operating_revenue": 4372633, 
        "long_term_average": 390173, 
        "date": "2012-11-30", 
        "operating_revenue": 389254, 
        "short_term_average": 399080
    }, 
    {
        "accumulated_operating_revenue_yoy": 248.78568341174056, 
        "accumulated_operating_revenue": 4728634, 
        "long_term_average": 394052, 
        "date": "2012-12-31", 
        "operating_revenue": 356001, 
        "short_term_average": 385760
    }, 
    {
        "accumulated_operating_revenue_yoy": 10.225058727914407, 
        "accumulated_operating_revenue": 396021, 
        "long_term_average": 397114, 
        "date": "2013-01-31", 
        "operating_revenue": 396021, 
        "short_term_average": 380425
    }, 
    {
        "accumulated_operating_revenue_yoy": -3.02595346801244, 
        "accumulated_operating_revenue": 762088, 
        "long_term_average": 392071, 
        "date": "2013-02-28", 
        "operating_revenue": 366067, 
        "short_term_average": 372696
    }, 
    {
        "accumulated_operating_revenue_yoy": -14.822129568673347, 
        "accumulated_operating_revenue": 1082954, 
        "long_term_average": 378348, 
        "date": "2013-03-31", 
        "operating_revenue": 320866, 
        "short_term_average": 360984
    }, 
    {
        "accumulated_operating_revenue_yoy": -14.29291427356644, 
        "accumulated_operating_revenue": 1435256, 
        "long_term_average": 374107, 
        "date": "2013-04-30", 
        "operating_revenue": 352302, 
        "short_term_average": 346411
    }, 
    {
        "accumulated_operating_revenue_yoy": -11.835469866838174, 
        "accumulated_operating_revenue": 1869796, 
        "long_term_average": 373135, 
        "date": "2013-05-31", 
        "operating_revenue": 434540, 
        "short_term_average": 369236
    }, 
    {
        "accumulated_operating_revenue_yoy": -8.995033766392758, 
        "accumulated_operating_revenue": 2140880, 
        "long_term_average": 376418, 
        "date": "2013-06-30", 
        "operating_revenue": 271084, 
        "short_term_average": 352642
    }, 
    {
        "accumulated_operating_revenue_yoy": -12.732824713829391, 
        "accumulated_operating_revenue": 2419458, 
        "long_term_average": 364635, 
        "date": "2013-07-31", 
        "operating_revenue": 278578, 
        "short_term_average": 328067
    }, 
    {
        "accumulated_operating_revenue_yoy": -11.368797500025982, 
        "accumulated_operating_revenue": 2814389, 
        "long_term_average": 363969, 
        "date": "2013-08-31", 
        "operating_revenue": 394931, 
        "short_term_average": 314864
    }, 
    {
        "accumulated_operating_revenue_yoy": -11.635033455117277, 
        "accumulated_operating_revenue": 3155824, 
        "long_term_average": 359425, 
        "date": "2013-09-30", 
        "operating_revenue": 341435, 
        "short_term_average": 338314
    }, 
    {
        "accumulated_operating_revenue_yoy": -13.678035657666518, 
        "accumulated_operating_revenue": 3438531, 
        "long_term_average": 348648, 
        "date": "2013-10-31", 
        "operating_revenue": 282707, 
        "short_term_average": 339691
    }, 
    {
        "accumulated_operating_revenue_yoy": -14.31421296962265, 
        "accumulated_operating_revenue": 3746725, 
        "long_term_average": 341893, 
        "date": "2013-11-30", 
        "operating_revenue": 308194, 
        "short_term_average": 310778
    }, 
    {
        "accumulated_operating_revenue_yoy": -14.566490026506598, 
        "accumulated_operating_revenue": 4039838, 
        "long_term_average": 336653, 
        "date": "2013-12-31", 
        "operating_revenue": 293113, 
        "short_term_average": 294671
    }, 
    {
        "accumulated_operating_revenue_yoy": -1.244883478401398, 
        "accumulated_operating_revenue": 391091, 
        "long_term_average": 336242, 
        "date": "2014-01-31", 
        "operating_revenue": 391091, 
        "short_term_average": 330799
    }, 
    {
        "accumulated_operating_revenue_yoy": -4.456440726005396, 
        "accumulated_operating_revenue": 728126, 
        "long_term_average": 333823, 
        "date": "2014-02-28", 
        "operating_revenue": 337035, 
        "short_term_average": 340413
    }, 
    {
        "accumulated_operating_revenue_yoy": -7.921019729369854, 
        "accumulated_operating_revenue": 997173, 
        "long_term_average": 329504, 
        "date": "2014-03-31", 
        "operating_revenue": 269047, 
        "short_term_average": 332391
    }, 
    {
        "accumulated_operating_revenue_yoy": -6.128802109170768, 
        "accumulated_operating_revenue": 1347292, 
        "long_term_average": 329322, 
        "date": "2014-04-30", 
        "operating_revenue": 350119, 
        "short_term_average": 318733
    }, 
    {
        "accumulated_operating_revenue_yoy": -8.829144997636105, 
        "accumulated_operating_revenue": 1704709, 
        "long_term_average": 322895, 
        "date": "2014-05-31", 
        "operating_revenue": 357417, 
        "short_term_average": 325527
    }, 
    {
        "accumulated_operating_revenue_yoy": -6.422265610403198, 
        "accumulated_operating_revenue": 2003387, 
        "long_term_average": 325195, 
        "date": "2014-06-30", 
        "operating_revenue": 298678, 
        "short_term_average": 335404
    }, 
    {
        "accumulated_operating_revenue_yoy": -3.184060231671722, 
        "accumulated_operating_revenue": 2342421, 
        "long_term_average": 330233, 
        "date": "2014-07-31", 
        "operating_revenue": 339034, 
        "short_term_average": 331709
    }, 
    {
        "accumulated_operating_revenue_yoy": -2.841611447458045, 
        "accumulated_operating_revenue": 2734415, 
        "long_term_average": 329988, 
        "date": "2014-08-31", 
        "operating_revenue": 391994, 
        "short_term_average": 343235
    }, 
    {
        "accumulated_operating_revenue_yoy": -2.039594096502213, 
        "accumulated_operating_revenue": 3091458, 
        "long_term_average": 331289, 
        "date": "2014-09-30", 
        "operating_revenue": 357043, 
        "short_term_average": 362690
    }, 
    {
        "accumulated_operating_revenue_yoy": -1.3408342108883124, 
        "accumulated_operating_revenue": 3392426, 
        "long_term_average": 332811, 
        "date": "2014-10-31", 
        "operating_revenue": 300968, 
        "short_term_average": 350001
    }, 
    {
        "accumulated_operating_revenue_yoy": -1.4043464625773174, 
        "accumulated_operating_revenue": 3694108, 
        "long_term_average": 332268, 
        "date": "2014-11-30", 
        "operating_revenue": 301682, 
        "short_term_average": 319897
    }, 
    {
        "accumulated_operating_revenue_yoy": -2.4065568965884276, 
        "accumulated_operating_revenue": 3942617, 
        "long_term_average": 328551, 
        "date": "2014-12-31", 
        "operating_revenue": 248509, 
        "short_term_average": 283719
    }, 
    {
        "accumulated_operating_revenue_yoy": -12.188979035569727, 
        "accumulated_operating_revenue": 343421, 
        "long_term_average": 324578, 
        "date": "2015-01-31", 
        "operating_revenue": 343421, 
        "short_term_average": 297870
    }, 
    {
        "accumulated_operating_revenue_yoy": -8.911369735457875, 
        "accumulated_operating_revenue": 663240, 
        "long_term_average": 323144, 
        "date": "2015-02-28", 
        "operating_revenue": 319819, 
        "short_term_average": 303916
    }, 
    {
        "accumulated_operating_revenue_yoy": 7.400922407646417, 
        "accumulated_operating_revenue": 1070973, 
        "long_term_average": 334701, 
        "date": "2015-03-31", 
        "operating_revenue": 407733, 
        "short_term_average": 356991
    }, 
    {
        "accumulated_operating_revenue_yoy": 6.5901081576970695, 
        "accumulated_operating_revenue": 1436080, 
        "long_term_average": 335950, 
        "date": "2015-04-30", 
        "operating_revenue": 365107, 
        "short_term_average": 364219
    }, 
    {
        "accumulated_operating_revenue_yoy": 4.808327990290425, 
        "accumulated_operating_revenue": 1786677, 
        "long_term_average": 335382, 
        "date": "2015-05-31", 
        "operating_revenue": 350597, 
        "short_term_average": 374479
    }, 
    {
        "accumulated_operating_revenue_yoy": 3.6484213983618745, 
        "accumulated_operating_revenue": 2076479, 
        "long_term_average": 334642, 
        "date": "2015-06-30", 
        "operating_revenue": 289802, 
        "short_term_average": 335168
    }, 
    {
        "accumulated_operating_revenue_yoy": 2.936278320592242, 
        "accumulated_operating_revenue": 2411201, 
        "long_term_average": 334283, 
        "date": "2015-07-31", 
        "operating_revenue": 334722, 
        "short_term_average": 325040
    }, 
    {
        "accumulated_operating_revenue_yoy": 0.409667150011977, 
        "accumulated_operating_revenue": 2745617, 
        "long_term_average": 329484, 
        "date": "2015-08-31", 
        "operating_revenue": 334416, 
        "short_term_average": 319646
    }, 
    {
        "accumulated_operating_revenue_yoy": 2.031048133275626, 
        "accumulated_operating_revenue": 3154247, 
        "long_term_average": 333783, 
        "date": "2015-09-30", 
        "operating_revenue": 408630, 
        "short_term_average": 359256
    }, 
    {
        "accumulated_operating_revenue_yoy": 4.092292654283395, 
        "accumulated_operating_revenue": 3531254, 
        "long_term_average": 340120, 
        "date": "2015-10-31", 
        "operating_revenue": 377007, 
        "short_term_average": 373351
    }
]