[
    {
        "date": "2012-01-31", 
        "operating_revenue": 171063, 
        "accumulated_operating_revenue": 171063, 
        "long_term_average": 171063, 
        "short_term_average": 171063
    }, 
    {
        "date": "2012-02-29", 
        "operating_revenue": 283633, 
        "accumulated_operating_revenue": 454696, 
        "long_term_average": 227348, 
        "short_term_average": 227348
    }, 
    {
        "date": "2012-03-31", 
        "operating_revenue": 403432, 
        "accumulated_operating_revenue": 858128, 
        "long_term_average": 286042, 
        "short_term_average": 286042
    }, 
    {
        "date": "2012-04-30", 
        "operating_revenue": 392442, 
        "accumulated_operating_revenue": 1250570, 
        "long_term_average": 312642, 
        "short_term_average": 359835
    }, 
    {
        "date": "2012-05-31", 
        "operating_revenue": 460363, 
        "accumulated_operating_revenue": 1710933, 
        "long_term_average": 342186, 
        "short_term_average": 418745
    }, 
    {
        "date": "2012-06-30", 
        "operating_revenue": 459008, 
        "accumulated_operating_revenue": 2169941, 
        "long_term_average": 361656, 
        "short_term_average": 437271
    }, 
    {
        "date": "2012-07-31", 
        "operating_revenue": 426683, 
        "accumulated_operating_revenue": 2596624, 
        "long_term_average": 370946, 
        "short_term_average": 448684
    }, 
    {
        "date": "2012-08-31", 
        "operating_revenue": 371890, 
        "accumulated_operating_revenue": 2968514, 
        "long_term_average": 371064, 
        "short_term_average": 419193
    }, 
    {
        "date": "2012-09-30", 
        "operating_revenue": 321432, 
        "accumulated_operating_revenue": 3289946, 
        "long_term_average": 365549, 
        "short_term_average": 373335
    }, 
    {
        "date": "2012-10-31", 
        "operating_revenue": 295122, 
        "accumulated_operating_revenue": 3585068, 
        "long_term_average": 358506, 
        "short_term_average": 329481
    }, 
    {
        "date": "2012-11-30", 
        "operating_revenue": 274103, 
        "accumulated_operating_revenue": 3859171, 
        "long_term_average": 350833, 
        "short_term_average": 296885
    }, 
    {
        "date": "2012-12-31", 
        "operating_revenue": 306416, 
        "accumulated_operating_revenue": 4165587, 
        "long_term_average": 347132, 
        "short_term_average": 291880
    }, 
    {
        "accumulated_operating_revenue_yoy": 82.72566247522842, 
        "accumulated_operating_revenue": 312576, 
        "long_term_average": 358925, 
        "date": "2013-01-31", 
        "operating_revenue": 312576, 
        "short_term_average": 297698
    }, 
    {
        "accumulated_operating_revenue_yoy": 10.041214349807344, 
        "accumulated_operating_revenue": 500353, 
        "long_term_average": 350937, 
        "date": "2013-02-28", 
        "operating_revenue": 187777, 
        "short_term_average": 268923
    }, 
    {
        "accumulated_operating_revenue_yoy": 7.011191803553782, 
        "accumulated_operating_revenue": 918293, 
        "long_term_average": 352146, 
        "date": "2013-03-31", 
        "operating_revenue": 417940, 
        "short_term_average": 306097
    }, 
    {
        "accumulated_operating_revenue_yoy": 13.420520242769296, 
        "accumulated_operating_revenue": 1418403, 
        "long_term_average": 361118, 
        "date": "2013-04-30", 
        "operating_revenue": 500110, 
        "short_term_average": 368609
    }, 
    {
        "accumulated_operating_revenue_yoy": 6.456652598319162, 
        "accumulated_operating_revenue": 1821402, 
        "long_term_average": 356338, 
        "date": "2013-05-31", 
        "operating_revenue": 402999, 
        "short_term_average": 440349
    }, 
    {
        "accumulated_operating_revenue_yoy": -0.4431456892145916, 
        "accumulated_operating_revenue": 2160325, 
        "long_term_average": 346330, 
        "date": "2013-06-30", 
        "operating_revenue": 338923, 
        "short_term_average": 414010
    }, 
    {
        "accumulated_operating_revenue_yoy": -3.096982851579589, 
        "accumulated_operating_revenue": 2516207, 
        "long_term_average": 340430, 
        "date": "2013-07-31", 
        "operating_revenue": 355882, 
        "short_term_average": 365934
    }, 
    {
        "accumulated_operating_revenue_yoy": -4.1044104895580755, 
        "accumulated_operating_revenue": 2846674, 
        "long_term_average": 336978, 
        "date": "2013-08-31", 
        "operating_revenue": 330467, 
        "short_term_average": 341757
    }, 
    {
        "accumulated_operating_revenue_yoy": -4.153594010357617, 
        "accumulated_operating_revenue": 3153295, 
        "long_term_average": 335744, 
        "date": "2013-09-30", 
        "operating_revenue": 306621, 
        "short_term_average": 330990
    }, 
    {
        "accumulated_operating_revenue_yoy": -4.2052758831910575, 
        "accumulated_operating_revenue": 3434306, 
        "long_term_average": 334568, 
        "date": "2013-10-31", 
        "operating_revenue": 281011, 
        "short_term_average": 306033
    }, 
    {
        "accumulated_operating_revenue_yoy": -2.372089757100683, 
        "accumulated_operating_revenue": 3767628, 
        "long_term_average": 339503, 
        "date": "2013-11-30", 
        "operating_revenue": 333322, 
        "short_term_average": 306984
    }, 
    {
        "accumulated_operating_revenue_yoy": -0.859374681167384, 
        "accumulated_operating_revenue": 4129789, 
        "long_term_average": 344149, 
        "date": "2013-12-31", 
        "operating_revenue": 362161, 
        "short_term_average": 325498
    }, 
    {
        "accumulated_operating_revenue_yoy": -26.00199631449631, 
        "accumulated_operating_revenue": 231300, 
        "long_term_average": 337376, 
        "date": "2014-01-31", 
        "operating_revenue": 231300, 
        "short_term_average": 308927
    }, 
    {
        "accumulated_operating_revenue_yoy": -4.469644431031691, 
        "accumulated_operating_revenue": 477989, 
        "long_term_average": 342285, 
        "date": "2014-02-28", 
        "operating_revenue": 246689, 
        "short_term_average": 280050
    }, 
    {
        "accumulated_operating_revenue_yoy": -8.240724910241067, 
        "accumulated_operating_revenue": 842619, 
        "long_term_average": 337842, 
        "date": "2014-03-31", 
        "operating_revenue": 364630, 
        "short_term_average": 280873
    }, 
    {
        "accumulated_operating_revenue_yoy": -10.178559972024875, 
        "accumulated_operating_revenue": 1274030, 
        "long_term_average": 332118, 
        "date": "2014-04-30", 
        "operating_revenue": 431411, 
        "short_term_average": 347576
    }, 
    {
        "accumulated_operating_revenue_yoy": -9.244746629244945, 
        "accumulated_operating_revenue": 1653018, 
        "long_term_average": 330117, 
        "date": "2014-05-31", 
        "operating_revenue": 378988, 
        "short_term_average": 391676
    }, 
    {
        "accumulated_operating_revenue_yoy": -6.022473470426903, 
        "accumulated_operating_revenue": 2030220, 
        "long_term_average": 333307, 
        "date": "2014-06-30", 
        "operating_revenue": 377202, 
        "short_term_average": 395867
    }, 
    {
        "accumulated_operating_revenue_yoy": -4.705097792033803, 
        "accumulated_operating_revenue": 2397817, 
        "long_term_average": 334283, 
        "date": "2014-07-31", 
        "operating_revenue": 367597, 
        "short_term_average": 374595
    }, 
    {
        "accumulated_operating_revenue_yoy": -2.3263640304439495, 
        "accumulated_operating_revenue": 2780450, 
        "long_term_average": 338630, 
        "date": "2014-08-31", 
        "operating_revenue": 382633, 
        "short_term_average": 375810
    }, 
    {
        "accumulated_operating_revenue_yoy": 0.9986379327021417, 
        "accumulated_operating_revenue": 3184785, 
        "long_term_average": 346773, 
        "date": "2014-09-30", 
        "operating_revenue": 404335, 
        "short_term_average": 384855
    }, 
    {
        "accumulated_operating_revenue_yoy": 3.312110219648453, 
        "accumulated_operating_revenue": 3548054, 
        "long_term_average": 353628, 
        "date": "2014-10-31", 
        "operating_revenue": 363269, 
        "short_term_average": 383412
    }, 
    {
        "accumulated_operating_revenue_yoy": 4.667552104400966, 
        "accumulated_operating_revenue": 3943484, 
        "long_term_average": 358803, 
        "date": "2014-11-30", 
        "operating_revenue": 395430, 
        "short_term_average": 387678
    }, 
    {
        "accumulated_operating_revenue_yoy": 5.493404142439238, 
        "accumulated_operating_revenue": 4356655, 
        "long_term_average": 363054, 
        "date": "2014-12-31", 
        "operating_revenue": 413171, 
        "short_term_average": 390623
    }, 
    {
        "accumulated_operating_revenue_yoy": 43.06268914829226, 
        "accumulated_operating_revenue": 330904, 
        "long_term_average": 371354, 
        "date": "2015-01-31", 
        "operating_revenue": 330904, 
        "short_term_average": 379835
    }, 
    {
        "accumulated_operating_revenue_yoy": 7.431133352441164, 
        "accumulated_operating_revenue": 513509, 
        "long_term_average": 366014, 
        "date": "2015-02-28", 
        "operating_revenue": 182605, 
        "short_term_average": 308893
    }, 
    {
        "accumulated_operating_revenue_yoy": 12.895389256591649, 
        "accumulated_operating_revenue": 951278, 
        "long_term_average": 372109, 
        "date": "2015-03-31", 
        "operating_revenue": 437769, 
        "short_term_average": 317092
    }, 
    {
        "accumulated_operating_revenue_yoy": 3.4006263588769494, 
        "accumulated_operating_revenue": 1317355, 
        "long_term_average": 366665, 
        "date": "2015-04-30", 
        "operating_revenue": 366077, 
        "short_term_average": 328817
    }, 
    {
        "accumulated_operating_revenue_yoy": 3.6810851424485396, 
        "accumulated_operating_revenue": 1713867, 
        "long_term_average": 368125, 
        "date": "2015-05-31", 
        "operating_revenue": 396512, 
        "short_term_average": 400119
    }, 
    {
        "accumulated_operating_revenue_yoy": 2.469978623006374, 
        "accumulated_operating_revenue": 2080366, 
        "long_term_average": 367233, 
        "date": "2015-06-30", 
        "operating_revenue": 366499, 
        "short_term_average": 376362
    }, 
    {
        "accumulated_operating_revenue_yoy": 0.1381673413775947, 
        "accumulated_operating_revenue": 2401130, 
        "long_term_average": 363330, 
        "date": "2015-07-31", 
        "operating_revenue": 320764, 
        "short_term_average": 361258
    }, 
    {
        "accumulated_operating_revenue_yoy": -2.2478735456490857, 
        "accumulated_operating_revenue": 2717949, 
        "long_term_average": 357846, 
        "date": "2015-08-31", 
        "operating_revenue": 316819, 
        "short_term_average": 334694
    }, 
    {
        "accumulated_operating_revenue_yoy": -6.401782223917785, 
        "accumulated_operating_revenue": 2980902, 
        "long_term_average": 346064, 
        "date": "2015-09-30", 
        "operating_revenue": 262953, 
        "short_term_average": 300178
    }
]