[
    {
        "date": "2012-01-31", 
        "operating_revenue": 114142, 
        "accumulated_operating_revenue": 114142, 
        "long_term_average": 114142, 
        "short_term_average": 114142
    }, 
    {
        "date": "2012-02-29", 
        "operating_revenue": 135399, 
        "accumulated_operating_revenue": 249541, 
        "long_term_average": 124770, 
        "short_term_average": 124770
    }, 
    {
        "date": "2012-03-31", 
        "operating_revenue": 172551, 
        "accumulated_operating_revenue": 422092, 
        "long_term_average": 140697, 
        "short_term_average": 140697
    }, 
    {
        "date": "2012-04-30", 
        "operating_revenue": 109169, 
        "accumulated_operating_revenue": 531261, 
        "long_term_average": 132815, 
        "short_term_average": 139039
    }, 
    {
        "date": "2012-05-31", 
        "operating_revenue": 176276, 
        "accumulated_operating_revenue": 707537, 
        "long_term_average": 141507, 
        "short_term_average": 152665
    }, 
    {
        "date": "2012-06-30", 
        "operating_revenue": 292462, 
        "accumulated_operating_revenue": 999999, 
        "long_term_average": 166666, 
        "short_term_average": 192635
    }, 
    {
        "date": "2012-07-31", 
        "operating_revenue": 112343, 
        "accumulated_operating_revenue": 1112342, 
        "long_term_average": 158906, 
        "short_term_average": 193693
    }, 
    {
        "date": "2012-08-31", 
        "operating_revenue": 203979, 
        "accumulated_operating_revenue": 1316321, 
        "long_term_average": 164540, 
        "short_term_average": 202928
    }, 
    {
        "date": "2012-09-30", 
        "operating_revenue": 148384, 
        "accumulated_operating_revenue": 1464705, 
        "long_term_average": 162745, 
        "short_term_average": 154902
    }, 
    {
        "date": "2012-10-31", 
        "operating_revenue": 324050, 
        "accumulated_operating_revenue": 1788755, 
        "long_term_average": 178875, 
        "short_term_average": 225471
    }, 
    {
        "date": "2012-11-30", 
        "operating_revenue": 234363, 
        "accumulated_operating_revenue": 2023118, 
        "long_term_average": 183919, 
        "short_term_average": 235599
    }, 
    {
        "date": "2012-12-31", 
        "operating_revenue": 171309, 
        "accumulated_operating_revenue": 2194427, 
        "long_term_average": 182868, 
        "short_term_average": 243240
    }, 
    {
        "accumulated_operating_revenue_yoy": 59.57403935448827, 
        "accumulated_operating_revenue": 182141, 
        "long_term_average": 188535, 
        "date": "2013-01-31", 
        "operating_revenue": 182141, 
        "short_term_average": 195937
    }, 
    {
        "accumulated_operating_revenue_yoy": 24.112670863705763, 
        "accumulated_operating_revenue": 309712, 
        "long_term_average": 187883, 
        "date": "2013-02-28", 
        "operating_revenue": 127571, 
        "short_term_average": 160340
    }, 
    {
        "accumulated_operating_revenue_yoy": 10.532064099769718, 
        "accumulated_operating_revenue": 466547, 
        "long_term_average": 186573, 
        "date": "2013-03-31", 
        "operating_revenue": 156835, 
        "short_term_average": 155515
    }, 
    {
        "accumulated_operating_revenue_yoy": 14.64609673964398, 
        "accumulated_operating_revenue": 609070, 
        "long_term_average": 189353, 
        "date": "2013-04-30", 
        "operating_revenue": 142523, 
        "short_term_average": 142309
    }, 
    {
        "accumulated_operating_revenue_yoy": 9.659565506821552, 
        "accumulated_operating_revenue": 775882, 
        "long_term_average": 188564, 
        "date": "2013-05-31", 
        "operating_revenue": 166812, 
        "short_term_average": 155390
    }, 
    {
        "accumulated_operating_revenue_yoy": -2.6583026583026585, 
        "accumulated_operating_revenue": 973416, 
        "long_term_average": 180653, 
        "date": "2013-06-30", 
        "operating_revenue": 197534, 
        "short_term_average": 168956
    }, 
    {
        "accumulated_operating_revenue_yoy": 4.184414505610685, 
        "accumulated_operating_revenue": 1158887, 
        "long_term_average": 186747, 
        "date": "2013-07-31", 
        "operating_revenue": 185471, 
        "short_term_average": 183272
    }, 
    {
        "accumulated_operating_revenue_yoy": 3.3918778170370296, 
        "accumulated_operating_revenue": 1360969, 
        "long_term_average": 186589, 
        "date": "2013-08-31", 
        "operating_revenue": 202082, 
        "short_term_average": 195029
    }, 
    {
        "accumulated_operating_revenue_yoy": 15.73600144739043, 
        "accumulated_operating_revenue": 1695191, 
        "long_term_average": 202076, 
        "date": "2013-09-30", 
        "operating_revenue": 334222, 
        "short_term_average": 240591
    }, 
    {
        "accumulated_operating_revenue_yoy": 5.768090096184218, 
        "accumulated_operating_revenue": 1891932, 
        "long_term_average": 191467, 
        "date": "2013-10-31", 
        "operating_revenue": 196741, 
        "short_term_average": 244348
    }, 
    {
        "accumulated_operating_revenue_yoy": 5.694526962836572, 
        "accumulated_operating_revenue": 2138325, 
        "long_term_average": 192469, 
        "date": "2013-11-30", 
        "operating_revenue": 246393, 
        "short_term_average": 259118
    }, 
    {
        "accumulated_operating_revenue_yoy": 11.898641422111558, 
        "accumulated_operating_revenue": 2455534, 
        "long_term_average": 204627, 
        "date": "2013-12-31", 
        "operating_revenue": 317209, 
        "short_term_average": 253447
    }, 
    {
        "accumulated_operating_revenue_yoy": 41.59030641096733, 
        "accumulated_operating_revenue": 257894, 
        "long_term_average": 210940, 
        "date": "2014-01-31", 
        "operating_revenue": 257894, 
        "short_term_average": 273832
    }, 
    {
        "accumulated_operating_revenue_yoy": 41.62770573952576, 
        "accumulated_operating_revenue": 438638, 
        "long_term_average": 215371, 
        "date": "2014-02-28", 
        "operating_revenue": 180744, 
        "short_term_average": 251949
    }, 
    {
        "accumulated_operating_revenue_yoy": 69.58270013524897, 
        "accumulated_operating_revenue": 791183, 
        "long_term_average": 231680, 
        "date": "2014-03-31", 
        "operating_revenue": 352545, 
        "short_term_average": 263727
    }, 
    {
        "accumulated_operating_revenue_yoy": 67.98742344886466, 
        "accumulated_operating_revenue": 1023161, 
        "long_term_average": 239135, 
        "date": "2014-04-30", 
        "operating_revenue": 231978, 
        "short_term_average": 255089
    }, 
    {
        "accumulated_operating_revenue_yoy": 69.44664265957968, 
        "accumulated_operating_revenue": 1314706, 
        "long_term_average": 249529, 
        "date": "2014-05-31", 
        "operating_revenue": 291545, 
        "short_term_average": 292022
    }, 
    {
        "accumulated_operating_revenue_yoy": 54.01822037032471, 
        "accumulated_operating_revenue": 1499238, 
        "long_term_average": 248446, 
        "date": "2014-06-30", 
        "operating_revenue": 184532, 
        "short_term_average": 236018
    }, 
    {
        "accumulated_operating_revenue_yoy": 46.259989110241115, 
        "accumulated_operating_revenue": 1694988, 
        "long_term_average": 249302, 
        "date": "2014-07-31", 
        "operating_revenue": 195750, 
        "short_term_average": 223942
    }, 
    {
        "accumulated_operating_revenue_yoy": 42.13512578170406, 
        "accumulated_operating_revenue": 1934415, 
        "long_term_average": 252415, 
        "date": "2014-08-31", 
        "operating_revenue": 239427, 
        "short_term_average": 206569
    }, 
    {
        "accumulated_operating_revenue_yoy": 31.07289974993968, 
        "accumulated_operating_revenue": 2221936, 
        "long_term_average": 248523, 
        "date": "2014-09-30", 
        "operating_revenue": 287521, 
        "short_term_average": 240899
    }, 
    {
        "accumulated_operating_revenue_yoy": 31.144671161542803, 
        "accumulated_operating_revenue": 2481168, 
        "long_term_average": 253730, 
        "date": "2014-10-31", 
        "operating_revenue": 259232, 
        "short_term_average": 262060
    }, 
    {
        "accumulated_operating_revenue_yoy": 26.756690400196415, 
        "accumulated_operating_revenue": 2710470, 
        "long_term_average": 252306, 
        "date": "2014-11-30", 
        "operating_revenue": 229302, 
        "short_term_average": 258685
    }, 
    {
        "accumulated_operating_revenue_yoy": 20.781874736818956, 
        "accumulated_operating_revenue": 2965840, 
        "long_term_average": 247153, 
        "date": "2014-12-31", 
        "operating_revenue": 255370, 
        "short_term_average": 247968
    }, 
    {
        "accumulated_operating_revenue_yoy": -5.8520167200477715, 
        "accumulated_operating_revenue": 242802, 
        "long_term_average": 245895, 
        "date": "2015-01-31", 
        "operating_revenue": 242802, 
        "short_term_average": 242491
    }, 
    {
        "accumulated_operating_revenue_yoy": -1.6915999069848031, 
        "accumulated_operating_revenue": 431218, 
        "long_term_average": 246535, 
        "date": "2015-02-28", 
        "operating_revenue": 188416, 
        "short_term_average": 228862
    }, 
    {
        "accumulated_operating_revenue_yoy": -18.764053322682617, 
        "accumulated_operating_revenue": 642725, 
        "long_term_average": 234781, 
        "date": "2015-03-31", 
        "operating_revenue": 211507, 
        "short_term_average": 214241
    }, 
    {
        "accumulated_operating_revenue_yoy": -14.04559008797247, 
        "accumulated_operating_revenue": 879452, 
        "long_term_average": 235177, 
        "date": "2015-04-30", 
        "operating_revenue": 236727, 
        "short_term_average": 212216
    }, 
    {
        "accumulated_operating_revenue_yoy": -14.465439421437187, 
        "accumulated_operating_revenue": 1124528, 
        "long_term_average": 231305, 
        "date": "2015-05-31", 
        "operating_revenue": 245076, 
        "short_term_average": 231103
    }, 
    {
        "accumulated_operating_revenue_yoy": -6.117107490605227, 
        "accumulated_operating_revenue": 1407528, 
        "long_term_average": 239510, 
        "date": "2015-06-30", 
        "operating_revenue": 283000, 
        "short_term_average": 254934
    }, 
    {
        "accumulated_operating_revenue_yoy": -1.9541731268893938, 
        "accumulated_operating_revenue": 1661865, 
        "long_term_average": 244393, 
        "date": "2015-07-31", 
        "operating_revenue": 254337, 
        "short_term_average": 260804
    }, 
    {
        "accumulated_operating_revenue_yoy": -0.9032188025837268, 
        "accumulated_operating_revenue": 1916943, 
        "long_term_average": 245697, 
        "date": "2015-08-31", 
        "operating_revenue": 255078, 
        "short_term_average": 264138
    }, 
    {
        "accumulated_operating_revenue_yoy": 0.2458216618300437, 
        "accumulated_operating_revenue": 2227398, 
        "long_term_average": 247608, 
        "date": "2015-09-30", 
        "operating_revenue": 310455, 
        "short_term_average": 273290
    }
]