[
    {
        "date": "2011-09-30", 
        "operating_revenue": 388719, 
        "accumulated_operating_revenue": 388719, 
        "long_term_average": 388719, 
        "short_term_average": 388719
    }, 
    {
        "date": "2011-10-31", 
        "operating_revenue": 284267, 
        "accumulated_operating_revenue": 672986, 
        "long_term_average": 336493, 
        "short_term_average": 336493
    }, 
    {
        "date": "2011-11-30", 
        "operating_revenue": 308989, 
        "accumulated_operating_revenue": 981975, 
        "long_term_average": 327325, 
        "short_term_average": 327325
    }, 
    {
        "date": "2011-12-31", 
        "operating_revenue": 403990, 
        "accumulated_operating_revenue": 1385965, 
        "long_term_average": 346491, 
        "short_term_average": 332415
    }, 
    {
        "date": "2012-01-31", 
        "operating_revenue": 236466, 
        "accumulated_operating_revenue": 236466, 
        "long_term_average": 324486, 
        "short_term_average": 316481
    }, 
    {
        "date": "2012-02-29", 
        "operating_revenue": 309627, 
        "accumulated_operating_revenue": 546093, 
        "long_term_average": 322009, 
        "short_term_average": 316694
    }, 
    {
        "date": "2012-03-31", 
        "operating_revenue": 421140, 
        "accumulated_operating_revenue": 967233, 
        "long_term_average": 336171, 
        "short_term_average": 322411
    }, 
    {
        "date": "2012-04-30", 
        "operating_revenue": 358527, 
        "accumulated_operating_revenue": 1325760, 
        "long_term_average": 338965, 
        "short_term_average": 363098
    }, 
    {
        "date": "2012-05-31", 
        "operating_revenue": 394444, 
        "accumulated_operating_revenue": 1720204, 
        "long_term_average": 345129, 
        "short_term_average": 391370
    }, 
    {
        "date": "2012-06-30", 
        "operating_revenue": 492377, 
        "accumulated_operating_revenue": 2212581, 
        "long_term_average": 359854, 
        "short_term_average": 415116
    }, 
    {
        "date": "2012-07-31", 
        "operating_revenue": 365274, 
        "accumulated_operating_revenue": 2577855, 
        "long_term_average": 360347, 
        "short_term_average": 417365
    }, 
    {
        "date": "2012-08-31", 
        "operating_revenue": 343296, 
        "accumulated_operating_revenue": 2921151, 
        "long_term_average": 358926, 
        "short_term_average": 400315
    }, 
    {
        "accumulated_operating_revenue_yoy": 737.9935120228237, 
        "accumulated_operating_revenue": 3257440, 
        "long_term_average": 354557, 
        "date": "2012-09-30", 
        "operating_revenue": 336289, 
        "short_term_average": 348286
    }, 
    {
        "accumulated_operating_revenue_yoy": 437.86527505772784, 
        "accumulated_operating_revenue": 3619758, 
        "long_term_average": 361061, 
        "date": "2012-10-31", 
        "operating_revenue": 362318, 
        "short_term_average": 347301
    }, 
    {
        "accumulated_operating_revenue_yoy": 306.8466101479162, 
        "accumulated_operating_revenue": 3995132, 
        "long_term_average": 366593, 
        "date": "2012-11-30", 
        "operating_revenue": 375374, 
        "short_term_average": 357993
    }, 
    {
        "accumulated_operating_revenue_yoy": 215.00391424025858, 
        "accumulated_operating_revenue": 4365844, 
        "long_term_average": 363820, 
        "date": "2012-12-31", 
        "operating_revenue": 370712, 
        "short_term_average": 369468
    }, 
    {
        "accumulated_operating_revenue_yoy": 60.780831070851626, 
        "accumulated_operating_revenue": 380192, 
        "long_term_average": 375797, 
        "date": "2013-01-31", 
        "operating_revenue": 380192, 
        "short_term_average": 375426
    }, 
    {
        "accumulated_operating_revenue_yoy": 8.56227785377216, 
        "accumulated_operating_revenue": 592851, 
        "long_term_average": 367716, 
        "date": "2013-02-28", 
        "operating_revenue": 212659, 
        "short_term_average": 321187
    }, 
    {
        "accumulated_operating_revenue_yoy": 4.6001325430377165, 
        "accumulated_operating_revenue": 1011727, 
        "long_term_average": 367528, 
        "date": "2013-03-31", 
        "operating_revenue": 418876, 
        "short_term_average": 337242
    }, 
    {
        "accumulated_operating_revenue_yoy": 1.7383991069273474, 
        "accumulated_operating_revenue": 1348807, 
        "long_term_average": 365740, 
        "date": "2013-04-30", 
        "operating_revenue": 337080, 
        "short_term_average": 322871
    }, 
    {
        "accumulated_operating_revenue_yoy": 5.350295662607458, 
        "accumulated_operating_revenue": 1812240, 
        "long_term_average": 371490, 
        "date": "2013-05-31", 
        "operating_revenue": 463433, 
        "short_term_average": 406463
    }, 
    {
        "accumulated_operating_revenue_yoy": -2.911577022490928, 
        "accumulated_operating_revenue": 2148160, 
        "long_term_average": 358451, 
        "date": "2013-06-30", 
        "operating_revenue": 335920, 
        "short_term_average": 378811
    }, 
    {
        "accumulated_operating_revenue_yoy": -5.136751291286748, 
        "accumulated_operating_revenue": 2445437, 
        "long_term_average": 352785, 
        "date": "2013-07-31", 
        "operating_revenue": 297277, 
        "short_term_average": 365543
    }, 
    {
        "accumulated_operating_revenue_yoy": -4.560359940311199, 
        "accumulated_operating_revenue": 2787936, 
        "long_term_average": 352719, 
        "date": "2013-08-31", 
        "operating_revenue": 342499, 
        "short_term_average": 325232
    }, 
    {
        "accumulated_operating_revenue_yoy": -2.2980622820374283, 
        "accumulated_operating_revenue": 3182582, 
        "long_term_average": 357582, 
        "date": "2013-09-30", 
        "operating_revenue": 394646, 
        "short_term_average": 344807
    }, 
    {
        "accumulated_operating_revenue_yoy": -2.3847450575425206, 
        "accumulated_operating_revenue": 3533436, 
        "long_term_average": 356626, 
        "date": "2013-10-31", 
        "operating_revenue": 350854, 
        "short_term_average": 362666
    }, 
    {
        "accumulated_operating_revenue_yoy": -5.210416076364936, 
        "accumulated_operating_revenue": 3786969, 
        "long_term_average": 346473, 
        "date": "2013-11-30", 
        "operating_revenue": 253533, 
        "short_term_average": 333011
    }, 
    {
        "accumulated_operating_revenue_yoy": -3.727893163383758, 
        "accumulated_operating_revenue": 4203090, 
        "long_term_average": 350257, 
        "date": "2013-12-31", 
        "operating_revenue": 416121, 
        "short_term_average": 340169
    }, 
    {
        "accumulated_operating_revenue_yoy": -32.31156889150745, 
        "accumulated_operating_revenue": 257346, 
        "long_term_average": 340020, 
        "date": "2014-01-31", 
        "operating_revenue": 257346, 
        "short_term_average": 309000
    }, 
    {
        "accumulated_operating_revenue_yoy": -11.823544195759137, 
        "accumulated_operating_revenue": 522755, 
        "long_term_average": 344416, 
        "date": "2014-02-28", 
        "operating_revenue": 265409, 
        "short_term_average": 312958
    }, 
    {
        "accumulated_operating_revenue_yoy": -18.959363543722763, 
        "accumulated_operating_revenue": 819910, 
        "long_term_average": 334272, 
        "date": "2014-03-31", 
        "operating_revenue": 297155, 
        "short_term_average": 273303
    }, 
    {
        "accumulated_operating_revenue_yoy": -16.172810491048757, 
        "accumulated_operating_revenue": 1130667, 
        "long_term_average": 332079, 
        "date": "2014-04-30", 
        "operating_revenue": 310757, 
        "short_term_average": 291107
    }, 
    {
        "accumulated_operating_revenue_yoy": -20.70492870701452, 
        "accumulated_operating_revenue": 1437017, 
        "long_term_average": 318988, 
        "date": "2014-05-31", 
        "operating_revenue": 306350, 
        "short_term_average": 304754
    }, 
    {
        "accumulated_operating_revenue_yoy": -15.039289438403097, 
        "accumulated_operating_revenue": 1825092, 
        "long_term_average": 323335, 
        "date": "2014-06-30", 
        "operating_revenue": 388075, 
        "short_term_average": 335060
    }, 
    {
        "accumulated_operating_revenue_yoy": -9.209519607333986, 
        "accumulated_operating_revenue": 2220224, 
        "long_term_average": 331489, 
        "date": "2014-07-31", 
        "operating_revenue": 395132, 
        "short_term_average": 363185
    }, 
    {
        "accumulated_operating_revenue_yoy": -9.787096977835933, 
        "accumulated_operating_revenue": 2515078, 
        "long_term_average": 327519, 
        "date": "2014-08-31", 
        "operating_revenue": 294854, 
        "short_term_average": 359353
    }, 
    {
        "accumulated_operating_revenue_yoy": -9.646978459628063, 
        "accumulated_operating_revenue": 2875559, 
        "long_term_average": 324672, 
        "date": "2014-09-30", 
        "operating_revenue": 360481, 
        "short_term_average": 350155
    }, 
    {
        "accumulated_operating_revenue_yoy": -10.344689984479697, 
        "accumulated_operating_revenue": 3167913, 
        "long_term_average": 319797, 
        "date": "2014-10-31", 
        "operating_revenue": 292354, 
        "short_term_average": 315896
    }, 
    {
        "accumulated_operating_revenue_yoy": -8.193069444191384, 
        "accumulated_operating_revenue": 3476700, 
        "long_term_average": 324401, 
        "date": "2014-11-30", 
        "operating_revenue": 308787, 
        "short_term_average": 320540
    }, 
    {
        "accumulated_operating_revenue_yoy": -7.436005415063679, 
        "accumulated_operating_revenue": 3890548, 
        "long_term_average": 324212, 
        "date": "2014-12-31", 
        "operating_revenue": 413848, 
        "short_term_average": 338329
    }, 
    {
        "accumulated_operating_revenue_yoy": -22.900686235651612, 
        "accumulated_operating_revenue": 198412, 
        "long_term_average": 319301, 
        "date": "2015-01-31", 
        "operating_revenue": 198412, 
        "short_term_average": 307015
    }, 
    {
        "accumulated_operating_revenue_yoy": -34.1341546231026, 
        "accumulated_operating_revenue": 344317, 
        "long_term_average": 309342, 
        "date": "2015-02-28", 
        "operating_revenue": 145905, 
        "short_term_average": 252721
    }, 
    {
        "accumulated_operating_revenue_yoy": -23.191081948018684, 
        "accumulated_operating_revenue": 629764, 
        "long_term_average": 308366, 
        "date": "2015-03-31", 
        "operating_revenue": 285447, 
        "short_term_average": 209921
    }, 
    {
        "accumulated_operating_revenue_yoy": -17.559900483519904, 
        "accumulated_operating_revenue": 932123, 
        "long_term_average": 307667, 
        "date": "2015-04-30", 
        "operating_revenue": 302359, 
        "short_term_average": 244570
    }, 
    {
        "accumulated_operating_revenue_yoy": -10.010667932251323, 
        "accumulated_operating_revenue": 1293162, 
        "long_term_average": 312224, 
        "date": "2015-05-31", 
        "operating_revenue": 361039, 
        "short_term_average": 316281
    }, 
    {
        "accumulated_operating_revenue_yoy": -12.600405897346544, 
        "accumulated_operating_revenue": 1595123, 
        "long_term_average": 305048, 
        "date": "2015-06-30", 
        "operating_revenue": 301961, 
        "short_term_average": 321786
    }, 
    {
        "accumulated_operating_revenue_yoy": -16.79943104839872, 
        "accumulated_operating_revenue": 1847239, 
        "long_term_average": 293130, 
        "date": "2015-07-31", 
        "operating_revenue": 252116, 
        "short_term_average": 305038
    }, 
    {
        "accumulated_operating_revenue_yoy": -16.80695389964049, 
        "accumulated_operating_revenue": 2092370, 
        "long_term_average": 288986, 
        "date": "2015-08-31", 
        "operating_revenue": 245131, 
        "short_term_average": 266402
    }, 
    {
        "accumulated_operating_revenue_yoy": -17.99709204366873, 
        "accumulated_operating_revenue": 2358042, 
        "long_term_average": 281085, 
        "date": "2015-09-30", 
        "operating_revenue": 265672, 
        "short_term_average": 254306
    }
]