[
    {
        "date": "2012-01-31", 
        "operating_revenue": 85549, 
        "accumulated_operating_revenue": 85549, 
        "long_term_average": 85549, 
        "short_term_average": 85549
    }, 
    {
        "date": "2012-02-29", 
        "operating_revenue": 116485, 
        "accumulated_operating_revenue": 202034, 
        "long_term_average": 101017, 
        "short_term_average": 101017
    }, 
    {
        "date": "2012-03-31", 
        "operating_revenue": 147199, 
        "accumulated_operating_revenue": 349233, 
        "long_term_average": 116411, 
        "short_term_average": 116411
    }, 
    {
        "date": "2012-04-30", 
        "operating_revenue": 132926, 
        "accumulated_operating_revenue": 482159, 
        "long_term_average": 120539, 
        "short_term_average": 132203
    }, 
    {
        "date": "2012-05-31", 
        "operating_revenue": 145571, 
        "accumulated_operating_revenue": 627730, 
        "long_term_average": 125546, 
        "short_term_average": 141898
    }, 
    {
        "date": "2012-06-30", 
        "operating_revenue": 150088, 
        "accumulated_operating_revenue": 777818, 
        "long_term_average": 129636, 
        "short_term_average": 142861
    }, 
    {
        "date": "2012-07-31", 
        "operating_revenue": 117876, 
        "accumulated_operating_revenue": 895694, 
        "long_term_average": 127956, 
        "short_term_average": 137845
    }, 
    {
        "date": "2012-08-31", 
        "operating_revenue": 125926, 
        "accumulated_operating_revenue": 1021620, 
        "long_term_average": 127702, 
        "short_term_average": 131296
    }, 
    {
        "date": "2012-09-30", 
        "operating_revenue": 127747, 
        "accumulated_operating_revenue": 1149367, 
        "long_term_average": 127707, 
        "short_term_average": 123849
    }, 
    {
        "date": "2012-10-31", 
        "operating_revenue": 127781, 
        "accumulated_operating_revenue": 1277148, 
        "long_term_average": 127714, 
        "short_term_average": 127151
    }, 
    {
        "date": "2012-11-30", 
        "operating_revenue": 144537, 
        "accumulated_operating_revenue": 1421685, 
        "long_term_average": 129244, 
        "short_term_average": 133355
    }, 
    {
        "date": "2012-12-31", 
        "operating_revenue": 146940, 
        "accumulated_operating_revenue": 1568625, 
        "long_term_average": 130718, 
        "short_term_average": 139752
    }, 
    {
        "accumulated_operating_revenue_yoy": 52.15490537586647, 
        "accumulated_operating_revenue": 130167, 
        "long_term_average": 134436, 
        "date": "2013-01-31", 
        "operating_revenue": 130167, 
        "short_term_average": 140548
    }, 
    {
        "accumulated_operating_revenue_yoy": -0.20095627468643892, 
        "accumulated_operating_revenue": 201628, 
        "long_term_average": 130684, 
        "date": "2013-02-28", 
        "operating_revenue": 71461, 
        "short_term_average": 116189
    }, 
    {
        "accumulated_operating_revenue_yoy": -6.511698493555879, 
        "accumulated_operating_revenue": 326492, 
        "long_term_average": 128823, 
        "date": "2013-03-31", 
        "operating_revenue": 124864, 
        "short_term_average": 108830
    }, 
    {
        "accumulated_operating_revenue_yoy": -9.816886130923615, 
        "accumulated_operating_revenue": 434826, 
        "long_term_average": 126774, 
        "date": "2013-04-30", 
        "operating_revenue": 108334, 
        "short_term_average": 101553
    }, 
    {
        "accumulated_operating_revenue_yoy": -13.306517133162346, 
        "accumulated_operating_revenue": 544201, 
        "long_term_average": 123758, 
        "date": "2013-05-31", 
        "operating_revenue": 109375, 
        "short_term_average": 114191
    }, 
    {
        "accumulated_operating_revenue_yoy": -14.483979542772216, 
        "accumulated_operating_revenue": 665159, 
        "long_term_average": 121330, 
        "date": "2013-06-30", 
        "operating_revenue": 120958, 
        "short_term_average": 112889
    }, 
    {
        "accumulated_operating_revenue_yoy": -14.668960604849424, 
        "accumulated_operating_revenue": 764305, 
        "long_term_average": 119769, 
        "date": "2013-07-31", 
        "operating_revenue": 99146, 
        "short_term_average": 109826
    }, 
    {
        "accumulated_operating_revenue_yoy": -15.667958732209627, 
        "accumulated_operating_revenue": 861553, 
        "long_term_average": 117379, 
        "date": "2013-08-31", 
        "operating_revenue": 97248, 
        "short_term_average": 105784
    }, 
    {
        "accumulated_operating_revenue_yoy": -16.58826119072498, 
        "accumulated_operating_revenue": 958707, 
        "long_term_average": 114830, 
        "date": "2013-09-30", 
        "operating_revenue": 97154, 
        "short_term_average": 97849
    }, 
    {
        "accumulated_operating_revenue_yoy": -16.074566142686674, 
        "accumulated_operating_revenue": 1071852, 
        "long_term_average": 113610, 
        "date": "2013-10-31", 
        "operating_revenue": 113145, 
        "short_term_average": 102515
    }, 
    {
        "accumulated_operating_revenue_yoy": -15.833746575366556, 
        "accumulated_operating_revenue": 1196579, 
        "long_term_average": 111959, 
        "date": "2013-11-30", 
        "operating_revenue": 124727, 
        "short_term_average": 111675
    }, 
    {
        "accumulated_operating_revenue_yoy": -14.596414056896965, 
        "accumulated_operating_revenue": 1339662, 
        "long_term_average": 111638, 
        "date": "2013-12-31", 
        "operating_revenue": 143083, 
        "short_term_average": 126985
    }, 
    {
        "accumulated_operating_revenue_yoy": -22.882911951569906, 
        "accumulated_operating_revenue": 100381, 
        "long_term_average": 109156, 
        "date": "2014-01-31", 
        "operating_revenue": 100381, 
        "short_term_average": 122730
    }, 
    {
        "accumulated_operating_revenue_yoy": -9.49322514730097, 
        "accumulated_operating_revenue": 182487, 
        "long_term_average": 110043, 
        "date": "2014-02-28", 
        "operating_revenue": 82106, 
        "short_term_average": 108523
    }, 
    {
        "accumulated_operating_revenue_yoy": -10.245274003650932, 
        "accumulated_operating_revenue": 293042, 
        "long_term_average": 108851, 
        "date": "2014-03-31", 
        "operating_revenue": 110555, 
        "short_term_average": 97680
    }, 
    {
        "accumulated_operating_revenue_yoy": -5.986532544052103, 
        "accumulated_operating_revenue": 408795, 
        "long_term_average": 109469, 
        "date": "2014-04-30", 
        "operating_revenue": 115753, 
        "short_term_average": 102804
    }, 
    {
        "accumulated_operating_revenue_yoy": -2.8013546465368493, 
        "accumulated_operating_revenue": 528956, 
        "long_term_average": 110368, 
        "date": "2014-05-31", 
        "operating_revenue": 120161, 
        "short_term_average": 115489
    }, 
    {
        "accumulated_operating_revenue_yoy": -3.1324841128211447, 
        "accumulated_operating_revenue": 644323, 
        "long_term_average": 109902, 
        "date": "2014-06-30", 
        "operating_revenue": 115367, 
        "short_term_average": 117093
    }, 
    {
        "accumulated_operating_revenue_yoy": -1.6082584831971531, 
        "accumulated_operating_revenue": 752013, 
        "long_term_average": 110614, 
        "date": "2014-07-31", 
        "operating_revenue": 107690, 
        "short_term_average": 114406
    }, 
    {
        "accumulated_operating_revenue_yoy": 0.29319148096518727, 
        "accumulated_operating_revenue": 864079, 
        "long_term_average": 111849, 
        "date": "2014-08-31", 
        "operating_revenue": 112066, 
        "short_term_average": 111707
    }, 
    {
        "accumulated_operating_revenue_yoy": 2.4371366851394636, 
        "accumulated_operating_revenue": 982072, 
        "long_term_average": 113585, 
        "date": "2014-09-30", 
        "operating_revenue": 117993, 
        "short_term_average": 112583
    }, 
    {
        "accumulated_operating_revenue_yoy": 5.704985389773961, 
        "accumulated_operating_revenue": 1133001, 
        "long_term_average": 116734, 
        "date": "2014-10-31", 
        "operating_revenue": 150929, 
        "short_term_average": 126996
    }, 
    {
        "accumulated_operating_revenue_yoy": 7.441965804180084, 
        "accumulated_operating_revenue": 1285628, 
        "long_term_average": 119059, 
        "date": "2014-11-30", 
        "operating_revenue": 152627, 
        "short_term_average": 140516
    }, 
    {
        "accumulated_operating_revenue_yoy": 6.026594767934002, 
        "accumulated_operating_revenue": 1420398, 
        "long_term_average": 118366, 
        "date": "2014-12-31", 
        "operating_revenue": 134770, 
        "short_term_average": 146108
    }, 
    {
        "accumulated_operating_revenue_yoy": 13.13694822725416, 
        "accumulated_operating_revenue": 113568, 
        "long_term_average": 119465, 
        "date": "2015-01-31", 
        "operating_revenue": 113568, 
        "short_term_average": 133655
    }, 
    {
        "accumulated_operating_revenue_yoy": 4.648002323453178, 
        "accumulated_operating_revenue": 190969, 
        "long_term_average": 119073, 
        "date": "2015-02-28", 
        "operating_revenue": 77401, 
        "short_term_average": 108579
    }, 
    {
        "accumulated_operating_revenue_yoy": 3.5578517755134076, 
        "accumulated_operating_revenue": 303468, 
        "long_term_average": 119235, 
        "date": "2015-03-31", 
        "operating_revenue": 112499, 
        "short_term_average": 101156
    }, 
    {
        "accumulated_operating_revenue_yoy": 1.022517398696168, 
        "accumulated_operating_revenue": 412975, 
        "long_term_average": 118714, 
        "date": "2015-04-30", 
        "operating_revenue": 109507, 
        "short_term_average": 99802
    }, 
    {
        "accumulated_operating_revenue_yoy": -1.7165889034248594, 
        "accumulated_operating_revenue": 519876, 
        "long_term_average": 117609, 
        "date": "2015-05-31", 
        "operating_revenue": 106901, 
        "short_term_average": 109635
    }, 
    {
        "accumulated_operating_revenue_yoy": 1.1609084263637957, 
        "accumulated_operating_revenue": 651803, 
        "long_term_average": 118989, 
        "date": "2015-06-30", 
        "operating_revenue": 131927, 
        "short_term_average": 116111
    }, 
    {
        "accumulated_operating_revenue_yoy": 1.1884103067367187, 
        "accumulated_operating_revenue": 760950, 
        "long_term_average": 119111, 
        "date": "2015-07-31", 
        "operating_revenue": 109147, 
        "short_term_average": 115991
    }, 
    {
        "accumulated_operating_revenue_yoy": -0.06399877788952167, 
        "accumulated_operating_revenue": 863526, 
        "long_term_average": 118320, 
        "date": "2015-08-31", 
        "operating_revenue": 102576, 
        "short_term_average": 114550
    }
]