[
    {
        "date": "2011-09-30", 
        "operating_revenue": 173157, 
        "accumulated_operating_revenue": 173157, 
        "long_term_average": 173157, 
        "short_term_average": 173157
    }, 
    {
        "date": "2011-10-31", 
        "operating_revenue": 145849, 
        "accumulated_operating_revenue": 319006, 
        "long_term_average": 159503, 
        "short_term_average": 159503
    }, 
    {
        "date": "2011-11-30", 
        "operating_revenue": 134230, 
        "accumulated_operating_revenue": 453236, 
        "long_term_average": 151078, 
        "short_term_average": 151078
    }, 
    {
        "date": "2011-12-31", 
        "operating_revenue": 137170, 
        "accumulated_operating_revenue": 590406, 
        "long_term_average": 147601, 
        "short_term_average": 139083
    }, 
    {
        "date": "2012-01-31", 
        "operating_revenue": 130936, 
        "accumulated_operating_revenue": 130936, 
        "long_term_average": 144268, 
        "short_term_average": 134112
    }, 
    {
        "date": "2012-02-29", 
        "operating_revenue": 126728, 
        "accumulated_operating_revenue": 257664, 
        "long_term_average": 141345, 
        "short_term_average": 131611
    }, 
    {
        "date": "2012-03-31", 
        "operating_revenue": 160259, 
        "accumulated_operating_revenue": 417923, 
        "long_term_average": 144047, 
        "short_term_average": 139307
    }, 
    {
        "date": "2012-04-30", 
        "operating_revenue": 153165, 
        "accumulated_operating_revenue": 571088, 
        "long_term_average": 145186, 
        "short_term_average": 146717
    }, 
    {
        "date": "2012-05-31", 
        "operating_revenue": 153632, 
        "accumulated_operating_revenue": 724720, 
        "long_term_average": 146125, 
        "short_term_average": 155685
    }, 
    {
        "date": "2012-06-30", 
        "operating_revenue": 153538, 
        "accumulated_operating_revenue": 878258, 
        "long_term_average": 146866, 
        "short_term_average": 153445
    }, 
    {
        "date": "2012-07-31", 
        "operating_revenue": 158595, 
        "accumulated_operating_revenue": 1036853, 
        "long_term_average": 147932, 
        "short_term_average": 155255
    }, 
    {
        "date": "2012-08-31", 
        "operating_revenue": 174280, 
        "accumulated_operating_revenue": 1211133, 
        "long_term_average": 150128, 
        "short_term_average": 162137
    }, 
    {
        "accumulated_operating_revenue_yoy": 683.3977257633246, 
        "accumulated_operating_revenue": 1356508, 
        "long_term_average": 147813, 
        "date": "2012-09-30", 
        "operating_revenue": 145375, 
        "short_term_average": 159416
    }, 
    {
        "accumulated_operating_revenue_yoy": 373.10395415760206, 
        "accumulated_operating_revenue": 1509230, 
        "long_term_average": 148385, 
        "date": "2012-10-31", 
        "operating_revenue": 152722, 
        "short_term_average": 157459
    }, 
    {
        "accumulated_operating_revenue_yoy": 266.92142724761493, 
        "accumulated_operating_revenue": 1663020, 
        "long_term_average": 150015, 
        "date": "2012-11-30", 
        "operating_revenue": 153790, 
        "short_term_average": 150629
    }, 
    {
        "accumulated_operating_revenue_yoy": 210.8176407421334, 
        "accumulated_operating_revenue": 1835086, 
        "long_term_average": 152923, 
        "date": "2012-12-31", 
        "operating_revenue": 172066, 
        "short_term_average": 159526
    }, 
    {
        "accumulated_operating_revenue_yoy": 20.392405449990836, 
        "accumulated_operating_revenue": 157637, 
        "long_term_average": 155148, 
        "date": "2013-01-31", 
        "operating_revenue": 157637, 
        "short_term_average": 161164
    }, 
    {
        "accumulated_operating_revenue_yoy": 9.723515896671636, 
        "accumulated_operating_revenue": 282718, 
        "long_term_average": 155011, 
        "date": "2013-02-28", 
        "operating_revenue": 125081, 
        "short_term_average": 151594
    }, 
    {
        "accumulated_operating_revenue_yoy": 4.068452801114081, 
        "accumulated_operating_revenue": 434926, 
        "long_term_average": 154340, 
        "date": "2013-03-31", 
        "operating_revenue": 152208, 
        "short_term_average": 144975
    }, 
    {
        "accumulated_operating_revenue_yoy": 4.427338693861541, 
        "accumulated_operating_revenue": 596372, 
        "long_term_average": 155030, 
        "date": "2013-04-30", 
        "operating_revenue": 161446, 
        "short_term_average": 146245
    }, 
    {
        "accumulated_operating_revenue_yoy": 5.250165581189977, 
        "accumulated_operating_revenue": 762769, 
        "long_term_average": 156094, 
        "date": "2013-05-31", 
        "operating_revenue": 166397, 
        "short_term_average": 160017
    }, 
    {
        "accumulated_operating_revenue_yoy": 5.364596735811117, 
        "accumulated_operating_revenue": 925373, 
        "long_term_average": 156850, 
        "date": "2013-06-30", 
        "operating_revenue": 162604, 
        "short_term_average": 163482
    }, 
    {
        "accumulated_operating_revenue_yoy": 4.2390772848224385, 
        "accumulated_operating_revenue": 1080806, 
        "long_term_average": 156586, 
        "date": "2013-07-31", 
        "operating_revenue": 155433, 
        "short_term_average": 161478
    }, 
    {
        "accumulated_operating_revenue_yoy": 2.007459131243224, 
        "accumulated_operating_revenue": 1235446, 
        "long_term_average": 154949, 
        "date": "2013-08-31", 
        "operating_revenue": 154640, 
        "short_term_average": 157559
    }, 
    {
        "accumulated_operating_revenue_yoy": 2.435960569344228, 
        "accumulated_operating_revenue": 1389552, 
        "long_term_average": 155677, 
        "date": "2013-09-30", 
        "operating_revenue": 154106, 
        "short_term_average": 154726
    }, 
    {
        "accumulated_operating_revenue_yoy": 3.008222736097215, 
        "accumulated_operating_revenue": 1554631, 
        "long_term_average": 156707, 
        "date": "2013-10-31", 
        "operating_revenue": 165079, 
        "short_term_average": 157941
    }, 
    {
        "accumulated_operating_revenue_yoy": 2.5540883452995153, 
        "accumulated_operating_revenue": 1705495, 
        "long_term_average": 156463, 
        "date": "2013-11-30", 
        "operating_revenue": 150864, 
        "short_term_average": 156683
    }, 
    {
        "accumulated_operating_revenue_yoy": 1.6109871689937147, 
        "accumulated_operating_revenue": 1864649, 
        "long_term_average": 155387, 
        "date": "2013-12-31", 
        "operating_revenue": 159154, 
        "short_term_average": 158365
    }, 
    {
        "accumulated_operating_revenue_yoy": 9.427355252891136, 
        "accumulated_operating_revenue": 172498, 
        "long_term_average": 156625, 
        "date": "2014-01-31", 
        "operating_revenue": 172498, 
        "short_term_average": 160838
    }, 
    {
        "accumulated_operating_revenue_yoy": 5.8825401990676225, 
        "accumulated_operating_revenue": 299349, 
        "long_term_average": 156773, 
        "date": "2014-02-28", 
        "operating_revenue": 126851, 
        "short_term_average": 152834
    }, 
    {
        "accumulated_operating_revenue_yoy": 5.958484891682723, 
        "accumulated_operating_revenue": 460841, 
        "long_term_average": 157547, 
        "date": "2014-03-31", 
        "operating_revenue": 161492, 
        "short_term_average": 153613
    }, 
    {
        "accumulated_operating_revenue_yoy": 5.60640003219467, 
        "accumulated_operating_revenue": 629807, 
        "long_term_average": 158173, 
        "date": "2014-04-30", 
        "operating_revenue": 168966, 
        "short_term_average": 152436
    }, 
    {
        "accumulated_operating_revenue_yoy": 5.590159012754844, 
        "accumulated_operating_revenue": 805409, 
        "long_term_average": 158940, 
        "date": "2014-05-31", 
        "operating_revenue": 175602, 
        "short_term_average": 168686
    }, 
    {
        "accumulated_operating_revenue_yoy": 5.1039959021929535, 
        "accumulated_operating_revenue": 972604, 
        "long_term_average": 159323, 
        "date": "2014-06-30", 
        "operating_revenue": 167195, 
        "short_term_average": 170587
    }, 
    {
        "accumulated_operating_revenue_yoy": 5.443067488522455, 
        "accumulated_operating_revenue": 1139635, 
        "long_term_average": 160289, 
        "date": "2014-07-31", 
        "operating_revenue": 167031, 
        "short_term_average": 169942
    }, 
    {
        "accumulated_operating_revenue_yoy": 4.8521748421217925, 
        "accumulated_operating_revenue": 1295392, 
        "long_term_average": 160382, 
        "date": "2014-08-31", 
        "operating_revenue": 155757, 
        "short_term_average": 163327
    }, 
    {
        "accumulated_operating_revenue_yoy": 5.701261989475745, 
        "accumulated_operating_revenue": 1468774, 
        "long_term_average": 161989, 
        "date": "2014-09-30", 
        "operating_revenue": 173382, 
        "short_term_average": 165390
    }, 
    {
        "accumulated_operating_revenue_yoy": 4.9000052102396, 
        "accumulated_operating_revenue": 1630808, 
        "long_term_average": 161735, 
        "date": "2014-10-31", 
        "operating_revenue": 162034, 
        "short_term_average": 163724
    }, 
    {
        "accumulated_operating_revenue_yoy": 4.573393648178388, 
        "accumulated_operating_revenue": 1783494, 
        "long_term_average": 161887, 
        "date": "2014-11-30", 
        "operating_revenue": 152686, 
        "short_term_average": 162700
    }, 
    {
        "accumulated_operating_revenue_yoy": 5.561851050787574, 
        "accumulated_operating_revenue": 1968358, 
        "long_term_average": 164029, 
        "date": "2014-12-31", 
        "operating_revenue": 184864, 
        "short_term_average": 166528
    }, 
    {
        "accumulated_operating_revenue_yoy": 0.605224408398938, 
        "accumulated_operating_revenue": 173542, 
        "long_term_average": 164116, 
        "date": "2015-01-31", 
        "operating_revenue": 173542, 
        "short_term_average": 170364
    }, 
    {
        "accumulated_operating_revenue_yoy": 1.203945895927496, 
        "accumulated_operating_revenue": 302953, 
        "long_term_average": 164330, 
        "date": "2015-02-28", 
        "operating_revenue": 129411, 
        "short_term_average": 162605
    }, 
    {
        "accumulated_operating_revenue_yoy": 2.87083831516727, 
        "accumulated_operating_revenue": 474071, 
        "long_term_average": 165132, 
        "date": "2015-03-31", 
        "operating_revenue": 171118, 
        "short_term_average": 158023
    }, 
    {
        "accumulated_operating_revenue_yoy": 4.086013651801266, 
        "accumulated_operating_revenue": 655541, 
        "long_term_average": 166174, 
        "date": "2015-04-30", 
        "operating_revenue": 181470, 
        "short_term_average": 160666
    }, 
    {
        "accumulated_operating_revenue_yoy": 3.1958917767246207, 
        "accumulated_operating_revenue": 831149, 
        "long_term_average": 166174, 
        "date": "2015-05-31", 
        "operating_revenue": 175608, 
        "short_term_average": 176065
    }, 
    {
        "accumulated_operating_revenue_yoy": 4.402511196746055, 
        "accumulated_operating_revenue": 1015423, 
        "long_term_average": 167598, 
        "date": "2015-06-30", 
        "operating_revenue": 184274, 
        "short_term_average": 180450
    }, 
    {
        "accumulated_operating_revenue_yoy": 6.585880567023652, 
        "accumulated_operating_revenue": 1214690, 
        "long_term_average": 170284, 
        "date": "2015-07-31", 
        "operating_revenue": 199267, 
        "short_term_average": 186383
    }, 
    {
        "accumulated_operating_revenue_yoy": 6.685312245250858, 
        "accumulated_operating_revenue": 1381993, 
        "long_term_average": 171246, 
        "date": "2015-08-31", 
        "operating_revenue": 167303, 
        "short_term_average": 183614
    }, 
    {
        "accumulated_operating_revenue_yoy": 5.701830233922986, 
        "accumulated_operating_revenue": 1552521, 
        "long_term_average": 171008, 
        "date": "2015-09-30", 
        "operating_revenue": 170528, 
        "short_term_average": 179032
    }
]