[
    {
        "date": "2011-09-30", 
        "operating_revenue": 254538, 
        "accumulated_operating_revenue": 254538, 
        "long_term_average": 254538, 
        "short_term_average": 254538
    }, 
    {
        "date": "2011-10-31", 
        "operating_revenue": 328334, 
        "accumulated_operating_revenue": 582872, 
        "long_term_average": 291436, 
        "short_term_average": 291436
    }, 
    {
        "date": "2011-11-30", 
        "operating_revenue": 390872, 
        "accumulated_operating_revenue": 973744, 
        "long_term_average": 324581, 
        "short_term_average": 324581
    }, 
    {
        "date": "2011-12-31", 
        "operating_revenue": 384885, 
        "accumulated_operating_revenue": 1358629, 
        "long_term_average": 339657, 
        "short_term_average": 368030
    }, 
    {
        "date": "2012-01-31", 
        "operating_revenue": 181389, 
        "accumulated_operating_revenue": 181389, 
        "long_term_average": 308003, 
        "short_term_average": 319048
    }, 
    {
        "date": "2012-02-29", 
        "operating_revenue": 219047, 
        "accumulated_operating_revenue": 400436, 
        "long_term_average": 293177, 
        "short_term_average": 261773
    }, 
    {
        "date": "2012-03-31", 
        "operating_revenue": 252963, 
        "accumulated_operating_revenue": 653399, 
        "long_term_average": 287432, 
        "short_term_average": 217799
    }, 
    {
        "date": "2012-04-30", 
        "operating_revenue": 240351, 
        "accumulated_operating_revenue": 893750, 
        "long_term_average": 281547, 
        "short_term_average": 237453
    }, 
    {
        "date": "2012-05-31", 
        "operating_revenue": 245576, 
        "accumulated_operating_revenue": 1139326, 
        "long_term_average": 277550, 
        "short_term_average": 246296
    }, 
    {
        "date": "2012-06-30", 
        "operating_revenue": 207909, 
        "accumulated_operating_revenue": 1347235, 
        "long_term_average": 270586, 
        "short_term_average": 231278
    }, 
    {
        "date": "2012-07-31", 
        "operating_revenue": 229409, 
        "accumulated_operating_revenue": 1576644, 
        "long_term_average": 266843, 
        "short_term_average": 227631
    }, 
    {
        "date": "2012-08-31", 
        "operating_revenue": 240026, 
        "accumulated_operating_revenue": 1816670, 
        "long_term_average": 264608, 
        "short_term_average": 225781
    }, 
    {
        "accumulated_operating_revenue_yoy": 712.8743056046641, 
        "accumulated_operating_revenue": 2069074, 
        "long_term_average": 264430, 
        "date": "2012-09-30", 
        "operating_revenue": 252404, 
        "short_term_average": 240613
    }, 
    {
        "accumulated_operating_revenue_yoy": 302.65306962763697, 
        "accumulated_operating_revenue": 2346952, 
        "long_term_average": 260225, 
        "date": "2012-10-31", 
        "operating_revenue": 277878, 
        "short_term_average": 256769
    }, 
    {
        "accumulated_operating_revenue_yoy": 181.86299479123878, 
        "accumulated_operating_revenue": 2744624, 
        "long_term_average": 260792, 
        "date": "2012-11-30", 
        "operating_revenue": 397672, 
        "short_term_average": 309318
    }, 
    {
        "accumulated_operating_revenue_yoy": 125.17221404813235, 
        "accumulated_operating_revenue": 3059255, 
        "long_term_average": 254937, 
        "date": "2012-12-31", 
        "operating_revenue": 314631, 
        "short_term_average": 330060
    }, 
    {
        "accumulated_operating_revenue_yoy": 8.556196902789033, 
        "accumulated_operating_revenue": 196909, 
        "long_term_average": 256231, 
        "date": "2013-01-31", 
        "operating_revenue": 196909, 
        "short_term_average": 303070
    }, 
    {
        "accumulated_operating_revenue_yoy": -25.91949774745527, 
        "accumulated_operating_revenue": 296645, 
        "long_term_average": 246288, 
        "date": "2013-02-28", 
        "operating_revenue": 99736, 
        "short_term_average": 203758
    }, 
    {
        "accumulated_operating_revenue_yoy": -6.271971643666427, 
        "accumulated_operating_revenue": 612418, 
        "long_term_average": 251522, 
        "date": "2013-03-31", 
        "operating_revenue": 315773, 
        "short_term_average": 204139
    }, 
    {
        "accumulated_operating_revenue_yoy": 3.920895104895105, 
        "accumulated_operating_revenue": 928793, 
        "long_term_average": 257858, 
        "date": "2013-04-30", 
        "operating_revenue": 316375, 
        "short_term_average": 243961
    }, 
    {
        "accumulated_operating_revenue_yoy": 8.502307504612377, 
        "accumulated_operating_revenue": 1236195, 
        "long_term_average": 263010, 
        "date": "2013-05-31", 
        "operating_revenue": 307402, 
        "short_term_average": 313183
    }, 
    {
        "accumulated_operating_revenue_yoy": 12.366884767690863, 
        "accumulated_operating_revenue": 1513846, 
        "long_term_average": 268822, 
        "date": "2013-06-30", 
        "operating_revenue": 277651, 
        "short_term_average": 300476
    }, 
    {
        "accumulated_operating_revenue_yoy": 10.846963550427363, 
        "accumulated_operating_revenue": 1747662, 
        "long_term_average": 269189, 
        "date": "2013-07-31", 
        "operating_revenue": 233816, 
        "short_term_average": 272956
    }, 
    {
        "accumulated_operating_revenue_yoy": 11.566272355463568, 
        "accumulated_operating_revenue": 2026791, 
        "long_term_average": 272448, 
        "date": "2013-08-31", 
        "operating_revenue": 279129, 
        "short_term_average": 263532
    }, 
    {
        "accumulated_operating_revenue_yoy": 12.983005924389365, 
        "accumulated_operating_revenue": 2337702, 
        "long_term_average": 277323, 
        "date": "2013-09-30", 
        "operating_revenue": 310911, 
        "short_term_average": 274618
    }, 
    {
        "accumulated_operating_revenue_yoy": 15.99201858410398, 
        "accumulated_operating_revenue": 2722277, 
        "long_term_average": 286215, 
        "date": "2013-10-31", 
        "operating_revenue": 384575, 
        "short_term_average": 324871
    }, 
    {
        "accumulated_operating_revenue_yoy": 13.197618325861757, 
        "accumulated_operating_revenue": 3106849, 
        "long_term_average": 285123, 
        "date": "2013-11-30", 
        "operating_revenue": 384572, 
        "short_term_average": 360019
    }, 
    {
        "accumulated_operating_revenue_yoy": 10.685804223577309, 
        "accumulated_operating_revenue": 3386161, 
        "long_term_average": 282180, 
        "date": "2013-12-31", 
        "operating_revenue": 279312, 
        "short_term_average": 349486
    }, 
    {
        "accumulated_operating_revenue_yoy": 20.566352985389187, 
        "accumulated_operating_revenue": 237406, 
        "long_term_average": 285554, 
        "date": "2014-01-31", 
        "operating_revenue": 237406, 
        "short_term_average": 300430
    }, 
    {
        "accumulated_operating_revenue_yoy": 63.855450117143384, 
        "accumulated_operating_revenue": 486069, 
        "long_term_average": 297965, 
        "date": "2014-02-28", 
        "operating_revenue": 248663, 
        "short_term_average": 255127
    }, 
    {
        "accumulated_operating_revenue_yoy": 48.023572135371595, 
        "accumulated_operating_revenue": 906523, 
        "long_term_average": 306688, 
        "date": "2014-03-31", 
        "operating_revenue": 420454, 
        "short_term_average": 302174
    }, 
    {
        "accumulated_operating_revenue_yoy": 36.04333796658674, 
        "accumulated_operating_revenue": 1263561, 
        "long_term_average": 310077, 
        "date": "2014-04-30", 
        "operating_revenue": 357038, 
        "short_term_average": 342051
    }, 
    {
        "accumulated_operating_revenue_yoy": 25.720537617447086, 
        "accumulated_operating_revenue": 1554151, 
        "long_term_average": 308676, 
        "date": "2014-05-31", 
        "operating_revenue": 290590, 
        "short_term_average": 356027
    }, 
    {
        "accumulated_operating_revenue_yoy": 19.0230049820127, 
        "accumulated_operating_revenue": 1801825, 
        "long_term_average": 306178, 
        "date": "2014-06-30", 
        "operating_revenue": 247674, 
        "short_term_average": 298434
    }, 
    {
        "accumulated_operating_revenue_yoy": 16.45587075761789, 
        "accumulated_operating_revenue": 2035255, 
        "long_term_average": 306146, 
        "date": "2014-07-31", 
        "operating_revenue": 233430, 
        "short_term_average": 257231
    }, 
    {
        "accumulated_operating_revenue_yoy": 13.082207292217104, 
        "accumulated_operating_revenue": 2291940, 
        "long_term_average": 304275, 
        "date": "2014-08-31", 
        "operating_revenue": 256685, 
        "short_term_average": 245929
    }, 
    {
        "accumulated_operating_revenue_yoy": 13.676679063456335, 
        "accumulated_operating_revenue": 2657422, 
        "long_term_average": 308823, 
        "date": "2014-09-30", 
        "operating_revenue": 365482, 
        "short_term_average": 285199
    }, 
    {
        "accumulated_operating_revenue_yoy": 10.402137622291926, 
        "accumulated_operating_revenue": 3005452, 
        "long_term_average": 305778, 
        "date": "2014-10-31", 
        "operating_revenue": 348030, 
        "short_term_average": 323399
    }, 
    {
        "accumulated_operating_revenue_yoy": 7.718592052590904, 
        "accumulated_operating_revenue": 3346654, 
        "long_term_average": 302163, 
        "date": "2014-11-30", 
        "operating_revenue": 341202, 
        "short_term_average": 351571
    }, 
    {
        "accumulated_operating_revenue_yoy": 8.580779236427329, 
        "accumulated_operating_revenue": 3676720, 
        "long_term_average": 306393, 
        "date": "2014-12-31", 
        "operating_revenue": 330066, 
        "short_term_average": 339766
    }, 
    {
        "accumulated_operating_revenue_yoy": 17.589698659680042, 
        "accumulated_operating_revenue": 279165, 
        "long_term_average": 309873, 
        "date": "2015-01-31", 
        "operating_revenue": 279165, 
        "short_term_average": 316811
    }, 
    {
        "accumulated_operating_revenue_yoy": -13.228163079727365, 
        "accumulated_operating_revenue": 421771, 
        "long_term_average": 301035, 
        "date": "2015-02-28", 
        "operating_revenue": 142606, 
        "short_term_average": 250612
    }, 
    {
        "accumulated_operating_revenue_yoy": -11.283993897562445, 
        "accumulated_operating_revenue": 804231, 
        "long_term_average": 297869, 
        "date": "2015-03-31", 
        "operating_revenue": 382460, 
        "short_term_average": 268077
    }, 
    {
        "accumulated_operating_revenue_yoy": -7.282513467889559, 
        "accumulated_operating_revenue": 1171542, 
        "long_term_average": 298725, 
        "date": "2015-04-30", 
        "operating_revenue": 367311, 
        "short_term_average": 297459
    }, 
    {
        "accumulated_operating_revenue_yoy": -5.773119857722962, 
        "accumulated_operating_revenue": 1464428, 
        "long_term_average": 298916, 
        "date": "2015-05-31", 
        "operating_revenue": 292886, 
        "short_term_average": 347552
    }, 
    {
        "accumulated_operating_revenue_yoy": -4.754457286362438, 
        "accumulated_operating_revenue": 1716158, 
        "long_term_average": 299254, 
        "date": "2015-06-30", 
        "operating_revenue": 251730, 
        "short_term_average": 303975
    }, 
    {
        "accumulated_operating_revenue_yoy": -2.669493503271089, 
        "accumulated_operating_revenue": 1980924, 
        "long_term_average": 301865, 
        "date": "2015-07-31", 
        "operating_revenue": 264766, 
        "short_term_average": 269794
    }, 
    {
        "accumulated_operating_revenue_yoy": -1.0391196977233261, 
        "accumulated_operating_revenue": 2268124, 
        "long_term_average": 304408, 
        "date": "2015-08-31", 
        "operating_revenue": 287200, 
        "short_term_average": 267898
    }
]