[
    {
        "date": "2011-09-30", 
        "operating_revenue": 275524, 
        "accumulated_operating_revenue": 275524, 
        "long_term_average": 275524, 
        "short_term_average": 275524
    }, 
    {
        "date": "2011-10-31", 
        "operating_revenue": 222856, 
        "accumulated_operating_revenue": 498380, 
        "long_term_average": 249190, 
        "short_term_average": 249190
    }, 
    {
        "date": "2011-11-30", 
        "operating_revenue": 281307, 
        "accumulated_operating_revenue": 779687, 
        "long_term_average": 259895, 
        "short_term_average": 259895
    }, 
    {
        "date": "2011-12-31", 
        "operating_revenue": 374043, 
        "accumulated_operating_revenue": 1153730, 
        "long_term_average": 288432, 
        "short_term_average": 292735
    }, 
    {
        "date": "2012-01-31", 
        "operating_revenue": 197743, 
        "accumulated_operating_revenue": 197743, 
        "long_term_average": 270294, 
        "short_term_average": 284364
    }, 
    {
        "date": "2012-02-29", 
        "operating_revenue": 342179, 
        "accumulated_operating_revenue": 539922, 
        "long_term_average": 282275, 
        "short_term_average": 304655
    }, 
    {
        "date": "2012-03-31", 
        "operating_revenue": 348355, 
        "accumulated_operating_revenue": 888277, 
        "long_term_average": 291715, 
        "short_term_average": 296092
    }, 
    {
        "date": "2012-04-30", 
        "operating_revenue": 290879, 
        "accumulated_operating_revenue": 1179156, 
        "long_term_average": 291610, 
        "short_term_average": 327137
    }, 
    {
        "date": "2012-05-31", 
        "operating_revenue": 333062, 
        "accumulated_operating_revenue": 1512218, 
        "long_term_average": 296216, 
        "short_term_average": 324098
    }, 
    {
        "date": "2012-06-30", 
        "operating_revenue": 272497, 
        "accumulated_operating_revenue": 1784715, 
        "long_term_average": 293844, 
        "short_term_average": 298812
    }, 
    {
        "date": "2012-07-31", 
        "operating_revenue": 317297, 
        "accumulated_operating_revenue": 2102012, 
        "long_term_average": 295976, 
        "short_term_average": 307618
    }, 
    {
        "date": "2012-08-31", 
        "operating_revenue": 314806, 
        "accumulated_operating_revenue": 2416818, 
        "long_term_average": 297545, 
        "short_term_average": 301533
    }, 
    {
        "accumulated_operating_revenue_yoy": 908.924812357544, 
        "accumulated_operating_revenue": 2779830, 
        "long_term_average": 304836, 
        "date": "2012-09-30", 
        "operating_revenue": 363012, 
        "short_term_average": 331705
    }, 
    {
        "accumulated_operating_revenue_yoy": 512.3445964926361, 
        "accumulated_operating_revenue": 3051803, 
        "long_term_average": 308929, 
        "date": "2012-10-31", 
        "operating_revenue": 271973, 
        "short_term_average": 316597
    }, 
    {
        "accumulated_operating_revenue_yoy": 334.8287197298403, 
        "accumulated_operating_revenue": 3390303, 
        "long_term_average": 313695, 
        "date": "2012-11-30", 
        "operating_revenue": 338500, 
        "short_term_average": 324495
    }, 
    {
        "accumulated_operating_revenue_yoy": 229.23977013686044, 
        "accumulated_operating_revenue": 3798538, 
        "long_term_average": 316544, 
        "date": "2012-12-31", 
        "operating_revenue": 408235, 
        "short_term_average": 339569
    }, 
    {
        "accumulated_operating_revenue_yoy": 74.34447742777242, 
        "accumulated_operating_revenue": 344754, 
        "long_term_average": 328795, 
        "date": "2013-01-31", 
        "operating_revenue": 344754, 
        "short_term_average": 363829
    }, 
    {
        "accumulated_operating_revenue_yoy": 12.837409848089168, 
        "accumulated_operating_revenue": 609234, 
        "long_term_average": 322320, 
        "date": "2013-02-28", 
        "operating_revenue": 264480, 
        "short_term_average": 339156
    }, 
    {
        "accumulated_operating_revenue_yoy": 16.428996810679553, 
        "accumulated_operating_revenue": 1034212, 
        "long_term_average": 328706, 
        "date": "2013-03-31", 
        "operating_revenue": 424978, 
        "short_term_average": 344737
    }, 
    {
        "accumulated_operating_revenue_yoy": 22.643908015563674, 
        "accumulated_operating_revenue": 1446163, 
        "long_term_average": 338795, 
        "date": "2013-04-30", 
        "operating_revenue": 411951, 
        "short_term_average": 367136
    }, 
    {
        "accumulated_operating_revenue_yoy": 23.343195227143177, 
        "accumulated_operating_revenue": 1865218, 
        "long_term_average": 345961, 
        "date": "2013-05-31", 
        "operating_revenue": 419055, 
        "short_term_average": 418661
    }, 
    {
        "accumulated_operating_revenue_yoy": 26.023538772296977, 
        "accumulated_operating_revenue": 2249161, 
        "long_term_average": 355248, 
        "date": "2013-06-30", 
        "operating_revenue": 383943, 
        "short_term_average": 404983
    }, 
    {
        "accumulated_operating_revenue_yoy": 26.401704652494846, 
        "accumulated_operating_revenue": 2656979, 
        "long_term_average": 362792, 
        "date": "2013-07-31", 
        "operating_revenue": 407818, 
        "short_term_average": 403605
    }, 
    {
        "accumulated_operating_revenue_yoy": 27.76663364804466, 
        "accumulated_operating_revenue": 3087887, 
        "long_term_average": 372467, 
        "date": "2013-08-31", 
        "operating_revenue": 430908, 
        "short_term_average": 407556
    }, 
    {
        "accumulated_operating_revenue_yoy": 26.607490386102743, 
        "accumulated_operating_revenue": 3519473, 
        "long_term_average": 378181, 
        "date": "2013-09-30", 
        "operating_revenue": 431586, 
        "short_term_average": 423437
    }, 
    {
        "accumulated_operating_revenue_yoy": 28.57749992381553, 
        "accumulated_operating_revenue": 3923932, 
        "long_term_average": 389222, 
        "date": "2013-10-31", 
        "operating_revenue": 404459, 
        "short_term_average": 422317
    }, 
    {
        "accumulated_operating_revenue_yoy": 28.869042088568484, 
        "accumulated_operating_revenue": 4369051, 
        "long_term_average": 398107, 
        "date": "2013-11-30", 
        "operating_revenue": 445119, 
        "short_term_average": 427054
    }, 
    {
        "accumulated_operating_revenue_yoy": 26.79812601585136, 
        "accumulated_operating_revenue": 4816475, 
        "long_term_average": 401372, 
        "date": "2013-12-31", 
        "operating_revenue": 447424, 
        "short_term_average": 432334
    }, 
    {
        "accumulated_operating_revenue_yoy": 29.99414074963597, 
        "accumulated_operating_revenue": 448160, 
        "long_term_average": 409990, 
        "date": "2014-01-31", 
        "operating_revenue": 448160, 
        "short_term_average": 446901
    }, 
    {
        "accumulated_operating_revenue_yoy": 39.858084085917724, 
        "accumulated_operating_revenue": 852063, 
        "long_term_average": 421608, 
        "date": "2014-02-28", 
        "operating_revenue": 403903, 
        "short_term_average": 433162
    }, 
    {
        "accumulated_operating_revenue_yoy": 31.175813082810876, 
        "accumulated_operating_revenue": 1356636, 
        "long_term_average": 428241, 
        "date": "2014-03-31", 
        "operating_revenue": 504573, 
        "short_term_average": 452212
    }, 
    {
        "accumulated_operating_revenue_yoy": 25.89673501534751, 
        "accumulated_operating_revenue": 1820672, 
        "long_term_average": 432582, 
        "date": "2014-04-30", 
        "operating_revenue": 464036, 
        "short_term_average": 457504
    }, 
    {
        "accumulated_operating_revenue_yoy": 24.672129477626743, 
        "accumulated_operating_revenue": 2325407, 
        "long_term_average": 439722, 
        "date": "2014-05-31", 
        "operating_revenue": 504735, 
        "short_term_average": 491114
    }, 
    {
        "accumulated_operating_revenue_yoy": 24.665997676466915, 
        "accumulated_operating_revenue": 2803939, 
        "long_term_average": 447604, 
        "date": "2014-06-30", 
        "operating_revenue": 478532, 
        "short_term_average": 482434
    }, 
    {
        "accumulated_operating_revenue_yoy": 24.017841315268203, 
        "accumulated_operating_revenue": 3295128, 
        "long_term_average": 454552, 
        "date": "2014-07-31", 
        "operating_revenue": 491189, 
        "short_term_average": 491485
    }, 
    {
        "accumulated_operating_revenue_yoy": 23.94964582577018, 
        "accumulated_operating_revenue": 3827425, 
        "long_term_average": 463001, 
        "date": "2014-08-31", 
        "operating_revenue": 532297, 
        "short_term_average": 500672
    }, 
    {
        "accumulated_operating_revenue_yoy": 23.756454446446952, 
        "accumulated_operating_revenue": 4355575, 
        "long_term_average": 471048, 
        "date": "2014-09-30", 
        "operating_revenue": 528150, 
        "short_term_average": 517212
    }, 
    {
        "accumulated_operating_revenue_yoy": 22.452962997320036, 
        "accumulated_operating_revenue": 4804971, 
        "long_term_average": 474792, 
        "date": "2014-10-31", 
        "operating_revenue": 449396, 
        "short_term_average": 503281
    }, 
    {
        "accumulated_operating_revenue_yoy": 20.947409403094632, 
        "accumulated_operating_revenue": 5284254, 
        "long_term_average": 477639, 
        "date": "2014-11-30", 
        "operating_revenue": 479283, 
        "short_term_average": 485609
    }, 
    {
        "accumulated_operating_revenue_yoy": 20.01876891294982, 
        "accumulated_operating_revenue": 5780674, 
        "long_term_average": 481722, 
        "date": "2014-12-31", 
        "operating_revenue": 496420, 
        "short_term_average": 475033
    }, 
    {
        "accumulated_operating_revenue_yoy": 1.3986076401285255, 
        "accumulated_operating_revenue": 454428, 
        "long_term_average": 482245, 
        "date": "2015-01-31", 
        "operating_revenue": 454428, 
        "short_term_average": 476710
    }, 
    {
        "accumulated_operating_revenue_yoy": -0.05116992522853357, 
        "accumulated_operating_revenue": 851627, 
        "long_term_average": 481686, 
        "date": "2015-02-28", 
        "operating_revenue": 397199, 
        "short_term_average": 449349
    }, 
    {
        "accumulated_operating_revenue_yoy": 0.8965558926639129, 
        "accumulated_operating_revenue": 1368799, 
        "long_term_average": 482736, 
        "date": "2015-03-31", 
        "operating_revenue": 517172, 
        "short_term_average": 456266
    }, 
    {
        "accumulated_operating_revenue_yoy": 1.4500140607424072, 
        "accumulated_operating_revenue": 1847072, 
        "long_term_average": 483922, 
        "date": "2015-04-30", 
        "operating_revenue": 478273, 
        "short_term_average": 464214
    }, 
    {
        "accumulated_operating_revenue_yoy": 2.659534438487542, 
        "accumulated_operating_revenue": 2387252, 
        "long_term_average": 486876, 
        "date": "2015-05-31", 
        "operating_revenue": 540180, 
        "short_term_average": 511875
    }, 
    {
        "accumulated_operating_revenue_yoy": 1.0066909444178351, 
        "accumulated_operating_revenue": 2832166, 
        "long_term_average": 484075, 
        "date": "2015-06-30", 
        "operating_revenue": 444914, 
        "short_term_average": 487789
    }, 
    {
        "accumulated_operating_revenue_yoy": 0.888766688274325, 
        "accumulated_operating_revenue": 3324414, 
        "long_term_average": 484163, 
        "date": "2015-07-31", 
        "operating_revenue": 492248, 
        "short_term_average": 492447
    }, 
    {
        "accumulated_operating_revenue_yoy": 1.372828990770557, 
        "accumulated_operating_revenue": 3879969, 
        "long_term_average": 486101, 
        "date": "2015-08-31", 
        "operating_revenue": 555555, 
        "short_term_average": 497572
    }, 
    {
        "accumulated_operating_revenue_yoy": 2.8116149991677335, 
        "accumulated_operating_revenue": 4478037, 
        "long_term_average": 491928, 
        "date": "2015-09-30", 
        "operating_revenue": 598068, 
        "short_term_average": 548623
    }
]