[
    {
        "date": "2012-01-31", 
        "operating_revenue": 6546, 
        "accumulated_operating_revenue": 6546, 
        "long_term_average": 6546, 
        "short_term_average": 6546
    }, 
    {
        "date": "2012-02-29", 
        "operating_revenue": 9328, 
        "accumulated_operating_revenue": 15874, 
        "long_term_average": 7937, 
        "short_term_average": 7937
    }, 
    {
        "date": "2012-03-31", 
        "operating_revenue": 29989, 
        "accumulated_operating_revenue": 45863, 
        "long_term_average": 15287, 
        "short_term_average": 15287
    }, 
    {
        "date": "2012-04-30", 
        "operating_revenue": 9122, 
        "accumulated_operating_revenue": 54985, 
        "long_term_average": 13746, 
        "short_term_average": 16146
    }, 
    {
        "date": "2012-05-31", 
        "operating_revenue": 9436, 
        "accumulated_operating_revenue": 64421, 
        "long_term_average": 12884, 
        "short_term_average": 16182
    }, 
    {
        "date": "2012-06-30", 
        "operating_revenue": 25022, 
        "accumulated_operating_revenue": 89443, 
        "long_term_average": 14907, 
        "short_term_average": 14526
    }, 
    {
        "date": "2012-07-31", 
        "operating_revenue": 7002, 
        "accumulated_operating_revenue": 96445, 
        "long_term_average": 13777, 
        "short_term_average": 13820
    }, 
    {
        "date": "2012-08-31", 
        "operating_revenue": 24412, 
        "accumulated_operating_revenue": 120857, 
        "long_term_average": 15107, 
        "short_term_average": 18812
    }, 
    {
        "date": "2012-09-30", 
        "operating_revenue": 23372, 
        "accumulated_operating_revenue": 144229, 
        "long_term_average": 16025, 
        "short_term_average": 18262
    }, 
    {
        "date": "2012-10-31", 
        "operating_revenue": 11965, 
        "accumulated_operating_revenue": 156194, 
        "long_term_average": 15619, 
        "short_term_average": 19916
    }, 
    {
        "date": "2012-11-30", 
        "operating_revenue": 13836, 
        "accumulated_operating_revenue": 170030, 
        "long_term_average": 15457, 
        "short_term_average": 16391
    }, 
    {
        "date": "2012-12-31", 
        "operating_revenue": 43031, 
        "accumulated_operating_revenue": 213061, 
        "long_term_average": 17755, 
        "short_term_average": 22944
    }, 
    {
        "accumulated_operating_revenue_yoy": 107.19523373052246, 
        "accumulated_operating_revenue": 13563, 
        "long_term_average": 18339, 
        "date": "2013-01-31", 
        "operating_revenue": 13563, 
        "short_term_average": 23476
    }, 
    {
        "accumulated_operating_revenue_yoy": 36.12196043845282, 
        "accumulated_operating_revenue": 21608, 
        "long_term_average": 18232, 
        "date": "2013-02-28", 
        "operating_revenue": 8045, 
        "short_term_average": 21546
    }, 
    {
        "accumulated_operating_revenue_yoy": -22.81141661033949, 
        "accumulated_operating_revenue": 35401, 
        "long_term_average": 16883, 
        "date": "2013-03-31", 
        "operating_revenue": 13793, 
        "short_term_average": 11800
    }, 
    {
        "accumulated_operating_revenue_yoy": -19.55078657815768, 
        "accumulated_operating_revenue": 44235, 
        "long_term_average": 16859, 
        "date": "2013-04-30", 
        "operating_revenue": 8834, 
        "short_term_average": 10224
    }, 
    {
        "accumulated_operating_revenue_yoy": -13.196007513078033, 
        "accumulated_operating_revenue": 55920, 
        "long_term_average": 17046, 
        "date": "2013-05-31", 
        "operating_revenue": 11685, 
        "short_term_average": 11437
    }, 
    {
        "accumulated_operating_revenue_yoy": -2.242769137886699, 
        "accumulated_operating_revenue": 87437, 
        "long_term_average": 17587, 
        "date": "2013-06-30", 
        "operating_revenue": 31517, 
        "short_term_average": 17345
    }, 
    {
        "accumulated_operating_revenue_yoy": 3.215304059308414, 
        "accumulated_operating_revenue": 99546, 
        "long_term_average": 18013, 
        "date": "2013-07-31", 
        "operating_revenue": 12109, 
        "short_term_average": 18437
    }, 
    {
        "accumulated_operating_revenue_yoy": -4.287711924009367, 
        "accumulated_operating_revenue": 115675, 
        "long_term_average": 17323, 
        "date": "2013-08-31", 
        "operating_revenue": 16129, 
        "short_term_average": 19918
    }, 
    {
        "accumulated_operating_revenue_yoy": -9.814253721512317, 
        "accumulated_operating_revenue": 130074, 
        "long_term_average": 16575, 
        "date": "2013-09-30", 
        "operating_revenue": 14399, 
        "short_term_average": 14212
    }, 
    {
        "accumulated_operating_revenue_yoy": -10.122027734740131, 
        "accumulated_operating_revenue": 140384, 
        "long_term_average": 16437, 
        "date": "2013-10-31", 
        "operating_revenue": 10310, 
        "short_term_average": 13612
    }, 
    {
        "accumulated_operating_revenue_yoy": -12.39193083573487, 
        "accumulated_operating_revenue": 148960, 
        "long_term_average": 15999, 
        "date": "2013-11-30", 
        "operating_revenue": 8576, 
        "short_term_average": 11095
    }, 
    {
        "accumulated_operating_revenue_yoy": 10.060499105889862, 
        "accumulated_operating_revenue": 234496, 
        "long_term_average": 19541, 
        "date": "2013-12-31", 
        "operating_revenue": 85536, 
        "short_term_average": 34807
    }, 
    {
        "accumulated_operating_revenue_yoy": -65.94411265944112, 
        "accumulated_operating_revenue": 4619, 
        "long_term_average": 18796, 
        "date": "2014-01-31", 
        "operating_revenue": 4619, 
        "short_term_average": 32910
    }, 
    {
        "accumulated_operating_revenue_yoy": -28.068308034061456, 
        "accumulated_operating_revenue": 15543, 
        "long_term_average": 19035, 
        "date": "2014-02-28", 
        "operating_revenue": 10924, 
        "short_term_average": 33693
    }, 
    {
        "accumulated_operating_revenue_yoy": 0.06779469506511115, 
        "accumulated_operating_revenue": 35425, 
        "long_term_average": 19543, 
        "date": "2014-03-31", 
        "operating_revenue": 19882, 
        "short_term_average": 11808
    }, 
    {
        "accumulated_operating_revenue_yoy": 0.2599751328133831, 
        "accumulated_operating_revenue": 44350, 
        "long_term_average": 19550, 
        "date": "2014-04-30", 
        "operating_revenue": 8925, 
        "short_term_average": 13243
    }, 
    {
        "accumulated_operating_revenue_yoy": -1.8293991416309014, 
        "accumulated_operating_revenue": 54897, 
        "long_term_average": 19456, 
        "date": "2014-05-31", 
        "operating_revenue": 10547, 
        "short_term_average": 13118
    }, 
    {
        "accumulated_operating_revenue_yoy": -22.443587954755994, 
        "accumulated_operating_revenue": 67813, 
        "long_term_average": 17906, 
        "date": "2014-06-30", 
        "operating_revenue": 12916, 
        "short_term_average": 10796
    }, 
    {
        "accumulated_operating_revenue_yoy": -17.542643601952864, 
        "accumulated_operating_revenue": 82083, 
        "long_term_average": 18086, 
        "date": "2014-07-31", 
        "operating_revenue": 14270, 
        "short_term_average": 12577
    }, 
    {
        "accumulated_operating_revenue_yoy": -16.54635833153231, 
        "accumulated_operating_revenue": 96535, 
        "long_term_average": 17946, 
        "date": "2014-08-31", 
        "operating_revenue": 14452, 
        "short_term_average": 13879
    }, 
    {
        "accumulated_operating_revenue_yoy": -16.21230991589403, 
        "accumulated_operating_revenue": 108986, 
        "long_term_average": 17784, 
        "date": "2014-09-30", 
        "operating_revenue": 12451, 
        "short_term_average": 13724
    }, 
    {
        "accumulated_operating_revenue_yoy": -12.517095965352176, 
        "accumulated_operating_revenue": 122812, 
        "long_term_average": 18077, 
        "date": "2014-10-31", 
        "operating_revenue": 13826, 
        "short_term_average": 13576
    }, 
    {
        "accumulated_operating_revenue_yoy": -4.280343716433942, 
        "accumulated_operating_revenue": 142584, 
        "long_term_average": 19010, 
        "date": "2014-11-30", 
        "operating_revenue": 19772, 
        "short_term_average": 15349
    }, 
    {
        "accumulated_operating_revenue_yoy": -10.026610262008735, 
        "accumulated_operating_revenue": 210984, 
        "long_term_average": 17582, 
        "date": "2014-12-31", 
        "operating_revenue": 68400, 
        "short_term_average": 33999
    }, 
    {
        "accumulated_operating_revenue_yoy": 167.72028577614202, 
        "accumulated_operating_revenue": 12366, 
        "long_term_average": 18227, 
        "date": "2015-01-31", 
        "operating_revenue": 12366, 
        "short_term_average": 33512
    }, 
    {
        "accumulated_operating_revenue_yoy": 24.654185163739303, 
        "accumulated_operating_revenue": 19375, 
        "long_term_average": 17901, 
        "date": "2015-02-28", 
        "operating_revenue": 7009, 
        "short_term_average": 29258
    }, 
    {
        "accumulated_operating_revenue_yoy": -17.14608327452364, 
        "accumulated_operating_revenue": 29351, 
        "long_term_average": 17075, 
        "date": "2015-03-31", 
        "operating_revenue": 9976, 
        "short_term_average": 9783
    }, 
    {
        "accumulated_operating_revenue_yoy": -11.618940248027057, 
        "accumulated_operating_revenue": 39197, 
        "long_term_average": 17152, 
        "date": "2015-04-30", 
        "operating_revenue": 9846, 
        "short_term_average": 8943
    }, 
    {
        "accumulated_operating_revenue_yoy": 8.353826256443886, 
        "accumulated_operating_revenue": 59483, 
        "long_term_average": 17964, 
        "date": "2015-05-31", 
        "operating_revenue": 20286, 
        "short_term_average": 13369
    }, 
    {
        "accumulated_operating_revenue_yoy": 47.92001533629245, 
        "accumulated_operating_revenue": 100309, 
        "long_term_average": 20290, 
        "date": "2015-06-30", 
        "operating_revenue": 40826, 
        "short_term_average": 23652
    }, 
    {
        "accumulated_operating_revenue_yoy": 39.58797802224577, 
        "accumulated_operating_revenue": 114578, 
        "long_term_average": 20289, 
        "date": "2015-07-31", 
        "operating_revenue": 14269, 
        "short_term_average": 25127
    }, 
    {
        "accumulated_operating_revenue_yoy": 33.751489097218624, 
        "accumulated_operating_revenue": 129117, 
        "long_term_average": 20297, 
        "date": "2015-08-31", 
        "operating_revenue": 14539, 
        "short_term_average": 23211
    }
]