[
    {
        "date": "2012-01-31", 
        "operating_revenue": 67239, 
        "accumulated_operating_revenue": 67239, 
        "long_term_average": 67239, 
        "short_term_average": 67239
    }, 
    {
        "date": "2012-02-29", 
        "operating_revenue": 79838, 
        "accumulated_operating_revenue": 147077, 
        "long_term_average": 73538, 
        "short_term_average": 73538
    }, 
    {
        "date": "2012-03-31", 
        "operating_revenue": 135518, 
        "accumulated_operating_revenue": 282595, 
        "long_term_average": 94198, 
        "short_term_average": 94198
    }, 
    {
        "date": "2012-04-30", 
        "operating_revenue": 144039, 
        "accumulated_operating_revenue": 426634, 
        "long_term_average": 106658, 
        "short_term_average": 119798
    }, 
    {
        "date": "2012-05-31", 
        "operating_revenue": 159006, 
        "accumulated_operating_revenue": 585640, 
        "long_term_average": 117128, 
        "short_term_average": 146187
    }, 
    {
        "date": "2012-06-30", 
        "operating_revenue": 113323, 
        "accumulated_operating_revenue": 698963, 
        "long_term_average": 116493, 
        "short_term_average": 138789
    }, 
    {
        "date": "2012-07-31", 
        "operating_revenue": 123595, 
        "accumulated_operating_revenue": 822558, 
        "long_term_average": 117508, 
        "short_term_average": 131974
    }, 
    {
        "date": "2012-08-31", 
        "operating_revenue": 131339, 
        "accumulated_operating_revenue": 953897, 
        "long_term_average": 119237, 
        "short_term_average": 122752
    }, 
    {
        "date": "2012-09-30", 
        "operating_revenue": 117122, 
        "accumulated_operating_revenue": 1071019, 
        "long_term_average": 119002, 
        "short_term_average": 124018
    }, 
    {
        "date": "2012-10-31", 
        "operating_revenue": 112841, 
        "accumulated_operating_revenue": 1183860, 
        "long_term_average": 118386, 
        "short_term_average": 120434
    }, 
    {
        "date": "2012-11-30", 
        "operating_revenue": 75789, 
        "accumulated_operating_revenue": 1259649, 
        "long_term_average": 114513, 
        "short_term_average": 101917
    }, 
    {
        "date": "2012-12-31", 
        "operating_revenue": 92351, 
        "accumulated_operating_revenue": 1352000, 
        "long_term_average": 112666, 
        "short_term_average": 93660
    }, 
    {
        "accumulated_operating_revenue_yoy": 7.1030205684201135, 
        "accumulated_operating_revenue": 72015, 
        "long_term_average": 113064, 
        "date": "2013-01-31", 
        "operating_revenue": 72015, 
        "short_term_average": 80051
    }, 
    {
        "accumulated_operating_revenue_yoy": -16.87619410240894, 
        "accumulated_operating_revenue": 122256, 
        "long_term_average": 110598, 
        "date": "2013-02-28", 
        "operating_revenue": 50241, 
        "short_term_average": 71535
    }, 
    {
        "accumulated_operating_revenue_yoy": -27.18979458235284, 
        "accumulated_operating_revenue": 205758, 
        "long_term_average": 106263, 
        "date": "2013-03-31", 
        "operating_revenue": 83502, 
        "short_term_average": 68586
    }, 
    {
        "accumulated_operating_revenue_yoy": -30.287318872851205, 
        "accumulated_operating_revenue": 297418, 
        "long_term_average": 101898, 
        "date": "2013-04-30", 
        "operating_revenue": 91660, 
        "short_term_average": 75134
    }, 
    {
        "accumulated_operating_revenue_yoy": -25.802370056690116, 
        "accumulated_operating_revenue": 434531, 
        "long_term_average": 100074, 
        "date": "2013-05-31", 
        "operating_revenue": 137113, 
        "short_term_average": 104091
    }, 
    {
        "accumulated_operating_revenue_yoy": -17.0991883690553, 
        "accumulated_operating_revenue": 579446, 
        "long_term_average": 102706, 
        "date": "2013-06-30", 
        "operating_revenue": 144915, 
        "short_term_average": 124562
    }, 
    {
        "accumulated_operating_revenue_yoy": -15.126471324818432, 
        "accumulated_operating_revenue": 698134, 
        "long_term_average": 102298, 
        "date": "2013-07-31", 
        "operating_revenue": 118688, 
        "short_term_average": 133572
    }, 
    {
        "accumulated_operating_revenue_yoy": -18.7166958277466, 
        "accumulated_operating_revenue": 775359, 
        "long_term_average": 97788, 
        "date": "2013-08-31", 
        "operating_revenue": 77225, 
        "short_term_average": 113609
    }, 
    {
        "accumulated_operating_revenue_yoy": -20.737167127754034, 
        "accumulated_operating_revenue": 848920, 
        "long_term_average": 94158, 
        "date": "2013-09-30", 
        "operating_revenue": 73561, 
        "short_term_average": 89824
    }, 
    {
        "accumulated_operating_revenue_yoy": -21.308431740239556, 
        "accumulated_operating_revenue": 931598, 
        "long_term_average": 91644, 
        "date": "2013-10-31", 
        "operating_revenue": 82678, 
        "short_term_average": 77821
    }, 
    {
        "accumulated_operating_revenue_yoy": -17.319507259561988, 
        "accumulated_operating_revenue": 1041484, 
        "long_term_average": 94486, 
        "date": "2013-11-30", 
        "operating_revenue": 109886, 
        "short_term_average": 88708
    }, 
    {
        "accumulated_operating_revenue_yoy": -13.98025147928994, 
        "accumulated_operating_revenue": 1162987, 
        "long_term_average": 96915, 
        "date": "2013-12-31", 
        "operating_revenue": 121503, 
        "short_term_average": 104689
    }, 
    {
        "accumulated_operating_revenue_yoy": -5.964035270429772, 
        "accumulated_operating_revenue": 67720, 
        "long_term_average": 96557, 
        "date": "2014-01-31", 
        "operating_revenue": 67720, 
        "short_term_average": 99703
    }, 
    {
        "accumulated_operating_revenue_yoy": -0.0654364611961785, 
        "accumulated_operating_revenue": 122176, 
        "long_term_average": 96908, 
        "date": "2014-02-28", 
        "operating_revenue": 54456, 
        "short_term_average": 81226
    }, 
    {
        "accumulated_operating_revenue_yoy": 0.39026429106037186, 
        "accumulated_operating_revenue": 206561, 
        "long_term_average": 96982, 
        "date": "2014-03-31", 
        "operating_revenue": 84385, 
        "short_term_average": 68853
    }, 
    {
        "accumulated_operating_revenue_yoy": 3.2086154839317054, 
        "accumulated_operating_revenue": 306961, 
        "long_term_average": 97710, 
        "date": "2014-04-30", 
        "operating_revenue": 100400, 
        "short_term_average": 79747
    }, 
    {
        "accumulated_operating_revenue_yoy": -6.407137810651024, 
        "accumulated_operating_revenue": 406690, 
        "long_term_average": 94595, 
        "date": "2014-05-31", 
        "operating_revenue": 99729, 
        "short_term_average": 94838
    }, 
    {
        "accumulated_operating_revenue_yoy": -14.797755097109999, 
        "accumulated_operating_revenue": 493701, 
        "long_term_average": 89770, 
        "date": "2014-06-30", 
        "operating_revenue": 87011, 
        "short_term_average": 95713
    }, 
    {
        "accumulated_operating_revenue_yoy": -19.70452663815256, 
        "accumulated_operating_revenue": 560570, 
        "long_term_average": 85451, 
        "date": "2014-07-31", 
        "operating_revenue": 66869, 
        "short_term_average": 84536
    }, 
    {
        "accumulated_operating_revenue_yoy": -17.53819843453162, 
        "accumulated_operating_revenue": 639375, 
        "long_term_average": 85583, 
        "date": "2014-08-31", 
        "operating_revenue": 78805, 
        "short_term_average": 77561
    }, 
    {
        "accumulated_operating_revenue_yoy": -15.29060453281817, 
        "accumulated_operating_revenue": 719115, 
        "long_term_average": 86098, 
        "date": "2014-09-30", 
        "operating_revenue": 79740, 
        "short_term_average": 75138
    }, 
    {
        "accumulated_operating_revenue_yoy": -13.312609086752012, 
        "accumulated_operating_revenue": 807578, 
        "long_term_average": 86580, 
        "date": "2014-10-31", 
        "operating_revenue": 88463, 
        "short_term_average": 82336
    }, 
    {
        "accumulated_operating_revenue_yoy": -15.013480763986772, 
        "accumulated_operating_revenue": 885121, 
        "long_term_average": 83885, 
        "date": "2014-11-30", 
        "operating_revenue": 77543, 
        "short_term_average": 81915
    }, 
    {
        "accumulated_operating_revenue_yoy": -15.801638367410813, 
        "accumulated_operating_revenue": 979216, 
        "long_term_average": 81601, 
        "date": "2014-12-31", 
        "operating_revenue": 94095, 
        "short_term_average": 86700
    }, 
    {
        "accumulated_operating_revenue_yoy": -27.80271707028943, 
        "accumulated_operating_revenue": 48892, 
        "long_term_average": 80032, 
        "date": "2015-01-31", 
        "operating_revenue": 48892, 
        "short_term_average": 73510
    }, 
    {
        "accumulated_operating_revenue_yoy": -31.20498297537978, 
        "accumulated_operating_revenue": 84051, 
        "long_term_average": 78424, 
        "date": "2015-02-28", 
        "operating_revenue": 35159, 
        "short_term_average": 59382
    }, 
    {
        "accumulated_operating_revenue_yoy": -31.87290921325904, 
        "accumulated_operating_revenue": 140724, 
        "long_term_average": 76114, 
        "date": "2015-03-31", 
        "operating_revenue": 56673, 
        "short_term_average": 46908
    }, 
    {
        "accumulated_operating_revenue_yoy": -36.82063845244184, 
        "accumulated_operating_revenue": 193936, 
        "long_term_average": 72182, 
        "date": "2015-04-30", 
        "operating_revenue": 53212, 
        "short_term_average": 48348
    }, 
    {
        "accumulated_operating_revenue_yoy": -41.912759103985834, 
        "accumulated_operating_revenue": 236235, 
        "long_term_average": 67396, 
        "date": "2015-05-31", 
        "operating_revenue": 42299, 
        "short_term_average": 50728
    }, 
    {
        "accumulated_operating_revenue_yoy": -43.60554262600238, 
        "accumulated_operating_revenue": 278420, 
        "long_term_average": 63661, 
        "date": "2015-06-30", 
        "operating_revenue": 42185, 
        "short_term_average": 45898
    }, 
    {
        "accumulated_operating_revenue_yoy": -41.39946839823751, 
        "accumulated_operating_revenue": 328497, 
        "long_term_average": 62261, 
        "date": "2015-07-31", 
        "operating_revenue": 50077, 
        "short_term_average": 44853
    }, 
    {
        "accumulated_operating_revenue_yoy": -40.575874877810364, 
        "accumulated_operating_revenue": 379943, 
        "long_term_average": 59982, 
        "date": "2015-08-31", 
        "operating_revenue": 51446, 
        "short_term_average": 47902
    }
]