[
    {
        "date": "2011-09-30", 
        "operating_revenue": 512444, 
        "accumulated_operating_revenue": 512444, 
        "long_term_average": 512444, 
        "short_term_average": 512444
    }, 
    {
        "date": "2011-10-31", 
        "operating_revenue": 478216, 
        "accumulated_operating_revenue": 990660, 
        "long_term_average": 495330, 
        "short_term_average": 495330
    }, 
    {
        "date": "2011-11-30", 
        "operating_revenue": 517342, 
        "accumulated_operating_revenue": 1508002, 
        "long_term_average": 502667, 
        "short_term_average": 502667
    }, 
    {
        "date": "2011-12-31", 
        "operating_revenue": 687093, 
        "accumulated_operating_revenue": 2195095, 
        "long_term_average": 548773, 
        "short_term_average": 560883
    }, 
    {
        "date": "2012-01-31", 
        "operating_revenue": 460984, 
        "accumulated_operating_revenue": 460984, 
        "long_term_average": 531215, 
        "short_term_average": 555139
    }, 
    {
        "date": "2012-02-29", 
        "operating_revenue": 406341, 
        "accumulated_operating_revenue": 867325, 
        "long_term_average": 510403, 
        "short_term_average": 518139
    }, 
    {
        "date": "2012-03-31", 
        "operating_revenue": 344732, 
        "accumulated_operating_revenue": 1212057, 
        "long_term_average": 486736, 
        "short_term_average": 404019
    }, 
    {
        "date": "2012-04-30", 
        "operating_revenue": 308627, 
        "accumulated_operating_revenue": 1520684, 
        "long_term_average": 464472, 
        "short_term_average": 353233
    }, 
    {
        "date": "2012-05-31", 
        "operating_revenue": 448031, 
        "accumulated_operating_revenue": 1968715, 
        "long_term_average": 462645, 
        "short_term_average": 367130
    }, 
    {
        "date": "2012-06-30", 
        "operating_revenue": 399104, 
        "accumulated_operating_revenue": 2367819, 
        "long_term_average": 456291, 
        "short_term_average": 385254
    }, 
    {
        "date": "2012-07-31", 
        "operating_revenue": 489774, 
        "accumulated_operating_revenue": 2857593, 
        "long_term_average": 459335, 
        "short_term_average": 445636
    }, 
    {
        "date": "2012-08-31", 
        "operating_revenue": 682738, 
        "accumulated_operating_revenue": 3540331, 
        "long_term_average": 477952, 
        "short_term_average": 523872
    }, 
    {
        "accumulated_operating_revenue_yoy": 722.1269055740725, 
        "accumulated_operating_revenue": 4212940, 
        "long_term_average": 491299, 
        "date": "2012-09-30", 
        "operating_revenue": 672609, 
        "short_term_average": 615040
    }, 
    {
        "accumulated_operating_revenue_yoy": 382.1738033230372, 
        "accumulated_operating_revenue": 4776703, 
        "long_term_average": 498428, 
        "date": "2012-10-31", 
        "operating_revenue": 563763, 
        "short_term_average": 639703
    }, 
    {
        "accumulated_operating_revenue_yoy": 259.50562399784616, 
        "accumulated_operating_revenue": 5421352, 
        "long_term_average": 509037, 
        "date": "2012-11-30", 
        "operating_revenue": 644649, 
        "short_term_average": 627007
    }, 
    {
        "accumulated_operating_revenue_yoy": 185.41894542149657, 
        "accumulated_operating_revenue": 6265217, 
        "long_term_average": 522101, 
        "date": "2012-12-31", 
        "operating_revenue": 843865, 
        "short_term_average": 684092
    }, 
    {
        "accumulated_operating_revenue_yoy": 77.07599396074484, 
        "accumulated_operating_revenue": 816292, 
        "long_term_average": 551710, 
        "date": "2013-01-31", 
        "operating_revenue": 816292, 
        "short_term_average": 768268
    }, 
    {
        "accumulated_operating_revenue_yoy": 51.28757962701409, 
        "accumulated_operating_revenue": 1312155, 
        "long_term_average": 559170, 
        "date": "2013-02-28", 
        "operating_revenue": 495863, 
        "short_term_average": 718673
    }, 
    {
        "accumulated_operating_revenue_yoy": 70.113699273219, 
        "accumulated_operating_revenue": 2061875, 
        "long_term_average": 592919, 
        "date": "2013-03-31", 
        "operating_revenue": 749720, 
        "short_term_average": 687291
    }, 
    {
        "accumulated_operating_revenue_yoy": 94.14118909648553, 
        "accumulated_operating_revenue": 2952274, 
        "long_term_average": 641400, 
        "date": "2013-04-30", 
        "operating_revenue": 890399, 
        "short_term_average": 711994
    }, 
    {
        "accumulated_operating_revenue_yoy": 94.5698082251621, 
        "accumulated_operating_revenue": 3830525, 
        "long_term_average": 677252, 
        "date": "2013-05-31", 
        "operating_revenue": 878251, 
        "short_term_average": 839456
    }, 
    {
        "accumulated_operating_revenue_yoy": 97.28260479369412, 
        "accumulated_operating_revenue": 4671295, 
        "long_term_average": 714057, 
        "date": "2013-06-30", 
        "operating_revenue": 840770, 
        "short_term_average": 869806
    }, 
    {
        "accumulated_operating_revenue_yoy": 91.47485313688829, 
        "accumulated_operating_revenue": 5471572, 
        "long_term_average": 739933, 
        "date": "2013-07-31", 
        "operating_revenue": 800277, 
        "short_term_average": 839766
    }, 
    {
        "accumulated_operating_revenue_yoy": 74.49826019092565, 
        "accumulated_operating_revenue": 6177816, 
        "long_term_average": 741891, 
        "date": "2013-08-31", 
        "operating_revenue": 706244, 
        "short_term_average": 782430
    }, 
    {
        "accumulated_operating_revenue_yoy": 61.09498355067957, 
        "accumulated_operating_revenue": 6786835, 
        "long_term_average": 736592, 
        "date": "2013-09-30", 
        "operating_revenue": 609019, 
        "short_term_average": 705180
    }, 
    {
        "accumulated_operating_revenue_yoy": 53.07711197451464, 
        "accumulated_operating_revenue": 7312039, 
        "long_term_average": 733379, 
        "date": "2013-10-31", 
        "operating_revenue": 525204, 
        "short_term_average": 613489
    }, 
    {
        "accumulated_operating_revenue_yoy": 45.53015557742792, 
        "accumulated_operating_revenue": 7889702, 
        "long_term_average": 727797, 
        "date": "2013-11-30", 
        "operating_revenue": 577663, 
        "short_term_average": 570628
    }, 
    {
        "accumulated_operating_revenue_yoy": 38.019944081745294, 
        "accumulated_operating_revenue": 8647249, 
        "long_term_average": 720604, 
        "date": "2013-12-31", 
        "operating_revenue": 757547, 
        "short_term_average": 620138
    }, 
    {
        "accumulated_operating_revenue_yoy": -19.775766514923582, 
        "accumulated_operating_revenue": 654864, 
        "long_term_average": 707151, 
        "date": "2014-01-31", 
        "operating_revenue": 654864, 
        "short_term_average": 663358
    }, 
    {
        "accumulated_operating_revenue_yoy": -5.435866951693969, 
        "accumulated_operating_revenue": 1240828, 
        "long_term_average": 714660, 
        "date": "2014-02-28", 
        "operating_revenue": 585964, 
        "short_term_average": 666125
    }, 
    {
        "accumulated_operating_revenue_yoy": -8.892100636556533, 
        "accumulated_operating_revenue": 1878531, 
        "long_term_average": 705325, 
        "date": "2014-03-31", 
        "operating_revenue": 637703, 
        "short_term_average": 626177
    }, 
    {
        "accumulated_operating_revenue_yoy": -19.05581934468142, 
        "accumulated_operating_revenue": 2389694, 
        "long_term_average": 673722, 
        "date": "2014-04-30", 
        "operating_revenue": 511163, 
        "short_term_average": 578276
    }, 
    {
        "accumulated_operating_revenue_yoy": -27.05177488725436, 
        "accumulated_operating_revenue": 2794300, 
        "long_term_average": 634252, 
        "date": "2014-05-31", 
        "operating_revenue": 404606, 
        "short_term_average": 517824
    }, 
    {
        "accumulated_operating_revenue_yoy": -33.739166548034326, 
        "accumulated_operating_revenue": 3095239, 
        "long_term_average": 589266, 
        "date": "2014-06-30", 
        "operating_revenue": 300939, 
        "short_term_average": 405569
    }, 
    {
        "accumulated_operating_revenue_yoy": -35.87559480164019, 
        "accumulated_operating_revenue": 3508613, 
        "long_term_average": 557024, 
        "date": "2014-07-31", 
        "operating_revenue": 413374, 
        "short_term_average": 372973
    }, 
    {
        "accumulated_operating_revenue_yoy": -34.77771108754291, 
        "accumulated_operating_revenue": 4029313, 
        "long_term_average": 541562, 
        "date": "2014-08-31", 
        "operating_revenue": 520700, 
        "short_term_average": 411671
    }, 
    {
        "accumulated_operating_revenue_yoy": -33.43981399282582, 
        "accumulated_operating_revenue": 4517330, 
        "long_term_average": 531478, 
        "date": "2014-09-30", 
        "operating_revenue": 488017, 
        "short_term_average": 474030
    }, 
    {
        "accumulated_operating_revenue_yoy": -32.84055240952626, 
        "accumulated_operating_revenue": 4910725, 
        "long_term_average": 520494, 
        "date": "2014-10-31", 
        "operating_revenue": 393395, 
        "short_term_average": 467370
    }, 
    {
        "accumulated_operating_revenue_yoy": -34.11664977967482, 
        "accumulated_operating_revenue": 5198000, 
        "long_term_average": 496295, 
        "date": "2014-11-30", 
        "operating_revenue": 287275, 
        "short_term_average": 389562
    }, 
    {
        "accumulated_operating_revenue_yoy": -34.01136014471192, 
        "accumulated_operating_revenue": 5706202, 
        "long_term_average": 475516, 
        "date": "2014-12-31", 
        "operating_revenue": 508202, 
        "short_term_average": 396290
    }, 
    {
        "accumulated_operating_revenue_yoy": 8.161694641940922, 
        "accumulated_operating_revenue": 708312, 
        "long_term_average": 479970, 
        "date": "2015-01-31", 
        "operating_revenue": 708312, 
        "short_term_average": 501263
    }, 
    {
        "accumulated_operating_revenue_yoy": -7.042152498170576, 
        "accumulated_operating_revenue": 1153447, 
        "long_term_average": 468235, 
        "date": "2015-02-28", 
        "operating_revenue": 445135, 
        "short_term_average": 553883
    }, 
    {
        "accumulated_operating_revenue_yoy": -11.517084360066457, 
        "accumulated_operating_revenue": 1662179, 
        "long_term_average": 457487, 
        "date": "2015-03-31", 
        "operating_revenue": 508732, 
        "short_term_average": 554059
    }, 
    {
        "accumulated_operating_revenue_yoy": -9.813808797276973, 
        "accumulated_operating_revenue": 2155174, 
        "long_term_average": 455973, 
        "date": "2015-04-30", 
        "operating_revenue": 492995, 
        "short_term_average": 482287
    }, 
    {
        "accumulated_operating_revenue_yoy": -5.486382993951974, 
        "accumulated_operating_revenue": 2640994, 
        "long_term_average": 462741, 
        "date": "2015-05-31", 
        "operating_revenue": 485820, 
        "short_term_average": 495849
    }, 
    {
        "accumulated_operating_revenue_yoy": -0.5839290600822747, 
        "accumulated_operating_revenue": 3077165, 
        "long_term_average": 474010, 
        "date": "2015-06-30", 
        "operating_revenue": 436171, 
        "short_term_average": 471662
    }, 
    {
        "accumulated_operating_revenue_yoy": 3.829889474843763, 
        "accumulated_operating_revenue": 3642989, 
        "long_term_average": 486714, 
        "date": "2015-07-31", 
        "operating_revenue": 565824, 
        "short_term_average": 495938
    }, 
    {
        "accumulated_operating_revenue_yoy": 6.48286693041717, 
        "accumulated_operating_revenue": 4290528, 
        "long_term_average": 497284, 
        "date": "2015-08-31", 
        "operating_revenue": 647539, 
        "short_term_average": 549844
    }
]