[
    {
        "date": "2012-01-31", 
        "operating_revenue": 27522, 
        "accumulated_operating_revenue": 27522, 
        "long_term_average": 27522, 
        "short_term_average": 27522
    }, 
    {
        "date": "2012-02-29", 
        "operating_revenue": 30045, 
        "accumulated_operating_revenue": 57567, 
        "long_term_average": 28783, 
        "short_term_average": 28783
    }, 
    {
        "date": "2012-03-31", 
        "operating_revenue": 61424, 
        "accumulated_operating_revenue": 118991, 
        "long_term_average": 39663, 
        "short_term_average": 39663
    }, 
    {
        "date": "2012-04-30", 
        "operating_revenue": 44258, 
        "accumulated_operating_revenue": 163249, 
        "long_term_average": 40812, 
        "short_term_average": 45242
    }, 
    {
        "date": "2012-05-31", 
        "operating_revenue": 37497, 
        "accumulated_operating_revenue": 200746, 
        "long_term_average": 40149, 
        "short_term_average": 47726
    }, 
    {
        "date": "2012-06-30", 
        "operating_revenue": 52160, 
        "accumulated_operating_revenue": 252906, 
        "long_term_average": 42151, 
        "short_term_average": 44638
    }, 
    {
        "date": "2012-07-31", 
        "operating_revenue": 39909, 
        "accumulated_operating_revenue": 292815, 
        "long_term_average": 41830, 
        "short_term_average": 43188
    }, 
    {
        "date": "2012-08-31", 
        "operating_revenue": 37498, 
        "accumulated_operating_revenue": 330313, 
        "long_term_average": 41289, 
        "short_term_average": 43189
    }, 
    {
        "date": "2012-09-30", 
        "operating_revenue": 52512, 
        "accumulated_operating_revenue": 382825, 
        "long_term_average": 42536, 
        "short_term_average": 43306
    }, 
    {
        "date": "2012-10-31", 
        "operating_revenue": 43120, 
        "accumulated_operating_revenue": 425945, 
        "long_term_average": 42594, 
        "short_term_average": 44376
    }, 
    {
        "date": "2012-11-30", 
        "operating_revenue": 54273, 
        "accumulated_operating_revenue": 480218, 
        "long_term_average": 43656, 
        "short_term_average": 49968
    }, 
    {
        "date": "2012-12-31", 
        "operating_revenue": 75197, 
        "accumulated_operating_revenue": 555415, 
        "long_term_average": 46284, 
        "short_term_average": 57530
    }, 
    {
        "accumulated_operating_revenue_yoy": 75.36516241552212, 
        "accumulated_operating_revenue": 48264, 
        "long_term_average": 48013, 
        "date": "2013-01-31", 
        "operating_revenue": 48264, 
        "short_term_average": 59244
    }, 
    {
        "accumulated_operating_revenue_yoy": 48.79531676133897, 
        "accumulated_operating_revenue": 85657, 
        "long_term_average": 48625, 
        "date": "2013-02-28", 
        "operating_revenue": 37393, 
        "short_term_average": 53618
    }, 
    {
        "accumulated_operating_revenue_yoy": 6.914808683009639, 
        "accumulated_operating_revenue": 127219, 
        "long_term_average": 46970, 
        "date": "2013-03-31", 
        "operating_revenue": 41562, 
        "short_term_average": 42406
    }, 
    {
        "accumulated_operating_revenue_yoy": 10.240797799680243, 
        "accumulated_operating_revenue": 179967, 
        "long_term_average": 47677, 
        "date": "2013-04-30", 
        "operating_revenue": 52748, 
        "short_term_average": 43901
    }, 
    {
        "accumulated_operating_revenue_yoy": 20.647484881392405, 
        "accumulated_operating_revenue": 242195, 
        "long_term_average": 49738, 
        "date": "2013-05-31", 
        "operating_revenue": 62228, 
        "short_term_average": 52179
    }, 
    {
        "accumulated_operating_revenue_yoy": 25.624935746878286, 
        "accumulated_operating_revenue": 317713, 
        "long_term_average": 51685, 
        "date": "2013-06-30", 
        "operating_revenue": 75518, 
        "short_term_average": 63498
    }, 
    {
        "accumulated_operating_revenue_yoy": 27.951436914092515, 
        "accumulated_operating_revenue": 374661, 
        "long_term_average": 53105, 
        "date": "2013-07-31", 
        "operating_revenue": 56948, 
        "short_term_average": 64898
    }, 
    {
        "accumulated_operating_revenue_yoy": 29.219558418833046, 
        "accumulated_operating_revenue": 426829, 
        "long_term_average": 54327, 
        "date": "2013-08-31", 
        "operating_revenue": 52168, 
        "short_term_average": 61544
    }, 
    {
        "accumulated_operating_revenue_yoy": 24.201658721347876, 
        "accumulated_operating_revenue": 475475, 
        "long_term_average": 54005, 
        "date": "2013-09-30", 
        "operating_revenue": 48646, 
        "short_term_average": 52587
    }, 
    {
        "accumulated_operating_revenue_yoy": 26.019086971322587, 
        "accumulated_operating_revenue": 536772, 
        "long_term_average": 55520, 
        "date": "2013-10-31", 
        "operating_revenue": 61297, 
        "short_term_average": 54037
    }, 
    {
        "accumulated_operating_revenue_yoy": 27.411717178448118, 
        "accumulated_operating_revenue": 611854, 
        "long_term_average": 57254, 
        "date": "2013-11-30", 
        "operating_revenue": 75082, 
        "short_term_average": 61675
    }, 
    {
        "accumulated_operating_revenue_yoy": 24.240432829505863, 
        "accumulated_operating_revenue": 690050, 
        "long_term_average": 57504, 
        "date": "2013-12-31", 
        "operating_revenue": 78196, 
        "short_term_average": 71525
    }, 
    {
        "accumulated_operating_revenue_yoy": 3.4228410409414884, 
        "accumulated_operating_revenue": 49916, 
        "long_term_average": 57641, 
        "date": "2014-01-31", 
        "operating_revenue": 49916, 
        "short_term_average": 67731
    }, 
    {
        "accumulated_operating_revenue_yoy": 7.714489183604376, 
        "accumulated_operating_revenue": 92265, 
        "long_term_average": 58054, 
        "date": "2014-02-28", 
        "operating_revenue": 42349, 
        "short_term_average": 56820
    }, 
    {
        "accumulated_operating_revenue_yoy": 25.59444737028274, 
        "accumulated_operating_revenue": 159780, 
        "long_term_average": 60217, 
        "date": "2014-03-31", 
        "operating_revenue": 67515, 
        "short_term_average": 53260
    }, 
    {
        "accumulated_operating_revenue_yoy": 28.585240627448368, 
        "accumulated_operating_revenue": 231411, 
        "long_term_average": 61791, 
        "date": "2014-04-30", 
        "operating_revenue": 71631, 
        "short_term_average": 60498
    }, 
    {
        "accumulated_operating_revenue_yoy": 20.252276058547864, 
        "accumulated_operating_revenue": 291245, 
        "long_term_average": 61591, 
        "date": "2014-05-31", 
        "operating_revenue": 59834, 
        "short_term_average": 66326
    }, 
    {
        "accumulated_operating_revenue_yoy": 10.541274672424484, 
        "accumulated_operating_revenue": 351204, 
        "long_term_average": 60295, 
        "date": "2014-06-30", 
        "operating_revenue": 59959, 
        "short_term_average": 63808
    }, 
    {
        "accumulated_operating_revenue_yoy": 13.68543830289248, 
        "accumulated_operating_revenue": 425935, 
        "long_term_average": 61777, 
        "date": "2014-07-31", 
        "operating_revenue": 74731, 
        "short_term_average": 64841
    }, 
    {
        "accumulated_operating_revenue_yoy": 12.916882404897512, 
        "accumulated_operating_revenue": 481962, 
        "long_term_average": 62098, 
        "date": "2014-08-31", 
        "operating_revenue": 56027, 
        "short_term_average": 63572
    }, 
    {
        "accumulated_operating_revenue_yoy": 17.21268205478732, 
        "accumulated_operating_revenue": 557317, 
        "long_term_average": 64324, 
        "date": "2014-09-30", 
        "operating_revenue": 75355, 
        "short_term_average": 68704
    }, 
    {
        "accumulated_operating_revenue_yoy": 15.278367724098874, 
        "accumulated_operating_revenue": 618782, 
        "long_term_average": 64338, 
        "date": "2014-10-31", 
        "operating_revenue": 61465, 
        "short_term_average": 64282
    }, 
    {
        "accumulated_operating_revenue_yoy": 12.871207837163768, 
        "accumulated_operating_revenue": 690607, 
        "long_term_average": 64066, 
        "date": "2014-11-30", 
        "operating_revenue": 71825, 
        "short_term_average": 69548
    }, 
    {
        "accumulated_operating_revenue_yoy": 14.28852981667995, 
        "accumulated_operating_revenue": 788648, 
        "long_term_average": 65720, 
        "date": "2014-12-31", 
        "operating_revenue": 98041, 
        "short_term_average": 77110
    }, 
    {
        "accumulated_operating_revenue_yoy": 28.808398108822825, 
        "accumulated_operating_revenue": 64296, 
        "long_term_average": 66919, 
        "date": "2015-01-31", 
        "operating_revenue": 64296, 
        "short_term_average": 78054
    }, 
    {
        "accumulated_operating_revenue_yoy": 22.738850051482142, 
        "accumulated_operating_revenue": 113245, 
        "long_term_average": 67469, 
        "date": "2015-02-28", 
        "operating_revenue": 48949, 
        "short_term_average": 70428
    }, 
    {
        "accumulated_operating_revenue_yoy": 14.820378019777195, 
        "accumulated_operating_revenue": 183460, 
        "long_term_average": 67694, 
        "date": "2015-03-31", 
        "operating_revenue": 70215, 
        "short_term_average": 61153
    }, 
    {
        "accumulated_operating_revenue_yoy": 9.012968268578417, 
        "accumulated_operating_revenue": 252268, 
        "long_term_average": 67458, 
        "date": "2015-04-30", 
        "operating_revenue": 68808, 
        "short_term_average": 62657
    }, 
    {
        "accumulated_operating_revenue_yoy": 11.692217892152655, 
        "accumulated_operating_revenue": 325298, 
        "long_term_average": 68558, 
        "date": "2015-05-31", 
        "operating_revenue": 73030, 
        "short_term_average": 70684
    }, 
    {
        "accumulated_operating_revenue_yoy": 11.77833965444585, 
        "accumulated_operating_revenue": 392570, 
        "long_term_average": 69167, 
        "date": "2015-06-30", 
        "operating_revenue": 67272, 
        "short_term_average": 69703
    }, 
    {
        "accumulated_operating_revenue_yoy": 5.516804207214716, 
        "accumulated_operating_revenue": 449433, 
        "long_term_average": 67678, 
        "date": "2015-07-31", 
        "operating_revenue": 56863, 
        "short_term_average": 65721
    }, 
    {
        "accumulated_operating_revenue_yoy": 5.806474369348621, 
        "accumulated_operating_revenue": 509947, 
        "long_term_average": 68052, 
        "date": "2015-08-31", 
        "operating_revenue": 60514, 
        "short_term_average": 61549
    }, 
    {
        "accumulated_operating_revenue_yoy": 1.7146435511567026, 
        "accumulated_operating_revenue": 566873, 
        "long_term_average": 66517, 
        "date": "2015-09-30", 
        "operating_revenue": 56926, 
        "short_term_average": 58101
    }, 
    {
        "accumulated_operating_revenue_yoy": 5.269868871428064, 
        "accumulated_operating_revenue": 651391, 
        "long_term_average": 68438, 
        "date": "2015-10-31", 
        "operating_revenue": 84518, 
        "short_term_average": 67319
    }
]