[
    {
        "date": "2011-09-30", 
        "operating_revenue": 145636, 
        "accumulated_operating_revenue": 145636, 
        "long_term_average": 145636, 
        "short_term_average": 145636
    }, 
    {
        "date": "2011-10-31", 
        "operating_revenue": 155530, 
        "accumulated_operating_revenue": 301166, 
        "long_term_average": 150583, 
        "short_term_average": 150583
    }, 
    {
        "date": "2011-11-30", 
        "operating_revenue": 161263, 
        "accumulated_operating_revenue": 462429, 
        "long_term_average": 154143, 
        "short_term_average": 154143
    }, 
    {
        "date": "2011-12-31", 
        "operating_revenue": 150989, 
        "accumulated_operating_revenue": 613418, 
        "long_term_average": 153354, 
        "short_term_average": 155927
    }, 
    {
        "date": "2012-01-31", 
        "operating_revenue": 109261, 
        "accumulated_operating_revenue": 109261, 
        "long_term_average": 144535, 
        "short_term_average": 140504
    }, 
    {
        "date": "2012-02-29", 
        "operating_revenue": 156037, 
        "accumulated_operating_revenue": 265298, 
        "long_term_average": 146452, 
        "short_term_average": 138762
    }, 
    {
        "date": "2012-03-31", 
        "operating_revenue": 165076, 
        "accumulated_operating_revenue": 430374, 
        "long_term_average": 149113, 
        "short_term_average": 143458
    }, 
    {
        "date": "2012-04-30", 
        "operating_revenue": 179634, 
        "accumulated_operating_revenue": 610008, 
        "long_term_average": 152928, 
        "short_term_average": 166915
    }, 
    {
        "date": "2012-05-31", 
        "operating_revenue": 201143, 
        "accumulated_operating_revenue": 811151, 
        "long_term_average": 158285, 
        "short_term_average": 181951
    }, 
    {
        "date": "2012-06-30", 
        "operating_revenue": 162269, 
        "accumulated_operating_revenue": 973420, 
        "long_term_average": 158683, 
        "short_term_average": 181015
    }, 
    {
        "date": "2012-07-31", 
        "operating_revenue": 208355, 
        "accumulated_operating_revenue": 1181775, 
        "long_term_average": 163199, 
        "short_term_average": 190589
    }, 
    {
        "date": "2012-08-31", 
        "operating_revenue": 220751, 
        "accumulated_operating_revenue": 1402526, 
        "long_term_average": 167995, 
        "short_term_average": 197125
    }, 
    {
        "accumulated_operating_revenue_yoy": 1000.3694141558406, 
        "accumulated_operating_revenue": 1602534, 
        "long_term_average": 172526, 
        "date": "2012-09-30", 
        "operating_revenue": 200008, 
        "short_term_average": 209704
    }, 
    {
        "accumulated_operating_revenue_yoy": 485.8473400051799, 
        "accumulated_operating_revenue": 1764373, 
        "long_term_average": 173052, 
        "date": "2012-10-31", 
        "operating_revenue": 161839, 
        "short_term_average": 194199
    }, 
    {
        "accumulated_operating_revenue_yoy": 309.1391327101025, 
        "accumulated_operating_revenue": 1891978, 
        "long_term_average": 170247, 
        "date": "2012-11-30", 
        "operating_revenue": 127605, 
        "short_term_average": 163150
    }, 
    {
        "accumulated_operating_revenue_yoy": 249.44866306498997, 
        "accumulated_operating_revenue": 2143581, 
        "long_term_average": 178631, 
        "date": "2012-12-31", 
        "operating_revenue": 251603, 
        "short_term_average": 180349
    }, 
    {
        "accumulated_operating_revenue_yoy": 30.029928336734972, 
        "accumulated_operating_revenue": 142072, 
        "long_term_average": 181366, 
        "date": "2013-01-31", 
        "operating_revenue": 142072, 
        "short_term_average": 173760
    }, 
    {
        "accumulated_operating_revenue_yoy": 23.55275953833048, 
        "accumulated_operating_revenue": 327783, 
        "long_term_average": 183838, 
        "date": "2013-02-28", 
        "operating_revenue": 185711, 
        "short_term_average": 193128
    }, 
    {
        "accumulated_operating_revenue_yoy": 16.977559053288534, 
        "accumulated_operating_revenue": 503441, 
        "long_term_average": 184720, 
        "date": "2013-03-31", 
        "operating_revenue": 175658, 
        "short_term_average": 167813
    }, 
    {
        "accumulated_operating_revenue_yoy": 7.527934059881182, 
        "accumulated_operating_revenue": 655929, 
        "long_term_average": 182458, 
        "date": "2013-04-30", 
        "operating_revenue": 152488, 
        "short_term_average": 171285
    }, 
    {
        "accumulated_operating_revenue_yoy": 2.877022897093143, 
        "accumulated_operating_revenue": 834488, 
        "long_term_average": 180576, 
        "date": "2013-05-31", 
        "operating_revenue": 178559, 
        "short_term_average": 168901
    }, 
    {
        "accumulated_operating_revenue_yoy": 0.48427194838815724, 
        "accumulated_operating_revenue": 978134, 
        "long_term_average": 179024, 
        "date": "2013-06-30", 
        "operating_revenue": 143646, 
        "short_term_average": 158231
    }, 
    {
        "accumulated_operating_revenue_yoy": 0.7691819508789745, 
        "accumulated_operating_revenue": 1190865, 
        "long_term_average": 179389, 
        "date": "2013-07-31", 
        "operating_revenue": 212731, 
        "short_term_average": 178312
    }, 
    {
        "accumulated_operating_revenue_yoy": -3.4314515381533033, 
        "accumulated_operating_revenue": 1354399, 
        "long_term_average": 174621, 
        "date": "2013-08-31", 
        "operating_revenue": 163534, 
        "short_term_average": 173303
    }, 
    {
        "accumulated_operating_revenue_yoy": -1.6516966254694128, 
        "accumulated_operating_revenue": 1576065, 
        "long_term_average": 176426, 
        "date": "2013-09-30", 
        "operating_revenue": 221666, 
        "short_term_average": 199310
    }, 
    {
        "accumulated_operating_revenue_yoy": -0.38733306392695876, 
        "accumulated_operating_revenue": 1757539, 
        "long_term_average": 178062, 
        "date": "2013-10-31", 
        "operating_revenue": 181474, 
        "short_term_average": 188891
    }, 
    {
        "accumulated_operating_revenue_yoy": 3.1106069943730845, 
        "accumulated_operating_revenue": 1950830, 
        "long_term_average": 183536, 
        "date": "2013-11-30", 
        "operating_revenue": 193291, 
        "short_term_average": 198810
    }, 
    {
        "accumulated_operating_revenue_yoy": -2.417403401131098, 
        "accumulated_operating_revenue": 2091762, 
        "long_term_average": 174313, 
        "date": "2013-12-31", 
        "operating_revenue": 140932, 
        "short_term_average": 171899
    }, 
    {
        "accumulated_operating_revenue_yoy": -12.307140041669012, 
        "accumulated_operating_revenue": 124587, 
        "long_term_average": 172856, 
        "date": "2014-01-31", 
        "operating_revenue": 124587, 
        "short_term_average": 152936
    }, 
    {
        "accumulated_operating_revenue_yoy": -13.369210727829081, 
        "accumulated_operating_revenue": 283961, 
        "long_term_average": 170661, 
        "date": "2014-02-28", 
        "operating_revenue": 159374, 
        "short_term_average": 141631
    }, 
    {
        "accumulated_operating_revenue_yoy": -1.935678659465558, 
        "accumulated_operating_revenue": 493696, 
        "long_term_average": 173501, 
        "date": "2014-03-31", 
        "operating_revenue": 209735, 
        "short_term_average": 164565
    }, 
    {
        "accumulated_operating_revenue_yoy": -0.8991826859309469, 
        "accumulated_operating_revenue": 650031, 
        "long_term_average": 173822, 
        "date": "2014-04-30", 
        "operating_revenue": 156335, 
        "short_term_average": 175148
    }, 
    {
        "accumulated_operating_revenue_yoy": -4.553810240530721, 
        "accumulated_operating_revenue": 796487, 
        "long_term_average": 171146, 
        "date": "2014-05-31", 
        "operating_revenue": 146456, 
        "short_term_average": 170842
    }, 
    {
        "accumulated_operating_revenue_yoy": -3.9810496312366195, 
        "accumulated_operating_revenue": 939194, 
        "long_term_average": 171068, 
        "date": "2014-06-30", 
        "operating_revenue": 142707, 
        "short_term_average": 148499
    }, 
    {
        "accumulated_operating_revenue_yoy": -1.2685736838348596, 
        "accumulated_operating_revenue": 1175758, 
        "long_term_average": 173054, 
        "date": "2014-07-31", 
        "operating_revenue": 236564, 
        "short_term_average": 175242
    }, 
    {
        "accumulated_operating_revenue_yoy": 3.950977518441759, 
        "accumulated_operating_revenue": 1407911, 
        "long_term_average": 178772, 
        "date": "2014-08-31", 
        "operating_revenue": 232153, 
        "short_term_average": 203808
    }, 
    {
        "accumulated_operating_revenue_yoy": 2.3709047532938046, 
        "accumulated_operating_revenue": 1613432, 
        "long_term_average": 177427, 
        "date": "2014-09-30", 
        "operating_revenue": 205521, 
        "short_term_average": 224746
    }, 
    {
        "accumulated_operating_revenue_yoy": 5.671453094355232, 
        "accumulated_operating_revenue": 1857217, 
        "long_term_average": 182620, 
        "date": "2014-10-31", 
        "operating_revenue": 243785, 
        "short_term_average": 227153
    }, 
    {
        "accumulated_operating_revenue_yoy": 4.2739756923975945, 
        "accumulated_operating_revenue": 2034208, 
        "long_term_average": 181261, 
        "date": "2014-11-30", 
        "operating_revenue": 176991, 
        "short_term_average": 208765
    }, 
    {
        "accumulated_operating_revenue_yoy": 12.897643230922066, 
        "accumulated_operating_revenue": 2361550, 
        "long_term_average": 196795, 
        "date": "2014-12-31", 
        "operating_revenue": 327342, 
        "short_term_average": 249372
    }, 
    {
        "accumulated_operating_revenue_yoy": 68.14434892886095, 
        "accumulated_operating_revenue": 209486, 
        "long_term_average": 203870, 
        "date": "2015-01-31", 
        "operating_revenue": 209486, 
        "short_term_average": 237939
    }, 
    {
        "accumulated_operating_revenue_yoy": 31.98608259584943, 
        "accumulated_operating_revenue": 374789, 
        "long_term_average": 204364, 
        "date": "2015-02-28", 
        "operating_revenue": 165303, 
        "short_term_average": 234043
    }, 
    {
        "accumulated_operating_revenue_yoy": 14.646665154264973, 
        "accumulated_operating_revenue": 566006, 
        "long_term_average": 202821, 
        "date": "2015-03-31", 
        "operating_revenue": 191217, 
        "short_term_average": 188668
    }, 
    {
        "accumulated_operating_revenue_yoy": 12.4981731640491, 
        "accumulated_operating_revenue": 731273, 
        "long_term_average": 203566, 
        "date": "2015-04-30", 
        "operating_revenue": 165267, 
        "short_term_average": 173929
    }, 
    {
        "accumulated_operating_revenue_yoy": 17.101220735555007, 
        "accumulated_operating_revenue": 932696, 
        "long_term_average": 208146, 
        "date": "2015-05-31", 
        "operating_revenue": 201423, 
        "short_term_average": 185969
    }, 
    {
        "accumulated_operating_revenue_yoy": 28.248263936950192, 
        "accumulated_operating_revenue": 1204500, 
        "long_term_average": 218904, 
        "date": "2015-06-30", 
        "operating_revenue": 271804, 
        "short_term_average": 212831
    }, 
    {
        "accumulated_operating_revenue_yoy": 16.21515652030435, 
        "accumulated_operating_revenue": 1366409, 
        "long_term_average": 212683, 
        "date": "2015-07-31", 
        "operating_revenue": 161909, 
        "short_term_average": 211712
    }, 
    {
        "accumulated_operating_revenue_yoy": 6.8173343343435775, 
        "accumulated_operating_revenue": 1503893, 
        "long_term_average": 204794, 
        "date": "2015-08-31", 
        "operating_revenue": 137484, 
        "short_term_average": 190399
    }
]