[
    {
        "date": "2012-01-31", 
        "operating_revenue": 70289, 
        "accumulated_operating_revenue": 70289, 
        "long_term_average": 70289, 
        "short_term_average": 70289
    }, 
    {
        "date": "2012-02-29", 
        "operating_revenue": 106878, 
        "accumulated_operating_revenue": 177167, 
        "long_term_average": 88583, 
        "short_term_average": 88583
    }, 
    {
        "date": "2012-03-31", 
        "operating_revenue": 122692, 
        "accumulated_operating_revenue": 299859, 
        "long_term_average": 99953, 
        "short_term_average": 99953
    }, 
    {
        "date": "2012-04-30", 
        "operating_revenue": 109389, 
        "accumulated_operating_revenue": 409248, 
        "long_term_average": 102312, 
        "short_term_average": 112986
    }, 
    {
        "date": "2012-05-31", 
        "operating_revenue": 99182, 
        "accumulated_operating_revenue": 508430, 
        "long_term_average": 101686, 
        "short_term_average": 110421
    }, 
    {
        "date": "2012-06-30", 
        "operating_revenue": 80906, 
        "accumulated_operating_revenue": 589336, 
        "long_term_average": 98222, 
        "short_term_average": 96492
    }, 
    {
        "date": "2012-07-31", 
        "operating_revenue": 78506, 
        "accumulated_operating_revenue": 667842, 
        "long_term_average": 95406, 
        "short_term_average": 86198
    }, 
    {
        "date": "2012-08-31", 
        "operating_revenue": 94273, 
        "accumulated_operating_revenue": 762115, 
        "long_term_average": 95264, 
        "short_term_average": 84561
    }, 
    {
        "date": "2012-09-30", 
        "operating_revenue": 88949, 
        "accumulated_operating_revenue": 851064, 
        "long_term_average": 94562, 
        "short_term_average": 87242
    }, 
    {
        "date": "2012-10-31", 
        "operating_revenue": 95915, 
        "accumulated_operating_revenue": 946979, 
        "long_term_average": 94697, 
        "short_term_average": 93045
    }, 
    {
        "date": "2012-11-30", 
        "operating_revenue": 112924, 
        "accumulated_operating_revenue": 1059903, 
        "long_term_average": 96354, 
        "short_term_average": 99262
    }, 
    {
        "date": "2012-12-31", 
        "operating_revenue": 71512, 
        "accumulated_operating_revenue": 1131415, 
        "long_term_average": 94284, 
        "short_term_average": 93450
    }, 
    {
        "accumulated_operating_revenue_yoy": 128.9006814722076, 
        "accumulated_operating_revenue": 160892, 
        "long_term_average": 101834, 
        "date": "2013-01-31", 
        "operating_revenue": 160892, 
        "short_term_average": 115109
    }, 
    {
        "accumulated_operating_revenue_yoy": 49.24167593287689, 
        "accumulated_operating_revenue": 264407, 
        "long_term_average": 101554, 
        "date": "2013-02-28", 
        "operating_revenue": 103515, 
        "short_term_average": 111973
    }, 
    {
        "accumulated_operating_revenue_yoy": 28.105876428588104, 
        "accumulated_operating_revenue": 384137, 
        "long_term_average": 101307, 
        "date": "2013-03-31", 
        "operating_revenue": 119730, 
        "short_term_average": 128045
    }, 
    {
        "accumulated_operating_revenue_yoy": 22.69479630932833, 
        "accumulated_operating_revenue": 502126, 
        "long_term_average": 102024, 
        "date": "2013-04-30", 
        "operating_revenue": 117989, 
        "short_term_average": 113744
    }, 
    {
        "accumulated_operating_revenue_yoy": 16.751371870267292, 
        "accumulated_operating_revenue": 593599, 
        "long_term_average": 101382, 
        "date": "2013-05-31", 
        "operating_revenue": 91473, 
        "short_term_average": 109730
    }, 
    {
        "accumulated_operating_revenue_yoy": 10.442090759770316, 
        "accumulated_operating_revenue": 650875, 
        "long_term_average": 99412, 
        "date": "2013-06-30", 
        "operating_revenue": 57276, 
        "short_term_average": 88912
    }, 
    {
        "accumulated_operating_revenue_yoy": 8.34344051437316, 
        "accumulated_operating_revenue": 723563, 
        "long_term_average": 98928, 
        "date": "2013-07-31", 
        "operating_revenue": 72688, 
        "short_term_average": 73812
    }, 
    {
        "accumulated_operating_revenue_yoy": 5.666074017700741, 
        "accumulated_operating_revenue": 805297, 
        "long_term_average": 97883, 
        "date": "2013-08-31", 
        "operating_revenue": 81734, 
        "short_term_average": 70566
    }, 
    {
        "accumulated_operating_revenue_yoy": 6.550271189945763, 
        "accumulated_operating_revenue": 906811, 
        "long_term_average": 98930, 
        "date": "2013-09-30", 
        "operating_revenue": 101514, 
        "short_term_average": 85312
    }, 
    {
        "accumulated_operating_revenue_yoy": 9.66800742149509, 
        "accumulated_operating_revenue": 1038533, 
        "long_term_average": 101914, 
        "date": "2013-10-31", 
        "operating_revenue": 131722, 
        "short_term_average": 104990
    }, 
    {
        "accumulated_operating_revenue_yoy": 5.852044951283278, 
        "accumulated_operating_revenue": 1121929, 
        "long_term_average": 99453, 
        "date": "2013-11-30", 
        "operating_revenue": 83396, 
        "short_term_average": 105544
    }, 
    {
        "accumulated_operating_revenue_yoy": 8.007406654499013, 
        "accumulated_operating_revenue": 1222012, 
        "long_term_average": 101834, 
        "date": "2013-12-31", 
        "operating_revenue": 100083, 
        "short_term_average": 105067
    }, 
    {
        "accumulated_operating_revenue_yoy": -17.211545633095493, 
        "accumulated_operating_revenue": 133200, 
        "long_term_average": 99526, 
        "date": "2014-01-31", 
        "operating_revenue": 133200, 
        "short_term_average": 105559
    }, 
    {
        "accumulated_operating_revenue_yoy": -16.97723585230346, 
        "accumulated_operating_revenue": 219518, 
        "long_term_average": 98093, 
        "date": "2014-02-28", 
        "operating_revenue": 86318, 
        "short_term_average": 106533
    }, 
    {
        "accumulated_operating_revenue_yoy": -7.439533291507977, 
        "accumulated_operating_revenue": 355559, 
        "long_term_average": 99452, 
        "date": "2014-03-31", 
        "operating_revenue": 136041, 
        "short_term_average": 118519
    }, 
    {
        "accumulated_operating_revenue_yoy": -7.415668577209704, 
        "accumulated_operating_revenue": 464890, 
        "long_term_average": 98731, 
        "date": "2014-04-30", 
        "operating_revenue": 109331, 
        "short_term_average": 110563
    }, 
    {
        "accumulated_operating_revenue_yoy": -5.780838579579817, 
        "accumulated_operating_revenue": 559284, 
        "long_term_average": 98974, 
        "date": "2014-05-31", 
        "operating_revenue": 94394, 
        "short_term_average": 113255
    }, 
    {
        "accumulated_operating_revenue_yoy": -0.6041098521221432, 
        "accumulated_operating_revenue": 646943, 
        "long_term_average": 101506, 
        "date": "2014-06-30", 
        "operating_revenue": 87659, 
        "short_term_average": 97128
    }, 
    {
        "accumulated_operating_revenue_yoy": -3.2750430853982304, 
        "accumulated_operating_revenue": 699866, 
        "long_term_average": 99859, 
        "date": "2014-07-31", 
        "operating_revenue": 52923, 
        "short_term_average": 78325
    }, 
    {
        "accumulated_operating_revenue_yoy": -7.076767950209674, 
        "accumulated_operating_revenue": 748308, 
        "long_term_average": 97085, 
        "date": "2014-08-31", 
        "operating_revenue": 48442, 
        "short_term_average": 63008
    }, 
    {
        "accumulated_operating_revenue_yoy": -10.02491147548938, 
        "accumulated_operating_revenue": 815904, 
        "long_term_average": 94258, 
        "date": "2014-09-30", 
        "operating_revenue": 67596, 
        "short_term_average": 56320
    }, 
    {
        "accumulated_operating_revenue_yoy": -14.702951182100135, 
        "accumulated_operating_revenue": 885838, 
        "long_term_average": 89109, 
        "date": "2014-10-31", 
        "operating_revenue": 69934, 
        "short_term_average": 61990
    }, 
    {
        "accumulated_operating_revenue_yoy": -11.933910256353121, 
        "accumulated_operating_revenue": 988039, 
        "long_term_average": 90676, 
        "date": "2014-11-30", 
        "operating_revenue": 102201, 
        "short_term_average": 79910
    }, 
    {
        "accumulated_operating_revenue_yoy": -10.250554004379662, 
        "accumulated_operating_revenue": 1096749, 
        "long_term_average": 91395, 
        "date": "2014-12-31", 
        "operating_revenue": 108710, 
        "short_term_average": 93615
    }, 
    {
        "accumulated_operating_revenue_yoy": -23.632882882882882, 
        "accumulated_operating_revenue": 101721, 
        "long_term_average": 88772, 
        "date": "2015-01-31", 
        "operating_revenue": 101721, 
        "short_term_average": 104210
    }, 
    {
        "accumulated_operating_revenue_yoy": -11.762133401361163, 
        "accumulated_operating_revenue": 193698, 
        "long_term_average": 89244, 
        "date": "2015-02-28", 
        "operating_revenue": 91977, 
        "short_term_average": 100802
    }, 
    {
        "accumulated_operating_revenue_yoy": -10.569835104722424, 
        "accumulated_operating_revenue": 317977, 
        "long_term_average": 88263, 
        "date": "2015-03-31", 
        "operating_revenue": 124279, 
        "short_term_average": 105992
    }, 
    {
        "accumulated_operating_revenue_yoy": -8.36886145109596, 
        "accumulated_operating_revenue": 425984, 
        "long_term_average": 88153, 
        "date": "2015-04-30", 
        "operating_revenue": 108007, 
        "short_term_average": 108087
    }, 
    {
        "accumulated_operating_revenue_yoy": -1.8239391793793494, 
        "accumulated_operating_revenue": 549083, 
        "long_term_average": 90545, 
        "date": "2015-05-31", 
        "operating_revenue": 123099, 
        "short_term_average": 118461
    }, 
    {
        "accumulated_operating_revenue_yoy": 3.970828960202058, 
        "accumulated_operating_revenue": 672632, 
        "long_term_average": 93536, 
        "date": "2015-06-30", 
        "operating_revenue": 123549, 
        "short_term_average": 118218
    }, 
    {
        "accumulated_operating_revenue_yoy": 8.2660109220908, 
        "accumulated_operating_revenue": 757717, 
        "long_term_average": 96216, 
        "date": "2015-07-31", 
        "operating_revenue": 85085, 
        "short_term_average": 110577
    }, 
    {
        "accumulated_operating_revenue_yoy": 13.193230594888735, 
        "accumulated_operating_revenue": 847034, 
        "long_term_average": 99622, 
        "date": "2015-08-31", 
        "operating_revenue": 89317, 
        "short_term_average": 99317
    }, 
    {
        "accumulated_operating_revenue_yoy": 16.172858571596656, 
        "accumulated_operating_revenue": 947859, 
        "long_term_average": 102392, 
        "date": "2015-09-30", 
        "operating_revenue": 100825, 
        "short_term_average": 91742
    }, 
    {
        "accumulated_operating_revenue_yoy": 17.328563461942252, 
        "accumulated_operating_revenue": 1039341, 
        "long_term_average": 104187, 
        "date": "2015-10-31", 
        "operating_revenue": 91482, 
        "short_term_average": 93874
    }
]