[
    {
        "date": "2012-01-31", 
        "operating_revenue": 61232, 
        "accumulated_operating_revenue": 61232, 
        "long_term_average": 61232, 
        "short_term_average": 61232
    }, 
    {
        "date": "2012-02-29", 
        "operating_revenue": 97558, 
        "accumulated_operating_revenue": 158790, 
        "long_term_average": 79395, 
        "short_term_average": 79395
    }, 
    {
        "date": "2012-03-31", 
        "operating_revenue": 84695, 
        "accumulated_operating_revenue": 243485, 
        "long_term_average": 81161, 
        "short_term_average": 81161
    }, 
    {
        "date": "2012-04-30", 
        "operating_revenue": 90028, 
        "accumulated_operating_revenue": 333513, 
        "long_term_average": 83378, 
        "short_term_average": 90760
    }, 
    {
        "date": "2012-05-31", 
        "operating_revenue": 107069, 
        "accumulated_operating_revenue": 440582, 
        "long_term_average": 88116, 
        "short_term_average": 93930
    }, 
    {
        "date": "2012-06-30", 
        "operating_revenue": 100643, 
        "accumulated_operating_revenue": 541225, 
        "long_term_average": 90204, 
        "short_term_average": 99246
    }, 
    {
        "date": "2012-07-31", 
        "operating_revenue": 100609, 
        "accumulated_operating_revenue": 641834, 
        "long_term_average": 91690, 
        "short_term_average": 102773
    }, 
    {
        "date": "2012-08-31", 
        "operating_revenue": 69850, 
        "accumulated_operating_revenue": 711684, 
        "long_term_average": 88960, 
        "short_term_average": 90367
    }, 
    {
        "date": "2012-09-30", 
        "operating_revenue": 61763, 
        "accumulated_operating_revenue": 773447, 
        "long_term_average": 85938, 
        "short_term_average": 77407
    }, 
    {
        "date": "2012-10-31", 
        "operating_revenue": 78791, 
        "accumulated_operating_revenue": 852238, 
        "long_term_average": 85223, 
        "short_term_average": 70134
    }, 
    {
        "date": "2012-11-30", 
        "operating_revenue": 88260, 
        "accumulated_operating_revenue": 940498, 
        "long_term_average": 85499, 
        "short_term_average": 76271
    }, 
    {
        "date": "2012-12-31", 
        "operating_revenue": 60827, 
        "accumulated_operating_revenue": 1001325, 
        "long_term_average": 83443, 
        "short_term_average": 75959
    }, 
    {
        "accumulated_operating_revenue_yoy": 25.315194669453877, 
        "accumulated_operating_revenue": 76733, 
        "long_term_average": 84735, 
        "date": "2013-01-31", 
        "operating_revenue": 76733, 
        "short_term_average": 75273
    }, 
    {
        "accumulated_operating_revenue_yoy": -8.275080294728888, 
        "accumulated_operating_revenue": 145650, 
        "long_term_average": 82348, 
        "date": "2013-02-28", 
        "operating_revenue": 68917, 
        "short_term_average": 68825
    }, 
    {
        "accumulated_operating_revenue_yoy": -11.330472103004292, 
        "accumulated_operating_revenue": 215897, 
        "long_term_average": 81144, 
        "date": "2013-03-31", 
        "operating_revenue": 70247, 
        "short_term_average": 71965
    }, 
    {
        "accumulated_operating_revenue_yoy": -9.862284228800675, 
        "accumulated_operating_revenue": 300621, 
        "long_term_average": 80702, 
        "date": "2013-04-30", 
        "operating_revenue": 84724, 
        "short_term_average": 74629
    }, 
    {
        "accumulated_operating_revenue_yoy": -15.538083716538578, 
        "accumulated_operating_revenue": 372124, 
        "long_term_average": 77738, 
        "date": "2013-05-31", 
        "operating_revenue": 71503, 
        "short_term_average": 75491
    }, 
    {
        "accumulated_operating_revenue_yoy": -19.214744329992147, 
        "accumulated_operating_revenue": 437230, 
        "long_term_average": 74777, 
        "date": "2013-06-30", 
        "operating_revenue": 65106, 
        "short_term_average": 73777
    }, 
    {
        "accumulated_operating_revenue_yoy": -16.08297472555209, 
        "accumulated_operating_revenue": 538608, 
        "long_term_average": 74841, 
        "date": "2013-07-31", 
        "operating_revenue": 101378, 
        "short_term_average": 79329
    }, 
    {
        "accumulated_operating_revenue_yoy": -10.016945723101827, 
        "accumulated_operating_revenue": 640395, 
        "long_term_average": 77503, 
        "date": "2013-08-31", 
        "operating_revenue": 101787, 
        "short_term_average": 89423
    }, 
    {
        "accumulated_operating_revenue_yoy": -7.1443809336644915, 
        "accumulated_operating_revenue": 718189, 
        "long_term_average": 78838, 
        "date": "2013-09-30", 
        "operating_revenue": 77794, 
        "short_term_average": 93653
    }, 
    {
        "accumulated_operating_revenue_yoy": -6.598860881584721, 
        "accumulated_operating_revenue": 796000, 
        "long_term_average": 78757, 
        "date": "2013-10-31", 
        "operating_revenue": 77811, 
        "short_term_average": 85797
    }, 
    {
        "accumulated_operating_revenue_yoy": -8.229895225720842, 
        "accumulated_operating_revenue": 863096, 
        "long_term_average": 76993, 
        "date": "2013-11-30", 
        "operating_revenue": 67096, 
        "short_term_average": 74233
    }, 
    {
        "accumulated_operating_revenue_yoy": -4.688887224427633, 
        "accumulated_operating_revenue": 954374, 
        "long_term_average": 79531, 
        "date": "2013-12-31", 
        "operating_revenue": 91278, 
        "short_term_average": 78728
    }, 
    {
        "accumulated_operating_revenue_yoy": -3.985247546687866, 
        "accumulated_operating_revenue": 73675, 
        "long_term_average": 79276, 
        "date": "2014-01-31", 
        "operating_revenue": 73675, 
        "short_term_average": 77349
    }, 
    {
        "accumulated_operating_revenue_yoy": -16.551321661517335, 
        "accumulated_operating_revenue": 121543, 
        "long_term_average": 77522, 
        "date": "2014-02-28", 
        "operating_revenue": 47868, 
        "short_term_average": 70940
    }, 
    {
        "accumulated_operating_revenue_yoy": -1.3821405577659718, 
        "accumulated_operating_revenue": 212913, 
        "long_term_average": 79282, 
        "date": "2014-03-31", 
        "operating_revenue": 91370, 
        "short_term_average": 70971
    }, 
    {
        "accumulated_operating_revenue_yoy": -0.18827693341449864, 
        "accumulated_operating_revenue": 300055, 
        "long_term_average": 79484, 
        "date": "2014-04-30", 
        "operating_revenue": 87142, 
        "short_term_average": 75460
    }, 
    {
        "accumulated_operating_revenue_yoy": 4.602498092033838, 
        "accumulated_operating_revenue": 389251, 
        "long_term_average": 80958, 
        "date": "2014-05-31", 
        "operating_revenue": 89196, 
        "short_term_average": 89236
    }, 
    {
        "accumulated_operating_revenue_yoy": 7.227317430185486, 
        "accumulated_operating_revenue": 468830, 
        "long_term_average": 82164, 
        "date": "2014-06-30", 
        "operating_revenue": 79579, 
        "short_term_average": 85305
    }, 
    {
        "accumulated_operating_revenue_yoy": 7.512513739120102, 
        "accumulated_operating_revenue": 579071, 
        "long_term_average": 82903, 
        "date": "2014-07-31", 
        "operating_revenue": 110241, 
        "short_term_average": 93005
    }, 
    {
        "accumulated_operating_revenue_yoy": 1.7707820954254796, 
        "accumulated_operating_revenue": 651735, 
        "long_term_average": 80476, 
        "date": "2014-08-31", 
        "operating_revenue": 72664, 
        "short_term_average": 87494
    }, 
    {
        "accumulated_operating_revenue_yoy": 2.8628954216786946, 
        "accumulated_operating_revenue": 738750, 
        "long_term_average": 81244, 
        "date": "2014-09-30", 
        "operating_revenue": 87015, 
        "short_term_average": 89973
    }, 
    {
        "accumulated_operating_revenue_yoy": 2.7432160804020103, 
        "accumulated_operating_revenue": 817836, 
        "long_term_average": 81350, 
        "date": "2014-10-31", 
        "operating_revenue": 79086, 
        "short_term_average": 79588
    }, 
    {
        "accumulated_operating_revenue_yoy": 3.1761240928008005, 
        "accumulated_operating_revenue": 890509, 
        "long_term_average": 81815, 
        "date": "2014-11-30", 
        "operating_revenue": 72673, 
        "short_term_average": 79591
    }, 
    {
        "accumulated_operating_revenue_yoy": 2.410061464373505, 
        "accumulated_operating_revenue": 977375, 
        "long_term_average": 81447, 
        "date": "2014-12-31", 
        "operating_revenue": 86866, 
        "short_term_average": 79541
    }, 
    {
        "accumulated_operating_revenue_yoy": 14.035968781812011, 
        "accumulated_operating_revenue": 84016, 
        "long_term_average": 82309, 
        "date": "2015-01-31", 
        "operating_revenue": 84016, 
        "short_term_average": 81185
    }, 
    {
        "accumulated_operating_revenue_yoy": 20.781945484314193, 
        "accumulated_operating_revenue": 146802, 
        "long_term_average": 83552, 
        "date": "2015-02-28", 
        "operating_revenue": 62786, 
        "short_term_average": 77889
    }, 
    {
        "accumulated_operating_revenue_yoy": 17.02103676149413, 
        "accumulated_operating_revenue": 249153, 
        "long_term_average": 84467, 
        "date": "2015-03-31", 
        "operating_revenue": 102351, 
        "short_term_average": 83051
    }, 
    {
        "accumulated_operating_revenue_yoy": 11.297595440835845, 
        "accumulated_operating_revenue": 333954, 
        "long_term_average": 84272, 
        "date": "2015-04-30", 
        "operating_revenue": 84801, 
        "short_term_average": 83312
    }, 
    {
        "accumulated_operating_revenue_yoy": 6.927149833911795, 
        "accumulated_operating_revenue": 416215, 
        "long_term_average": 83694, 
        "date": "2015-05-31", 
        "operating_revenue": 82261, 
        "short_term_average": 89804
    }, 
    {
        "accumulated_operating_revenue_yoy": 9.36736130367084, 
        "accumulated_operating_revenue": 512747, 
        "long_term_average": 85107, 
        "date": "2015-06-30", 
        "operating_revenue": 96532, 
        "short_term_average": 87864
    }, 
    {
        "accumulated_operating_revenue_yoy": 4.7583111570083805, 
        "accumulated_operating_revenue": 606625, 
        "long_term_average": 83744, 
        "date": "2015-07-31", 
        "operating_revenue": 93878, 
        "short_term_average": 90890
    }, 
    {
        "accumulated_operating_revenue_yoy": 9.895739832907546, 
        "accumulated_operating_revenue": 716229, 
        "long_term_average": 86822, 
        "date": "2015-08-31", 
        "operating_revenue": 109604, 
        "short_term_average": 100004
    }, 
    {
        "accumulated_operating_revenue_yoy": 8.025989847715737, 
        "accumulated_operating_revenue": 798042, 
        "long_term_average": 86388, 
        "date": "2015-09-30", 
        "operating_revenue": 81813, 
        "short_term_average": 95098
    }, 
    {
        "accumulated_operating_revenue_yoy": 8.338224289466348, 
        "accumulated_operating_revenue": 886029, 
        "long_term_average": 87130, 
        "date": "2015-10-31", 
        "operating_revenue": 87987, 
        "short_term_average": 93134
    }
]