[
    {
        "date": "2011-09-30", 
        "operating_revenue": 239872, 
        "accumulated_operating_revenue": 239872, 
        "long_term_average": 239872, 
        "short_term_average": 239872
    }, 
    {
        "date": "2011-10-31", 
        "operating_revenue": 201703, 
        "accumulated_operating_revenue": 441575, 
        "long_term_average": 220787, 
        "short_term_average": 220787
    }, 
    {
        "date": "2011-11-30", 
        "operating_revenue": 198692, 
        "accumulated_operating_revenue": 640267, 
        "long_term_average": 213422, 
        "short_term_average": 213422
    }, 
    {
        "date": "2011-12-31", 
        "operating_revenue": 191210, 
        "accumulated_operating_revenue": 831477, 
        "long_term_average": 207869, 
        "short_term_average": 197201
    }, 
    {
        "date": "2012-01-31", 
        "operating_revenue": 188828, 
        "accumulated_operating_revenue": 188828, 
        "long_term_average": 204061, 
        "short_term_average": 192910
    }, 
    {
        "date": "2012-02-29", 
        "operating_revenue": 214072, 
        "accumulated_operating_revenue": 402900, 
        "long_term_average": 205729, 
        "short_term_average": 198036
    }, 
    {
        "date": "2012-03-31", 
        "operating_revenue": 276851, 
        "accumulated_operating_revenue": 679751, 
        "long_term_average": 215889, 
        "short_term_average": 226583
    }, 
    {
        "date": "2012-04-30", 
        "operating_revenue": 230718, 
        "accumulated_operating_revenue": 910469, 
        "long_term_average": 217743, 
        "short_term_average": 240547
    }, 
    {
        "date": "2012-05-31", 
        "operating_revenue": 213400, 
        "accumulated_operating_revenue": 1123869, 
        "long_term_average": 217260, 
        "short_term_average": 240323
    }, 
    {
        "date": "2012-06-30", 
        "operating_revenue": 242997, 
        "accumulated_operating_revenue": 1366866, 
        "long_term_average": 219834, 
        "short_term_average": 229038
    }, 
    {
        "date": "2012-07-31", 
        "operating_revenue": 232344, 
        "accumulated_operating_revenue": 1599210, 
        "long_term_average": 220971, 
        "short_term_average": 229580
    }, 
    {
        "date": "2012-08-31", 
        "operating_revenue": 214443, 
        "accumulated_operating_revenue": 1813653, 
        "long_term_average": 220427, 
        "short_term_average": 229928
    }, 
    {
        "accumulated_operating_revenue_yoy": 751.0639007470651, 
        "accumulated_operating_revenue": 2041464, 
        "long_term_average": 219422, 
        "date": "2012-09-30", 
        "operating_revenue": 227811, 
        "short_term_average": 224866
    }, 
    {
        "accumulated_operating_revenue_yoy": 409.9314952159882, 
        "accumulated_operating_revenue": 2251730, 
        "long_term_average": 220136, 
        "date": "2012-10-31", 
        "operating_revenue": 210266, 
        "short_term_average": 217506
    }, 
    {
        "accumulated_operating_revenue_yoy": 283.03176643494044, 
        "accumulated_operating_revenue": 2452426, 
        "long_term_average": 220303, 
        "date": "2012-11-30", 
        "operating_revenue": 200696, 
        "short_term_average": 212924
    }, 
    {
        "accumulated_operating_revenue_yoy": 214.85044084201968, 
        "accumulated_operating_revenue": 2617909, 
        "long_term_average": 218159, 
        "date": "2012-12-31", 
        "operating_revenue": 165483, 
        "short_term_average": 192148
    }, 
    {
        "accumulated_operating_revenue_yoy": -3.4470523439320435, 
        "accumulated_operating_revenue": 182319, 
        "long_term_average": 217616, 
        "date": "2013-01-31", 
        "operating_revenue": 182319, 
        "short_term_average": 182832
    }, 
    {
        "accumulated_operating_revenue_yoy": -15.043683296103252, 
        "accumulated_operating_revenue": 342289, 
        "long_term_average": 213108, 
        "date": "2013-02-28", 
        "operating_revenue": 159970, 
        "short_term_average": 169257
    }, 
    {
        "accumulated_operating_revenue_yoy": -23.846673267122814, 
        "accumulated_operating_revenue": 517653, 
        "long_term_average": 204650, 
        "date": "2013-03-31", 
        "operating_revenue": 175364, 
        "short_term_average": 172551
    }, 
    {
        "accumulated_operating_revenue_yoy": -23.79158433730308, 
        "accumulated_operating_revenue": 693854, 
        "long_term_average": 200107, 
        "date": "2013-04-30", 
        "operating_revenue": 176201, 
        "short_term_average": 170511
    }, 
    {
        "accumulated_operating_revenue_yoy": -21.060283716340606, 
        "accumulated_operating_revenue": 887179, 
        "long_term_average": 198434, 
        "date": "2013-05-31", 
        "operating_revenue": 193325, 
        "short_term_average": 181630
    }, 
    {
        "accumulated_operating_revenue_yoy": -21.789334141020408, 
        "accumulated_operating_revenue": 1069035, 
        "long_term_average": 193339, 
        "date": "2013-06-30", 
        "operating_revenue": 181856, 
        "short_term_average": 183794
    }, 
    {
        "accumulated_operating_revenue_yoy": -19.24362654060442, 
        "accumulated_operating_revenue": 1291464, 
        "long_term_average": 192513, 
        "date": "2013-07-31", 
        "operating_revenue": 222429, 
        "short_term_average": 199203
    }, 
    {
        "accumulated_operating_revenue_yoy": -16.564965845175454, 
        "accumulated_operating_revenue": 1513222, 
        "long_term_average": 193123, 
        "date": "2013-08-31", 
        "operating_revenue": 221758, 
        "short_term_average": 208681
    }, 
    {
        "accumulated_operating_revenue_yoy": -14.451442690147855, 
        "accumulated_operating_revenue": 1746443, 
        "long_term_average": 193574, 
        "date": "2013-09-30", 
        "operating_revenue": 233221, 
        "short_term_average": 225802
    }, 
    {
        "accumulated_operating_revenue_yoy": -13.426965044654555, 
        "accumulated_operating_revenue": 1949391, 
        "long_term_average": 192964, 
        "date": "2013-10-31", 
        "operating_revenue": 202948, 
        "short_term_average": 219309
    }, 
    {
        "accumulated_operating_revenue_yoy": -12.837777775965515, 
        "accumulated_operating_revenue": 2137589, 
        "long_term_average": 191922, 
        "date": "2013-11-30", 
        "operating_revenue": 188198, 
        "short_term_average": 208122
    }, 
    {
        "accumulated_operating_revenue_yoy": -10.498837048957775, 
        "accumulated_operating_revenue": 2343059, 
        "long_term_average": 195254, 
        "date": "2013-12-31", 
        "operating_revenue": 205470, 
        "short_term_average": 198872
    }, 
    {
        "accumulated_operating_revenue_yoy": 2.56912334973316, 
        "accumulated_operating_revenue": 187003, 
        "long_term_average": 195645, 
        "date": "2014-01-31", 
        "operating_revenue": 187003, 
        "short_term_average": 193557
    }, 
    {
        "accumulated_operating_revenue_yoy": 3.1227997394014997, 
        "accumulated_operating_revenue": 352978, 
        "long_term_average": 196145, 
        "date": "2014-02-28", 
        "operating_revenue": 165975, 
        "short_term_average": 186149
    }, 
    {
        "accumulated_operating_revenue_yoy": 3.401699594129658, 
        "accumulated_operating_revenue": 535262, 
        "long_term_average": 196722, 
        "date": "2014-03-31", 
        "operating_revenue": 182284, 
        "short_term_average": 178420
    }, 
    {
        "accumulated_operating_revenue_yoy": 4.762817537983495, 
        "accumulated_operating_revenue": 726901, 
        "long_term_average": 198008, 
        "date": "2014-04-30", 
        "operating_revenue": 191639, 
        "short_term_average": 179966
    }, 
    {
        "accumulated_operating_revenue_yoy": 2.502426229656022, 
        "accumulated_operating_revenue": 909380, 
        "long_term_average": 197105, 
        "date": "2014-05-31", 
        "operating_revenue": 182479, 
        "short_term_average": 185467
    }, 
    {
        "accumulated_operating_revenue_yoy": 1.4673981675062089, 
        "accumulated_operating_revenue": 1084722, 
        "long_term_average": 196562, 
        "date": "2014-06-30", 
        "operating_revenue": 175342, 
        "short_term_average": 183153
    }, 
    {
        "accumulated_operating_revenue_yoy": -2.865894829433883, 
        "accumulated_operating_revenue": 1254452, 
        "long_term_average": 192170, 
        "date": "2014-07-31", 
        "operating_revenue": 169730, 
        "short_term_average": 175850
    }, 
    {
        "accumulated_operating_revenue_yoy": -6.344805983523898, 
        "accumulated_operating_revenue": 1417211, 
        "long_term_average": 187254, 
        "date": "2014-08-31", 
        "operating_revenue": 162759, 
        "short_term_average": 169277
    }, 
    {
        "accumulated_operating_revenue_yoy": -9.273992910160823, 
        "accumulated_operating_revenue": 1584478, 
        "long_term_average": 181757, 
        "date": "2014-09-30", 
        "operating_revenue": 167267, 
        "short_term_average": 166585
    }, 
    {
        "accumulated_operating_revenue_yoy": -9.997070880085115, 
        "accumulated_operating_revenue": 1754509, 
        "long_term_average": 179014, 
        "date": "2014-10-31", 
        "operating_revenue": 170031, 
        "short_term_average": 166685
    }, 
    {
        "accumulated_operating_revenue_yoy": -9.400778166429562, 
        "accumulated_operating_revenue": 1936639, 
        "long_term_average": 178509, 
        "date": "2014-11-30", 
        "operating_revenue": 182130, 
        "short_term_average": 173142
    }, 
    {
        "accumulated_operating_revenue_yoy": -9.158284106375469, 
        "accumulated_operating_revenue": 2128475, 
        "long_term_average": 177372, 
        "date": "2014-12-31", 
        "operating_revenue": 191836, 
        "short_term_average": 181332
    }, 
    {
        "accumulated_operating_revenue_yoy": -9.715886910905173, 
        "accumulated_operating_revenue": 168834, 
        "long_term_average": 175858, 
        "date": "2015-01-31", 
        "operating_revenue": 168834, 
        "short_term_average": 180933
    }, 
    {
        "accumulated_operating_revenue_yoy": -6.7043838426190865, 
        "accumulated_operating_revenue": 329313, 
        "long_term_average": 175400, 
        "date": "2015-02-28", 
        "operating_revenue": 160479, 
        "short_term_average": 173716
    }, 
    {
        "accumulated_operating_revenue_yoy": 2.830202779199719, 
        "accumulated_operating_revenue": 550411, 
        "long_term_average": 178635, 
        "date": "2015-03-31", 
        "operating_revenue": 221098, 
        "short_term_average": 183470
    }, 
    {
        "accumulated_operating_revenue_yoy": 1.367448937338097, 
        "accumulated_operating_revenue": 736841, 
        "long_term_average": 178201, 
        "date": "2015-04-30", 
        "operating_revenue": 186430, 
        "short_term_average": 189335
    }, 
    {
        "accumulated_operating_revenue_yoy": 7.7238338208449715, 
        "accumulated_operating_revenue": 979619, 
        "long_term_average": 183226, 
        "date": "2015-05-31", 
        "operating_revenue": 242778, 
        "short_term_average": 216768
    }, 
    {
        "accumulated_operating_revenue_yoy": 10.91155153117573, 
        "accumulated_operating_revenue": 1203082, 
        "long_term_average": 187236, 
        "date": "2015-06-30", 
        "operating_revenue": 223463, 
        "short_term_average": 217557
    }, 
    {
        "accumulated_operating_revenue_yoy": 15.887176233128091, 
        "accumulated_operating_revenue": 1453749, 
        "long_term_average": 193981, 
        "date": "2015-07-31", 
        "operating_revenue": 250667, 
        "short_term_average": 238969
    }, 
    {
        "accumulated_operating_revenue_yoy": 20.57752868133256, 
        "accumulated_operating_revenue": 1708838, 
        "long_term_average": 201675, 
        "date": "2015-08-31", 
        "operating_revenue": 255089, 
        "short_term_average": 243073
    }, 
    {
        "accumulated_operating_revenue_yoy": 23.4280311875583, 
        "accumulated_operating_revenue": 1955690, 
        "long_term_average": 208307, 
        "date": "2015-09-30", 
        "operating_revenue": 246852, 
        "short_term_average": 250869
    }
]