[
    {
        "date": "2011-09-30", 
        "operating_revenue": 21627, 
        "accumulated_operating_revenue": 21627, 
        "long_term_average": 21627, 
        "short_term_average": 21627
    }, 
    {
        "date": "2011-10-31", 
        "operating_revenue": 22932, 
        "accumulated_operating_revenue": 44559, 
        "long_term_average": 22279, 
        "short_term_average": 22279
    }, 
    {
        "date": "2011-11-30", 
        "operating_revenue": 22749, 
        "accumulated_operating_revenue": 67308, 
        "long_term_average": 22436, 
        "short_term_average": 22436
    }, 
    {
        "date": "2011-12-31", 
        "operating_revenue": 23419, 
        "accumulated_operating_revenue": 90727, 
        "long_term_average": 22681, 
        "short_term_average": 23033
    }, 
    {
        "date": "2012-01-31", 
        "operating_revenue": 17902, 
        "accumulated_operating_revenue": 17902, 
        "long_term_average": 21725, 
        "short_term_average": 21356
    }, 
    {
        "date": "2012-02-29", 
        "operating_revenue": 25938, 
        "accumulated_operating_revenue": 43840, 
        "long_term_average": 22427, 
        "short_term_average": 22419
    }, 
    {
        "date": "2012-03-31", 
        "operating_revenue": 24510, 
        "accumulated_operating_revenue": 68350, 
        "long_term_average": 22725, 
        "short_term_average": 22783
    }, 
    {
        "date": "2012-04-30", 
        "operating_revenue": 26711, 
        "accumulated_operating_revenue": 95061, 
        "long_term_average": 23223, 
        "short_term_average": 25719
    }, 
    {
        "date": "2012-05-31", 
        "operating_revenue": 25475, 
        "accumulated_operating_revenue": 120536, 
        "long_term_average": 23473, 
        "short_term_average": 25565
    }, 
    {
        "date": "2012-06-30", 
        "operating_revenue": 22536, 
        "accumulated_operating_revenue": 143072, 
        "long_term_average": 23379, 
        "short_term_average": 24907
    }, 
    {
        "date": "2012-07-31", 
        "operating_revenue": 29227, 
        "accumulated_operating_revenue": 172299, 
        "long_term_average": 23911, 
        "short_term_average": 25746
    }, 
    {
        "date": "2012-08-31", 
        "operating_revenue": 29898, 
        "accumulated_operating_revenue": 202197, 
        "long_term_average": 24410, 
        "short_term_average": 27220
    }, 
    {
        "accumulated_operating_revenue_yoy": 971.618809821057, 
        "accumulated_operating_revenue": 231759, 
        "long_term_average": 25071, 
        "date": "2012-09-30", 
        "operating_revenue": 29562, 
        "short_term_average": 29562
    }, 
    {
        "accumulated_operating_revenue_yoy": 485.1881774725645, 
        "accumulated_operating_revenue": 260754, 
        "long_term_average": 25576, 
        "date": "2012-10-31", 
        "operating_revenue": 28995, 
        "short_term_average": 29485
    }, 
    {
        "accumulated_operating_revenue_yoy": 329.97266298211207, 
        "accumulated_operating_revenue": 289406, 
        "long_term_average": 26068, 
        "date": "2012-11-30", 
        "operating_revenue": 28652, 
        "short_term_average": 29069
    }, 
    {
        "accumulated_operating_revenue_yoy": 249.76688306678278, 
        "accumulated_operating_revenue": 317333, 
        "long_term_average": 26444, 
        "date": "2012-12-31", 
        "operating_revenue": 27927, 
        "short_term_average": 28524
    }, 
    {
        "accumulated_operating_revenue_yoy": 56.89867053960451, 
        "accumulated_operating_revenue": 28088, 
        "long_term_average": 27293, 
        "date": "2013-01-31", 
        "operating_revenue": 28088, 
        "short_term_average": 28222
    }, 
    {
        "accumulated_operating_revenue_yoy": 19.317974452554747, 
        "accumulated_operating_revenue": 52309, 
        "long_term_average": 27150, 
        "date": "2013-02-28", 
        "operating_revenue": 24221, 
        "short_term_average": 26745
    }, 
    {
        "accumulated_operating_revenue_yoy": 25.079736649597663, 
        "accumulated_operating_revenue": 85492, 
        "long_term_average": 27872, 
        "date": "2013-03-31", 
        "operating_revenue": 33183, 
        "short_term_average": 28497
    }, 
    {
        "accumulated_operating_revenue_yoy": 17.814876763341434, 
        "accumulated_operating_revenue": 111996, 
        "long_term_average": 27855, 
        "date": "2013-04-30", 
        "operating_revenue": 26504, 
        "short_term_average": 27969
    }, 
    {
        "accumulated_operating_revenue_yoy": 18.57204486626402, 
        "accumulated_operating_revenue": 142922, 
        "long_term_average": 28309, 
        "date": "2013-05-31", 
        "operating_revenue": 30926, 
        "short_term_average": 30204
    }, 
    {
        "accumulated_operating_revenue_yoy": 19.463626705435026, 
        "accumulated_operating_revenue": 170919, 
        "long_term_average": 28765, 
        "date": "2013-06-30", 
        "operating_revenue": 27997, 
        "short_term_average": 28475
    }, 
    {
        "accumulated_operating_revenue_yoy": 14.516044782616266, 
        "accumulated_operating_revenue": 197310, 
        "long_term_average": 28528, 
        "date": "2013-07-31", 
        "operating_revenue": 26391, 
        "short_term_average": 28438
    }, 
    {
        "accumulated_operating_revenue_yoy": 10.18165452504241, 
        "accumulated_operating_revenue": 222784, 
        "long_term_average": 28160, 
        "date": "2013-08-31", 
        "operating_revenue": 25474, 
        "short_term_average": 26620
    }, 
    {
        "accumulated_operating_revenue_yoy": 8.589957671546737, 
        "accumulated_operating_revenue": 251667, 
        "long_term_average": 28103, 
        "date": "2013-09-30", 
        "operating_revenue": 28883, 
        "short_term_average": 26916
    }, 
    {
        "accumulated_operating_revenue_yoy": 7.234021338119454, 
        "accumulated_operating_revenue": 279617, 
        "long_term_average": 28016, 
        "date": "2013-10-31", 
        "operating_revenue": 27950, 
        "short_term_average": 27435
    }, 
    {
        "accumulated_operating_revenue_yoy": 6.585558005017172, 
        "accumulated_operating_revenue": 308465, 
        "long_term_average": 28032, 
        "date": "2013-11-30", 
        "operating_revenue": 28848, 
        "short_term_average": 28560
    }, 
    {
        "accumulated_operating_revenue_yoy": 5.120173445560342, 
        "accumulated_operating_revenue": 333581, 
        "long_term_average": 27798, 
        "date": "2013-12-31", 
        "operating_revenue": 25116, 
        "short_term_average": 27304
    }, 
    {
        "accumulated_operating_revenue_yoy": -11.125747650242095, 
        "accumulated_operating_revenue": 24963, 
        "long_term_average": 27538, 
        "date": "2014-01-31", 
        "operating_revenue": 24963, 
        "short_term_average": 26309
    }, 
    {
        "accumulated_operating_revenue_yoy": -5.368101091590358, 
        "accumulated_operating_revenue": 49501, 
        "long_term_average": 27564, 
        "date": "2014-02-28", 
        "operating_revenue": 24538, 
        "short_term_average": 24872
    }, 
    {
        "accumulated_operating_revenue_yoy": -9.44298881766715, 
        "accumulated_operating_revenue": 77419, 
        "long_term_average": 27125, 
        "date": "2014-03-31", 
        "operating_revenue": 27918, 
        "short_term_average": 25806
    }, 
    {
        "accumulated_operating_revenue_yoy": -4.683202971534698, 
        "accumulated_operating_revenue": 106751, 
        "long_term_average": 27361, 
        "date": "2014-04-30", 
        "operating_revenue": 29332, 
        "short_term_average": 27262
    }, 
    {
        "accumulated_operating_revenue_yoy": -6.706455269307734, 
        "accumulated_operating_revenue": 133337, 
        "long_term_average": 26999, 
        "date": "2014-05-31", 
        "operating_revenue": 26586, 
        "short_term_average": 27945
    }, 
    {
        "accumulated_operating_revenue_yoy": -7.453238083536647, 
        "accumulated_operating_revenue": 158180, 
        "long_term_average": 26736, 
        "date": "2014-06-30", 
        "operating_revenue": 24843, 
        "short_term_average": 26920
    }, 
    {
        "accumulated_operating_revenue_yoy": -7.214028685824338, 
        "accumulated_operating_revenue": 183076, 
        "long_term_average": 26612, 
        "date": "2014-07-31", 
        "operating_revenue": 24896, 
        "short_term_average": 25441
    }, 
    {
        "accumulated_operating_revenue_yoy": -4.560471128985923, 
        "accumulated_operating_revenue": 212624, 
        "long_term_average": 26951, 
        "date": "2014-08-31", 
        "operating_revenue": 29548, 
        "short_term_average": 26429
    }, 
    {
        "accumulated_operating_revenue_yoy": -4.2441003389399485, 
        "accumulated_operating_revenue": 240986, 
        "long_term_average": 26908, 
        "date": "2014-09-30", 
        "operating_revenue": 28362, 
        "short_term_average": 27602
    }, 
    {
        "accumulated_operating_revenue_yoy": -4.819091829180629, 
        "accumulated_operating_revenue": 266142, 
        "long_term_average": 26675, 
        "date": "2014-10-31", 
        "operating_revenue": 25156, 
        "short_term_average": 27688
    }, 
    {
        "accumulated_operating_revenue_yoy": -6.571572139464769, 
        "accumulated_operating_revenue": 288194, 
        "long_term_average": 26109, 
        "date": "2014-11-30", 
        "operating_revenue": 22052, 
        "short_term_average": 25190
    }, 
    {
        "accumulated_operating_revenue_yoy": -7.214739448589698, 
        "accumulated_operating_revenue": 309514, 
        "long_term_average": 25792, 
        "date": "2014-12-31", 
        "operating_revenue": 21320, 
        "short_term_average": 22842
    }, 
    {
        "accumulated_operating_revenue_yoy": 5.624323999519289, 
        "accumulated_operating_revenue": 26367, 
        "long_term_average": 25909, 
        "date": "2015-01-31", 
        "operating_revenue": 26367, 
        "short_term_average": 23246
    }, 
    {
        "accumulated_operating_revenue_yoy": -2.551463606795822, 
        "accumulated_operating_revenue": 48238, 
        "long_term_average": 25687, 
        "date": "2015-02-28", 
        "operating_revenue": 21871, 
        "short_term_average": 23186
    }, 
    {
        "accumulated_operating_revenue_yoy": -3.261473281752542, 
        "accumulated_operating_revenue": 74894, 
        "long_term_average": 25582, 
        "date": "2015-03-31", 
        "operating_revenue": 26656, 
        "short_term_average": 24964
    }, 
    {
        "accumulated_operating_revenue_yoy": -7.041620219014341, 
        "accumulated_operating_revenue": 99234, 
        "long_term_average": 25166, 
        "date": "2015-04-30", 
        "operating_revenue": 24340, 
        "short_term_average": 24289
    }, 
    {
        "accumulated_operating_revenue_yoy": -8.567764386479372, 
        "accumulated_operating_revenue": 121913, 
        "long_term_average": 24840, 
        "date": "2015-05-31", 
        "operating_revenue": 22679, 
        "short_term_average": 24558
    }, 
    {
        "accumulated_operating_revenue_yoy": -6.988241244152231, 
        "accumulated_operating_revenue": 147126, 
        "long_term_average": 24871, 
        "date": "2015-06-30", 
        "operating_revenue": 25213, 
        "short_term_average": 24077
    }, 
    {
        "accumulated_operating_revenue_yoy": -8.260503834473115, 
        "accumulated_operating_revenue": 167953, 
        "long_term_average": 24532, 
        "date": "2015-07-31", 
        "operating_revenue": 20827, 
        "short_term_average": 22906
    }, 
    {
        "accumulated_operating_revenue_yoy": -8.794397622093461, 
        "accumulated_operating_revenue": 193925, 
        "long_term_average": 24234, 
        "date": "2015-08-31", 
        "operating_revenue": 25972, 
        "short_term_average": 24004
    }
]