[
    {
        "date": "2012-01-31", 
        "operating_revenue": 47023, 
        "accumulated_operating_revenue": 47023, 
        "long_term_average": 47023, 
        "short_term_average": 47023
    }, 
    {
        "date": "2012-02-29", 
        "operating_revenue": 52405, 
        "accumulated_operating_revenue": 99428, 
        "long_term_average": 49714, 
        "short_term_average": 49714
    }, 
    {
        "date": "2012-03-31", 
        "operating_revenue": 69737, 
        "accumulated_operating_revenue": 169165, 
        "long_term_average": 56388, 
        "short_term_average": 56388
    }, 
    {
        "date": "2012-04-30", 
        "operating_revenue": 64283, 
        "accumulated_operating_revenue": 233448, 
        "long_term_average": 58362, 
        "short_term_average": 62141
    }, 
    {
        "date": "2012-05-31", 
        "operating_revenue": 60531, 
        "accumulated_operating_revenue": 293979, 
        "long_term_average": 58795, 
        "short_term_average": 64850
    }, 
    {
        "date": "2012-06-30", 
        "operating_revenue": 74770, 
        "accumulated_operating_revenue": 368749, 
        "long_term_average": 61458, 
        "short_term_average": 66528
    }, 
    {
        "date": "2012-07-31", 
        "operating_revenue": 60992, 
        "accumulated_operating_revenue": 429741, 
        "long_term_average": 61391, 
        "short_term_average": 65431
    }, 
    {
        "date": "2012-08-31", 
        "operating_revenue": 62760, 
        "accumulated_operating_revenue": 492501, 
        "long_term_average": 61562, 
        "short_term_average": 66174
    }, 
    {
        "date": "2012-09-30", 
        "operating_revenue": 61256, 
        "accumulated_operating_revenue": 553757, 
        "long_term_average": 61528, 
        "short_term_average": 61669
    }, 
    {
        "date": "2012-10-31", 
        "operating_revenue": 72719, 
        "accumulated_operating_revenue": 626476, 
        "long_term_average": 62647, 
        "short_term_average": 65578
    }, 
    {
        "date": "2012-11-30", 
        "operating_revenue": 80955, 
        "accumulated_operating_revenue": 707431, 
        "long_term_average": 64311, 
        "short_term_average": 71643
    }, 
    {
        "date": "2012-12-31", 
        "operating_revenue": 65911, 
        "accumulated_operating_revenue": 773342, 
        "long_term_average": 64445, 
        "short_term_average": 73195
    }, 
    {
        "accumulated_operating_revenue_yoy": 36.541692363311576, 
        "accumulated_operating_revenue": 64206, 
        "long_term_average": 65877, 
        "date": "2013-01-31", 
        "operating_revenue": 64206, 
        "short_term_average": 70357
    }, 
    {
        "accumulated_operating_revenue_yoy": 21.19724826004747, 
        "accumulated_operating_revenue": 120504, 
        "long_term_average": 66201, 
        "date": "2013-02-28", 
        "operating_revenue": 56298, 
        "short_term_average": 62138
    }, 
    {
        "accumulated_operating_revenue_yoy": 11.965241036857506, 
        "accumulated_operating_revenue": 189406, 
        "long_term_average": 66131, 
        "date": "2013-03-31", 
        "operating_revenue": 68902, 
        "short_term_average": 63135
    }, 
    {
        "accumulated_operating_revenue_yoy": 8.787395908296494, 
        "accumulated_operating_revenue": 253962, 
        "long_term_average": 66154, 
        "date": "2013-04-30", 
        "operating_revenue": 64556, 
        "short_term_average": 63252
    }, 
    {
        "accumulated_operating_revenue_yoy": 8.19752431296113, 
        "accumulated_operating_revenue": 318078, 
        "long_term_average": 66453, 
        "date": "2013-05-31", 
        "operating_revenue": 64116, 
        "short_term_average": 65858
    }, 
    {
        "accumulated_operating_revenue_yoy": 8.101174511659693, 
        "accumulated_operating_revenue": 398622, 
        "long_term_average": 66934, 
        "date": "2013-06-30", 
        "operating_revenue": 80544, 
        "short_term_average": 69738
    }, 
    {
        "accumulated_operating_revenue_yoy": 6.226541102664163, 
        "accumulated_operating_revenue": 456499, 
        "long_term_average": 66675, 
        "date": "2013-07-31", 
        "operating_revenue": 57877, 
        "short_term_average": 67512
    }, 
    {
        "accumulated_operating_revenue_yoy": 7.707395517978643, 
        "accumulated_operating_revenue": 530460, 
        "long_term_average": 67608, 
        "date": "2013-08-31", 
        "operating_revenue": 73961, 
        "short_term_average": 70794
    }, 
    {
        "accumulated_operating_revenue_yoy": 7.148622951944626, 
        "accumulated_operating_revenue": 593343, 
        "long_term_average": 67744, 
        "date": "2013-09-30", 
        "operating_revenue": 62883, 
        "short_term_average": 64907
    }, 
    {
        "accumulated_operating_revenue_yoy": 6.10015387660501, 
        "accumulated_operating_revenue": 664692, 
        "long_term_average": 67629, 
        "date": "2013-10-31", 
        "operating_revenue": 71349, 
        "short_term_average": 69397
    }, 
    {
        "accumulated_operating_revenue_yoy": 6.813243977151129, 
        "accumulated_operating_revenue": 755630, 
        "long_term_average": 68461, 
        "date": "2013-11-30", 
        "operating_revenue": 90938, 
        "short_term_average": 75056
    }, 
    {
        "accumulated_operating_revenue_yoy": 6.281438225261268, 
        "accumulated_operating_revenue": 821919, 
        "long_term_average": 68493, 
        "date": "2013-12-31", 
        "operating_revenue": 66289, 
        "short_term_average": 76192
    }, 
    {
        "accumulated_operating_revenue_yoy": 0.4158489860760677, 
        "accumulated_operating_revenue": 64473, 
        "long_term_average": 68515, 
        "date": "2014-01-31", 
        "operating_revenue": 64473, 
        "short_term_average": 73900
    }, 
    {
        "accumulated_operating_revenue_yoy": 0.6862842727212375, 
        "accumulated_operating_revenue": 121331, 
        "long_term_average": 68562, 
        "date": "2014-02-28", 
        "operating_revenue": 56858, 
        "short_term_average": 62540
    }, 
    {
        "accumulated_operating_revenue_yoy": 0.5971299747632071, 
        "accumulated_operating_revenue": 190537, 
        "long_term_average": 68587, 
        "date": "2014-03-31", 
        "operating_revenue": 69206, 
        "short_term_average": 63512
    }, 
    {
        "accumulated_operating_revenue_yoy": 3.2426110992983204, 
        "accumulated_operating_revenue": 262197, 
        "long_term_average": 69179, 
        "date": "2014-04-30", 
        "operating_revenue": 71660, 
        "short_term_average": 65908
    }, 
    {
        "accumulated_operating_revenue_yoy": 5.519715289960325, 
        "accumulated_operating_revenue": 335635, 
        "long_term_average": 69956, 
        "date": "2014-05-31", 
        "operating_revenue": 73438, 
        "short_term_average": 71434
    }, 
    {
        "accumulated_operating_revenue_yoy": 5.232776916477264, 
        "accumulated_operating_revenue": 419481, 
        "long_term_average": 70231, 
        "date": "2014-06-30", 
        "operating_revenue": 83846, 
        "short_term_average": 76314
    }, 
    {
        "accumulated_operating_revenue_yoy": 8.771541668218331, 
        "accumulated_operating_revenue": 496541, 
        "long_term_average": 71830, 
        "date": "2014-07-31", 
        "operating_revenue": 77060, 
        "short_term_average": 78114
    }, 
    {
        "accumulated_operating_revenue_yoy": 8.390830599856729, 
        "accumulated_operating_revenue": 574970, 
        "long_term_average": 72202, 
        "date": "2014-08-31", 
        "operating_revenue": 78429, 
        "short_term_average": 79778
    }, 
    {
        "accumulated_operating_revenue_yoy": 8.70811655315728, 
        "accumulated_operating_revenue": 645012, 
        "long_term_average": 72799, 
        "date": "2014-09-30", 
        "operating_revenue": 70042, 
        "short_term_average": 75177
    }, 
    {
        "accumulated_operating_revenue_yoy": 7.979936572126639, 
        "accumulated_operating_revenue": 717734, 
        "long_term_average": 72913, 
        "date": "2014-10-31", 
        "operating_revenue": 72722, 
        "short_term_average": 73731
    }, 
    {
        "accumulated_operating_revenue_yoy": 4.401492794092347, 
        "accumulated_operating_revenue": 788889, 
        "long_term_average": 71264, 
        "date": "2014-11-30", 
        "operating_revenue": 71155, 
        "short_term_average": 71306
    }, 
    {
        "accumulated_operating_revenue_yoy": 4.658609911682294, 
        "accumulated_operating_revenue": 860209, 
        "long_term_average": 71684, 
        "date": "2014-12-31", 
        "operating_revenue": 71320, 
        "short_term_average": 71732
    }, 
    {
        "accumulated_operating_revenue_yoy": 22.649791385541235, 
        "accumulated_operating_revenue": 79076, 
        "long_term_average": 72901, 
        "date": "2015-01-31", 
        "operating_revenue": 79076, 
        "short_term_average": 73850
    }, 
    {
        "accumulated_operating_revenue_yoy": 6.9611228787366795, 
        "accumulated_operating_revenue": 129777, 
        "long_term_average": 72387, 
        "date": "2015-02-28", 
        "operating_revenue": 50701, 
        "short_term_average": 67032
    }, 
    {
        "accumulated_operating_revenue_yoy": 5.680261576491705, 
        "accumulated_operating_revenue": 201360, 
        "long_term_average": 72586, 
        "date": "2015-03-31", 
        "operating_revenue": 71583, 
        "short_term_average": 67120
    }, 
    {
        "accumulated_operating_revenue_yoy": 5.944766721205811, 
        "accumulated_operating_revenue": 277784, 
        "long_term_average": 72983, 
        "date": "2015-04-30", 
        "operating_revenue": 76424, 
        "short_term_average": 66236
    }, 
    {
        "accumulated_operating_revenue_yoy": 4.914266986458504, 
        "accumulated_operating_revenue": 352129, 
        "long_term_average": 73058, 
        "date": "2015-05-31", 
        "operating_revenue": 74345, 
        "short_term_average": 74117
    }, 
    {
        "accumulated_operating_revenue_yoy": 0.20239295701116378, 
        "accumulated_operating_revenue": 420330, 
        "long_term_average": 71754, 
        "date": "2015-06-30", 
        "operating_revenue": 68201, 
        "short_term_average": 72990
    }, 
    {
        "accumulated_operating_revenue_yoy": -1.5430749928001917, 
        "accumulated_operating_revenue": 488879, 
        "long_term_average": 71045, 
        "date": "2015-07-31", 
        "operating_revenue": 68549, 
        "short_term_average": 70365
    }, 
    {
        "accumulated_operating_revenue_yoy": -2.566742612658052, 
        "accumulated_operating_revenue": 560212, 
        "long_term_average": 70454, 
        "date": "2015-08-31", 
        "operating_revenue": 71333, 
        "short_term_average": 69361
    }
]