[
    {
        "date": "2011-09-30", 
        "operating_revenue": 182292, 
        "accumulated_operating_revenue": 182292, 
        "long_term_average": 182292, 
        "short_term_average": 182292
    }, 
    {
        "date": "2011-10-31", 
        "operating_revenue": 141103, 
        "accumulated_operating_revenue": 323395, 
        "long_term_average": 161697, 
        "short_term_average": 161697
    }, 
    {
        "date": "2011-11-30", 
        "operating_revenue": 172902, 
        "accumulated_operating_revenue": 496297, 
        "long_term_average": 165432, 
        "short_term_average": 165432
    }, 
    {
        "date": "2011-12-31", 
        "operating_revenue": 196604, 
        "accumulated_operating_revenue": 692901, 
        "long_term_average": 173225, 
        "short_term_average": 170203
    }, 
    {
        "date": "2012-01-31", 
        "operating_revenue": 109037, 
        "accumulated_operating_revenue": 109037, 
        "long_term_average": 160387, 
        "short_term_average": 159514
    }, 
    {
        "date": "2012-02-29", 
        "operating_revenue": 97860, 
        "accumulated_operating_revenue": 206897, 
        "long_term_average": 149966, 
        "short_term_average": 134500
    }, 
    {
        "date": "2012-03-31", 
        "operating_revenue": 136064, 
        "accumulated_operating_revenue": 342961, 
        "long_term_average": 147980, 
        "short_term_average": 114320
    }, 
    {
        "date": "2012-04-30", 
        "operating_revenue": 123624, 
        "accumulated_operating_revenue": 466585, 
        "long_term_average": 144935, 
        "short_term_average": 119182
    }, 
    {
        "date": "2012-05-31", 
        "operating_revenue": 128597, 
        "accumulated_operating_revenue": 595182, 
        "long_term_average": 143120, 
        "short_term_average": 129428
    }, 
    {
        "date": "2012-06-30", 
        "operating_revenue": 119819, 
        "accumulated_operating_revenue": 715001, 
        "long_term_average": 140790, 
        "short_term_average": 124013
    }, 
    {
        "date": "2012-07-31", 
        "operating_revenue": 134936, 
        "accumulated_operating_revenue": 849937, 
        "long_term_average": 140258, 
        "short_term_average": 127784
    }, 
    {
        "date": "2012-08-31", 
        "operating_revenue": 146298, 
        "accumulated_operating_revenue": 996235, 
        "long_term_average": 140761, 
        "short_term_average": 133684
    }, 
    {
        "accumulated_operating_revenue_yoy": 560.4305180699098, 
        "accumulated_operating_revenue": 1203912, 
        "long_term_average": 142876, 
        "date": "2012-09-30", 
        "operating_revenue": 207677, 
        "short_term_average": 162970
    }, 
    {
        "accumulated_operating_revenue_yoy": 299.89455619289106, 
        "accumulated_operating_revenue": 1293239, 
        "long_term_average": 138562, 
        "date": "2012-10-31", 
        "operating_revenue": 89327, 
        "short_term_average": 147767
    }, 
    {
        "accumulated_operating_revenue_yoy": 202.2966086839131, 
        "accumulated_operating_revenue": 1500289, 
        "long_term_average": 141407, 
        "date": "2012-11-30", 
        "operating_revenue": 207050, 
        "short_term_average": 168018
    }, 
    {
        "accumulated_operating_revenue_yoy": 133.9240382103648, 
        "accumulated_operating_revenue": 1620862, 
        "long_term_average": 135071, 
        "date": "2012-12-31", 
        "operating_revenue": 120573, 
        "short_term_average": 138983
    }, 
    {
        "accumulated_operating_revenue_yoy": 5.941102561515816, 
        "accumulated_operating_revenue": 115515, 
        "long_term_average": 135611, 
        "date": "2013-01-31", 
        "operating_revenue": 115515, 
        "short_term_average": 147712
    }, 
    {
        "accumulated_operating_revenue_yoy": 6.551085805980754, 
        "accumulated_operating_revenue": 220451, 
        "long_term_average": 136201, 
        "date": "2013-02-28", 
        "operating_revenue": 104936, 
        "short_term_average": 113674
    }, 
    {
        "accumulated_operating_revenue_yoy": 6.153760923253664, 
        "accumulated_operating_revenue": 364066, 
        "long_term_average": 136830, 
        "date": "2013-03-31", 
        "operating_revenue": 143615, 
        "short_term_average": 121355
    }, 
    {
        "accumulated_operating_revenue_yoy": 7.336498172894543, 
        "accumulated_operating_revenue": 500816, 
        "long_term_average": 137924, 
        "date": "2013-04-30", 
        "operating_revenue": 136750, 
        "short_term_average": 128433
    }, 
    {
        "accumulated_operating_revenue_yoy": 9.347056866639113, 
        "accumulated_operating_revenue": 650814, 
        "long_term_average": 139707, 
        "date": "2013-05-31", 
        "operating_revenue": 149998, 
        "short_term_average": 143454
    }, 
    {
        "accumulated_operating_revenue_yoy": 13.093967700744475, 
        "accumulated_operating_revenue": 808623, 
        "long_term_average": 142873, 
        "date": "2013-06-30", 
        "operating_revenue": 157809, 
        "short_term_average": 148185
    }, 
    {
        "accumulated_operating_revenue_yoy": 11.555797665003405, 
        "accumulated_operating_revenue": 948154, 
        "long_term_average": 143256, 
        "date": "2013-07-31", 
        "operating_revenue": 139531, 
        "short_term_average": 149112
    }, 
    {
        "accumulated_operating_revenue_yoy": 10.02183219822632, 
        "accumulated_operating_revenue": 1096076, 
        "long_term_average": 143391, 
        "date": "2013-08-31", 
        "operating_revenue": 147922, 
        "short_term_average": 148420
    }, 
    {
        "accumulated_operating_revenue_yoy": 6.566842094771047, 
        "accumulated_operating_revenue": 1282971, 
        "long_term_average": 141660, 
        "date": "2013-09-30", 
        "operating_revenue": 186895, 
        "short_term_average": 158116
    }, 
    {
        "accumulated_operating_revenue_yoy": 13.998572576298734, 
        "accumulated_operating_revenue": 1474274, 
        "long_term_average": 150158, 
        "date": "2013-10-31", 
        "operating_revenue": 191303, 
        "short_term_average": 175373
    }, 
    {
        "accumulated_operating_revenue_yoy": 11.007012648896312, 
        "accumulated_operating_revenue": 1665426, 
        "long_term_average": 148833, 
        "date": "2013-11-30", 
        "operating_revenue": 191152, 
        "short_term_average": 189783
    }, 
    {
        "accumulated_operating_revenue_yoy": 14.956671203347355, 
        "accumulated_operating_revenue": 1863289, 
        "long_term_average": 155274, 
        "date": "2013-12-31", 
        "operating_revenue": 197863, 
        "short_term_average": 193439
    }, 
    {
        "accumulated_operating_revenue_yoy": 50.20473531575986, 
        "accumulated_operating_revenue": 173509, 
        "long_term_average": 160106, 
        "date": "2014-01-31", 
        "operating_revenue": 173509, 
        "short_term_average": 187508
    }, 
    {
        "accumulated_operating_revenue_yoy": 61.90899564982695, 
        "accumulated_operating_revenue": 356930, 
        "long_term_average": 166647, 
        "date": "2014-02-28", 
        "operating_revenue": 183421, 
        "short_term_average": 184931
    }, 
    {
        "accumulated_operating_revenue_yoy": 57.90378667604226, 
        "accumulated_operating_revenue": 574874, 
        "long_term_average": 172841, 
        "date": "2014-03-31", 
        "operating_revenue": 217944, 
        "short_term_average": 191624
    }, 
    {
        "accumulated_operating_revenue_yoy": 50.26037506788921, 
        "accumulated_operating_revenue": 752528, 
        "long_term_average": 176250, 
        "date": "2014-04-30", 
        "operating_revenue": 177654, 
        "short_term_average": 193006
    }, 
    {
        "accumulated_operating_revenue_yoy": 39.77111740067055, 
        "accumulated_operating_revenue": 909650, 
        "long_term_average": 176843, 
        "date": "2014-05-31", 
        "operating_revenue": 157122, 
        "short_term_average": 184240
    }, 
    {
        "accumulated_operating_revenue_yoy": 43.020294995319205, 
        "accumulated_operating_revenue": 1156495, 
        "long_term_average": 184263, 
        "date": "2014-06-30", 
        "operating_revenue": 246845, 
        "short_term_average": 193873
    }, 
    {
        "accumulated_operating_revenue_yoy": 37.827610282717785, 
        "accumulated_operating_revenue": 1306818, 
        "long_term_average": 185162, 
        "date": "2014-07-31", 
        "operating_revenue": 150323, 
        "short_term_average": 184763
    }, 
    {
        "accumulated_operating_revenue_yoy": 33.66445392472785, 
        "accumulated_operating_revenue": 1465064, 
        "long_term_average": 186023, 
        "date": "2014-08-31", 
        "operating_revenue": 158246, 
        "short_term_average": 185138
    }, 
    {
        "accumulated_operating_revenue_yoy": 24.695569892070825, 
        "accumulated_operating_revenue": 1599808, 
        "long_term_average": 181677, 
        "date": "2014-09-30", 
        "operating_revenue": 134744, 
        "short_term_average": 147771
    }, 
    {
        "accumulated_operating_revenue_yoy": 17.89022936034957, 
        "accumulated_operating_revenue": 1738025, 
        "long_term_average": 177253, 
        "date": "2014-10-31", 
        "operating_revenue": 138217, 
        "short_term_average": 143735
    }, 
    {
        "accumulated_operating_revenue_yoy": 13.082478597067656, 
        "accumulated_operating_revenue": 1883305, 
        "long_term_average": 173430, 
        "date": "2014-11-30", 
        "operating_revenue": 145280, 
        "short_term_average": 139413
    }, 
    {
        "accumulated_operating_revenue_yoy": 10.023995204179277, 
        "accumulated_operating_revenue": 2050065, 
        "long_term_average": 170838, 
        "date": "2014-12-31", 
        "operating_revenue": 166760, 
        "short_term_average": 150085
    }, 
    {
        "accumulated_operating_revenue_yoy": -14.536421741811663, 
        "accumulated_operating_revenue": 148287, 
        "long_term_average": 168736, 
        "date": "2015-01-31", 
        "operating_revenue": 148287, 
        "short_term_average": 153442
    }, 
    {
        "accumulated_operating_revenue_yoy": -13.03028605048609, 
        "accumulated_operating_revenue": 310421, 
        "long_term_average": 166963, 
        "date": "2015-02-28", 
        "operating_revenue": 162134, 
        "short_term_average": 159060
    }, 
    {
        "accumulated_operating_revenue_yoy": -21.777989611636634, 
        "accumulated_operating_revenue": 449678, 
        "long_term_average": 160405, 
        "date": "2015-03-31", 
        "operating_revenue": 139257, 
        "short_term_average": 149892
    }, 
    {
        "accumulated_operating_revenue_yoy": -21.96157485169987, 
        "accumulated_operating_revenue": 587261, 
        "long_term_average": 157066, 
        "date": "2015-04-30", 
        "operating_revenue": 137583, 
        "short_term_average": 146324
    }, 
    {
        "accumulated_operating_revenue_yoy": -20.54218655526851, 
        "accumulated_operating_revenue": 722788, 
        "long_term_average": 155266, 
        "date": "2015-05-31", 
        "operating_revenue": 135527, 
        "short_term_average": 137455
    }, 
    {
        "accumulated_operating_revenue_yoy": -25.753764607715556, 
        "accumulated_operating_revenue": 858654, 
        "long_term_average": 146018, 
        "date": "2015-06-30", 
        "operating_revenue": 135866, 
        "short_term_average": 136325
    }, 
    {
        "accumulated_operating_revenue_yoy": -25.89044534127935, 
        "accumulated_operating_revenue": 968477, 
        "long_term_average": 142643, 
        "date": "2015-07-31", 
        "operating_revenue": 109823, 
        "short_term_average": 127072
    }, 
    {
        "accumulated_operating_revenue_yoy": -23.37884215297079, 
        "accumulated_operating_revenue": 1122549, 
        "long_term_average": 142295, 
        "date": "2015-08-31", 
        "operating_revenue": 154072, 
        "short_term_average": 133253
    }
]