[
    {
        "date": "2011-09-30", 
        "operating_revenue": 96111, 
        "accumulated_operating_revenue": 96111, 
        "long_term_average": 96111, 
        "short_term_average": 96111
    }, 
    {
        "date": "2011-10-31", 
        "operating_revenue": 56666, 
        "accumulated_operating_revenue": 152777, 
        "long_term_average": 76388, 
        "short_term_average": 76388
    }, 
    {
        "date": "2011-11-30", 
        "operating_revenue": 524084, 
        "accumulated_operating_revenue": 676861, 
        "long_term_average": 225620, 
        "short_term_average": 225620
    }, 
    {
        "date": "2011-12-31", 
        "operating_revenue": 1009978, 
        "accumulated_operating_revenue": 1686839, 
        "long_term_average": 421709, 
        "short_term_average": 530242
    }, 
    {
        "date": "2012-01-31", 
        "operating_revenue": 1233621, 
        "accumulated_operating_revenue": 1233621, 
        "long_term_average": 584092, 
        "short_term_average": 922561
    }, 
    {
        "date": "2012-02-29", 
        "operating_revenue": 992799, 
        "accumulated_operating_revenue": 2226420, 
        "long_term_average": 652209, 
        "short_term_average": 1078799
    }, 
    {
        "date": "2012-03-31", 
        "operating_revenue": 1392576, 
        "accumulated_operating_revenue": 3618996, 
        "long_term_average": 757976, 
        "short_term_average": 1206332
    }, 
    {
        "date": "2012-04-30", 
        "operating_revenue": 718118, 
        "accumulated_operating_revenue": 4337114, 
        "long_term_average": 752994, 
        "short_term_average": 1034497
    }, 
    {
        "date": "2012-05-31", 
        "operating_revenue": 245151, 
        "accumulated_operating_revenue": 4582265, 
        "long_term_average": 696567, 
        "short_term_average": 785281
    }, 
    {
        "date": "2012-06-30", 
        "operating_revenue": 57917, 
        "accumulated_operating_revenue": 4640182, 
        "long_term_average": 632702, 
        "short_term_average": 340395
    }, 
    {
        "date": "2012-07-31", 
        "operating_revenue": 148786, 
        "accumulated_operating_revenue": 4788968, 
        "long_term_average": 588709, 
        "short_term_average": 150618
    }, 
    {
        "date": "2012-08-31", 
        "operating_revenue": 100466, 
        "accumulated_operating_revenue": 4889434, 
        "long_term_average": 548022, 
        "short_term_average": 102389
    }, 
    {
        "accumulated_operating_revenue_yoy": 5104.90474555462, 
        "accumulated_operating_revenue": 5002486, 
        "long_term_average": 549434, 
        "date": "2012-09-30", 
        "operating_revenue": 113052, 
        "short_term_average": 120768
    }, 
    {
        "accumulated_operating_revenue_yoy": 3224.972999862545, 
        "accumulated_operating_revenue": 5079794, 
        "long_term_average": 551154, 
        "date": "2012-10-31", 
        "operating_revenue": 77308, 
        "short_term_average": 96942
    }, 
    {
        "accumulated_operating_revenue_yoy": 709.3480049818205, 
        "accumulated_operating_revenue": 5478161, 
        "long_term_average": 540678, 
        "date": "2012-11-30", 
        "operating_revenue": 398367, 
        "short_term_average": 196242
    }, 
    {
        "accumulated_operating_revenue_yoy": 291.78825009381455, 
        "accumulated_operating_revenue": 6608837, 
        "long_term_average": 550736, 
        "date": "2012-12-31", 
        "operating_revenue": 1130676, 
        "short_term_average": 535450
    }, 
    {
        "accumulated_operating_revenue_yoy": 3.42333666498868, 
        "accumulated_operating_revenue": 1275852, 
        "long_term_average": 554255, 
        "date": "2013-01-31", 
        "operating_revenue": 1275852, 
        "short_term_average": 934965
    }, 
    {
        "accumulated_operating_revenue_yoy": -5.88752346816863, 
        "accumulated_operating_revenue": 2095339, 
        "long_term_average": 539813, 
        "date": "2013-02-28", 
        "operating_revenue": 819487, 
        "short_term_average": 1075338
    }, 
    {
        "accumulated_operating_revenue_yoy": -14.767465893855643, 
        "accumulated_operating_revenue": 3084562, 
        "long_term_average": 506200, 
        "date": "2013-03-31", 
        "operating_revenue": 989223, 
        "short_term_average": 1028187
    }, 
    {
        "accumulated_operating_revenue_yoy": -16.0266711919493, 
        "accumulated_operating_revenue": 3642019, 
        "long_term_average": 492811, 
        "date": "2013-04-30", 
        "operating_revenue": 557457, 
        "short_term_average": 788722
    }, 
    {
        "accumulated_operating_revenue_yoy": -19.043136963925043, 
        "accumulated_operating_revenue": 3709658, 
        "long_term_average": 478019, 
        "date": "2013-05-31", 
        "operating_revenue": 67639, 
        "short_term_average": 538106
    }, 
    {
        "accumulated_operating_revenue_yoy": -17.92194788911297, 
        "accumulated_operating_revenue": 3808571, 
        "long_term_average": 481435, 
        "date": "2013-06-30", 
        "operating_revenue": 98913, 
        "short_term_average": 241336
    }, 
    {
        "accumulated_operating_revenue_yoy": -18.068798956267823, 
        "accumulated_operating_revenue": 3923659, 
        "long_term_average": 478627, 
        "date": "2013-07-31", 
        "operating_revenue": 115088, 
        "short_term_average": 93880
    }, 
    {
        "accumulated_operating_revenue_yoy": -18.683737217845664, 
        "accumulated_operating_revenue": 3975905, 
        "long_term_average": 474609, 
        "date": "2013-08-31", 
        "operating_revenue": 52246, 
        "short_term_average": 88749
    }, 
    {
        "accumulated_operating_revenue_yoy": -18.736744090838037, 
        "accumulated_operating_revenue": 4065183, 
        "long_term_average": 472627, 
        "date": "2013-09-30", 
        "operating_revenue": 89278, 
        "short_term_average": 85537
    }, 
    {
        "accumulated_operating_revenue_yoy": -18.081028482651067, 
        "accumulated_operating_revenue": 4161315, 
        "long_term_average": 474196, 
        "date": "2013-10-31", 
        "operating_revenue": 96132, 
        "short_term_average": 79218
    }, 
    {
        "accumulated_operating_revenue_yoy": -11.593927232149621, 
        "accumulated_operating_revenue": 4843027, 
        "long_term_average": 497808, 
        "date": "2013-11-30", 
        "operating_revenue": 681712, 
        "short_term_average": 289040
    }, 
    {
        "accumulated_operating_revenue_yoy": -12.223981314715433, 
        "accumulated_operating_revenue": 5800974, 
        "long_term_average": 483414, 
        "date": "2013-12-31", 
        "operating_revenue": 957947, 
        "short_term_average": 578597
    }, 
    {
        "accumulated_operating_revenue_yoy": -25.726103027623893, 
        "accumulated_operating_revenue": 947625, 
        "long_term_average": 456062, 
        "date": "2014-01-31", 
        "operating_revenue": 947625, 
        "short_term_average": 862428
    }, 
    {
        "accumulated_operating_revenue_yoy": -12.23133822259787, 
        "accumulated_operating_revenue": 1839051, 
        "long_term_average": 462057, 
        "date": "2014-02-28", 
        "operating_revenue": 891426, 
        "short_term_average": 932332
    }, 
    {
        "accumulated_operating_revenue_yoy": -0.12666304000373474, 
        "accumulated_operating_revenue": 3080655, 
        "long_term_average": 483088, 
        "date": "2014-03-31", 
        "operating_revenue": 1241604, 
        "short_term_average": 1026885
    }, 
    {
        "accumulated_operating_revenue_yoy": 4.614940229581449, 
        "accumulated_operating_revenue": 3810096, 
        "long_term_average": 497420, 
        "date": "2014-04-30", 
        "operating_revenue": 729441, 
        "short_term_average": 954157
    }, 
    {
        "accumulated_operating_revenue_yoy": 6.4604338189666, 
        "accumulated_operating_revenue": 3949318, 
        "long_term_average": 503386, 
        "date": "2014-05-31", 
        "operating_revenue": 139222, 
        "short_term_average": 703422
    }, 
    {
        "accumulated_operating_revenue_yoy": 5.400188154559808, 
        "accumulated_operating_revenue": 4014241, 
        "long_term_average": 500553, 
        "date": "2014-06-30", 
        "operating_revenue": 64923, 
        "short_term_average": 311195
    }, 
    {
        "accumulated_operating_revenue_yoy": 4.889441207811382, 
        "accumulated_operating_revenue": 4115504, 
        "long_term_average": 499401, 
        "date": "2014-07-31", 
        "operating_revenue": 101263, 
        "short_term_average": 101802
    }, 
    {
        "accumulated_operating_revenue_yoy": 5.800390099864057, 
        "accumulated_operating_revenue": 4206523, 
        "long_term_average": 502632, 
        "date": "2014-08-31", 
        "operating_revenue": 91019, 
        "short_term_average": 85735
    }, 
    {
        "accumulated_operating_revenue_yoy": 5.513527927279043, 
        "accumulated_operating_revenue": 4289318, 
        "long_term_average": 502092, 
        "date": "2014-09-30", 
        "operating_revenue": 82795, 
        "short_term_average": 91692
    }, 
    {
        "accumulated_operating_revenue_yoy": 6.041455645631249, 
        "accumulated_operating_revenue": 4412719, 
        "long_term_average": 504364, 
        "date": "2014-10-31", 
        "operating_revenue": 123401, 
        "short_term_average": 99071
    }, 
    {
        "accumulated_operating_revenue_yoy": 10.12534103154907, 
        "accumulated_operating_revenue": 5333400, 
        "long_term_average": 524278, 
        "date": "2014-11-30", 
        "operating_revenue": 920681, 
        "short_term_average": 375625
    }, 
    {
        "accumulated_operating_revenue_yoy": 10.780655110676243, 
        "accumulated_operating_revenue": 6426357, 
        "long_term_average": 535529, 
        "date": "2014-12-31", 
        "operating_revenue": 1092957, 
        "short_term_average": 712346
    }, 
    {
        "accumulated_operating_revenue_yoy": 38.09186123202743, 
        "accumulated_operating_revenue": 1308593, 
        "long_term_average": 565610, 
        "date": "2015-01-31", 
        "operating_revenue": 1308593, 
        "short_term_average": 1107410
    }, 
    {
        "accumulated_operating_revenue_yoy": 26.35179774786017, 
        "accumulated_operating_revenue": 2323674, 
        "long_term_average": 575915, 
        "date": "2015-02-28", 
        "operating_revenue": 1015081, 
        "short_term_average": 1138877
    }, 
    {
        "accumulated_operating_revenue_yoy": 4.539846233998938, 
        "accumulated_operating_revenue": 3220512, 
        "long_term_average": 547184, 
        "date": "2015-03-31", 
        "operating_revenue": 896838, 
        "short_term_average": 1073504
    }, 
    {
        "accumulated_operating_revenue_yoy": -9.55369628481802, 
        "accumulated_operating_revenue": 3446091, 
        "long_term_average": 505196, 
        "date": "2015-04-30", 
        "operating_revenue": 225579, 
        "short_term_average": 712499
    }, 
    {
        "accumulated_operating_revenue_yoy": -10.849721394934518, 
        "accumulated_operating_revenue": 3520828, 
        "long_term_average": 499822, 
        "date": "2015-05-31", 
        "operating_revenue": 74737, 
        "short_term_average": 399051
    }, 
    {
        "accumulated_operating_revenue_yoy": -10.441077155058702, 
        "accumulated_operating_revenue": 3595111, 
        "long_term_average": 500602, 
        "date": "2015-06-30", 
        "operating_revenue": 74283, 
        "short_term_average": 124866
    }, 
    {
        "accumulated_operating_revenue_yoy": -10.250409184391511, 
        "accumulated_operating_revenue": 3693648, 
        "long_term_average": 500375, 
        "date": "2015-07-31", 
        "operating_revenue": 98537, 
        "short_term_average": 82519
    }, 
    {
        "accumulated_operating_revenue_yoy": -11.291415736939985, 
        "accumulated_operating_revenue": 3731547, 
        "long_term_average": 495948, 
        "date": "2015-08-31", 
        "operating_revenue": 37899, 
        "short_term_average": 70239
    }, 
    {
        "accumulated_operating_revenue_yoy": -11.723052475941396, 
        "accumulated_operating_revenue": 3786479, 
        "long_term_average": 493626, 
        "date": "2015-09-30", 
        "operating_revenue": 54932, 
        "short_term_average": 63789
    }
]