[
    {
        "date": "2011-11-30", 
        "operating_revenue": 434015, 
        "accumulated_operating_revenue": 434015, 
        "long_term_average": 434015, 
        "short_term_average": 434015
    }, 
    {
        "date": "2011-12-31", 
        "operating_revenue": 766841, 
        "accumulated_operating_revenue": 1200856, 
        "long_term_average": 600428, 
        "short_term_average": 600428
    }, 
    {
        "date": "2012-01-31", 
        "operating_revenue": 275165, 
        "accumulated_operating_revenue": 275165, 
        "long_term_average": 492007, 
        "short_term_average": 492007
    }, 
    {
        "date": "2012-02-29", 
        "operating_revenue": 282766, 
        "accumulated_operating_revenue": 557931, 
        "long_term_average": 439696, 
        "short_term_average": 441590
    }, 
    {
        "date": "2012-03-31", 
        "operating_revenue": 377276, 
        "accumulated_operating_revenue": 935207, 
        "long_term_average": 427212, 
        "short_term_average": 311735
    }, 
    {
        "date": "2012-04-30", 
        "operating_revenue": 433066, 
        "accumulated_operating_revenue": 1368273, 
        "long_term_average": 428188, 
        "short_term_average": 364369
    }, 
    {
        "date": "2012-05-31", 
        "operating_revenue": 451696, 
        "accumulated_operating_revenue": 1819969, 
        "long_term_average": 431546, 
        "short_term_average": 420679
    }, 
    {
        "date": "2012-06-30", 
        "operating_revenue": 287853, 
        "accumulated_operating_revenue": 2107822, 
        "long_term_average": 413584, 
        "short_term_average": 390871
    }, 
    {
        "date": "2012-07-31", 
        "operating_revenue": 373330, 
        "accumulated_operating_revenue": 2481152, 
        "long_term_average": 409112, 
        "short_term_average": 370959
    }, 
    {
        "date": "2012-08-31", 
        "operating_revenue": 353061, 
        "accumulated_operating_revenue": 2834213, 
        "long_term_average": 403506, 
        "short_term_average": 338081
    }, 
    {
        "date": "2012-09-30", 
        "operating_revenue": 395678, 
        "accumulated_operating_revenue": 3229891, 
        "long_term_average": 402795, 
        "short_term_average": 374023
    }, 
    {
        "date": "2012-10-31", 
        "operating_revenue": 425766, 
        "accumulated_operating_revenue": 3655657, 
        "long_term_average": 404709, 
        "short_term_average": 391501
    }, 
    {
        "accumulated_operating_revenue_yoy": 847.9407393753671, 
        "accumulated_operating_revenue": 4114205, 
        "long_term_average": 406753, 
        "date": "2012-11-30", 
        "operating_revenue": 458548, 
        "short_term_average": 426664
    }, 
    {
        "accumulated_operating_revenue_yoy": 276.35453376591363, 
        "accumulated_operating_revenue": 4519476, 
        "long_term_average": 376623, 
        "date": "2012-12-31", 
        "operating_revenue": 405271, 
        "short_term_average": 429861
    }, 
    {
        "accumulated_operating_revenue_yoy": 32.84211291406974, 
        "accumulated_operating_revenue": 365535, 
        "long_term_average": 384153, 
        "date": "2013-01-31", 
        "operating_revenue": 365535, 
        "short_term_average": 409784
    }, 
    {
        "accumulated_operating_revenue_yoy": 15.056342092480971, 
        "accumulated_operating_revenue": 641935, 
        "long_term_average": 383623, 
        "date": "2013-02-28", 
        "operating_revenue": 276400, 
        "short_term_average": 349068
    }, 
    {
        "accumulated_operating_revenue_yoy": 16.202509177112663, 
        "accumulated_operating_revenue": 1086734, 
        "long_term_average": 389250, 
        "date": "2013-03-31", 
        "operating_revenue": 444799, 
        "short_term_average": 362244
    }, 
    {
        "accumulated_operating_revenue_yoy": 15.8246928792719, 
        "accumulated_operating_revenue": 1584798, 
        "long_term_average": 394666, 
        "date": "2013-04-30", 
        "operating_revenue": 498064, 
        "short_term_average": 406421
    }, 
    {
        "accumulated_operating_revenue_yoy": 15.737685641898297, 
        "accumulated_operating_revenue": 2106390, 
        "long_term_average": 400491, 
        "date": "2013-05-31", 
        "operating_revenue": 521592, 
        "short_term_average": 488151
    }, 
    {
        "accumulated_operating_revenue_yoy": 14.70750376454938, 
        "accumulated_operating_revenue": 2417830, 
        "long_term_average": 402457, 
        "date": "2013-06-30", 
        "operating_revenue": 311440, 
        "short_term_average": 443698
    }, 
    {
        "accumulated_operating_revenue_yoy": 18.046818574597605, 
        "accumulated_operating_revenue": 2928921, 
        "long_term_average": 413937, 
        "date": "2013-07-31", 
        "operating_revenue": 511091, 
        "short_term_average": 448041
    }, 
    {
        "accumulated_operating_revenue_yoy": 16.94953766707019, 
        "accumulated_operating_revenue": 3314599, 
        "long_term_average": 416655, 
        "date": "2013-08-31", 
        "operating_revenue": 385678, 
        "short_term_average": 402736
    }, 
    {
        "accumulated_operating_revenue_yoy": 16.369066324529218, 
        "accumulated_operating_revenue": 3758594, 
        "long_term_average": 420681, 
        "date": "2013-09-30", 
        "operating_revenue": 443995, 
        "short_term_average": 446921
    }, 
    {
        "accumulated_operating_revenue_yoy": 15.960660423010145, 
        "accumulated_operating_revenue": 4239124, 
        "long_term_average": 425245, 
        "date": "2013-10-31", 
        "operating_revenue": 480530, 
        "short_term_average": 436734
    }, 
    {
        "accumulated_operating_revenue_yoy": 15.122921682317724, 
        "accumulated_operating_revenue": 4736393, 
        "long_term_average": 428472, 
        "date": "2013-11-30", 
        "operating_revenue": 497269, 
        "short_term_average": 473931
    }, 
    {
        "accumulated_operating_revenue_yoy": 14.570959111188998, 
        "accumulated_operating_revenue": 5178007, 
        "long_term_average": 431500, 
        "date": "2013-12-31", 
        "operating_revenue": 441614, 
        "short_term_average": 473137
    }, 
    {
        "accumulated_operating_revenue_yoy": 38.90571354316276, 
        "accumulated_operating_revenue": 507749, 
        "long_term_average": 443351, 
        "date": "2014-01-31", 
        "operating_revenue": 507749, 
        "short_term_average": 482210
    }, 
    {
        "accumulated_operating_revenue_yoy": 30.8928474066689, 
        "accumulated_operating_revenue": 840247, 
        "long_term_average": 448026, 
        "date": "2014-02-28", 
        "operating_revenue": 332498, 
        "short_term_average": 427287
    }, 
    {
        "accumulated_operating_revenue_yoy": 23.48937274438823, 
        "accumulated_operating_revenue": 1342001, 
        "long_term_average": 452772, 
        "date": "2014-03-31", 
        "operating_revenue": 501754, 
        "short_term_average": 447333
    }, 
    {
        "accumulated_operating_revenue_yoy": 20.24276911000645, 
        "accumulated_operating_revenue": 1905605, 
        "long_term_average": 458234, 
        "date": "2014-04-30", 
        "operating_revenue": 563604, 
        "short_term_average": 465952
    }, 
    {
        "accumulated_operating_revenue_yoy": 18.969801413793267, 
        "accumulated_operating_revenue": 2505968, 
        "long_term_average": 464798, 
        "date": "2014-05-31", 
        "operating_revenue": 600363, 
        "short_term_average": 555240
    }, 
    {
        "accumulated_operating_revenue_yoy": 20.150010546647202, 
        "accumulated_operating_revenue": 2905023, 
        "long_term_average": 472100, 
        "date": "2014-06-30", 
        "operating_revenue": 399055, 
        "short_term_average": 521007
    }, 
    {
        "accumulated_operating_revenue_yoy": 16.16943577515406, 
        "accumulated_operating_revenue": 3402511, 
        "long_term_average": 470966, 
        "date": "2014-07-31", 
        "operating_revenue": 497488, 
        "short_term_average": 498968
    }, 
    {
        "accumulated_operating_revenue_yoy": 13.951763094117869, 
        "accumulated_operating_revenue": 3777044, 
        "long_term_average": 470037, 
        "date": "2014-08-31", 
        "operating_revenue": 374533, 
        "short_term_average": 423692
    }, 
    {
        "accumulated_operating_revenue_yoy": 12.082496805986494, 
        "accumulated_operating_revenue": 4212726, 
        "long_term_average": 469344, 
        "date": "2014-09-30", 
        "operating_revenue": 435682, 
        "short_term_average": 435901
    }, 
    {
        "accumulated_operating_revenue_yoy": 10.638495123049008, 
        "accumulated_operating_revenue": 4690103, 
        "long_term_average": 469082, 
        "date": "2014-10-31", 
        "operating_revenue": 477377, 
        "short_term_average": 429197
    }, 
    {
        "accumulated_operating_revenue_yoy": 10.413451755375872, 
        "accumulated_operating_revenue": 5229615, 
        "long_term_average": 472602, 
        "date": "2014-11-30", 
        "operating_revenue": 539512, 
        "short_term_average": 484190
    }, 
    {
        "accumulated_operating_revenue_yoy": 10.522330309711824, 
        "accumulated_operating_revenue": 5722854, 
        "long_term_average": 476904, 
        "date": "2014-12-31", 
        "operating_revenue": 493239, 
        "short_term_average": 503376
    }, 
    {
        "accumulated_operating_revenue_yoy": -0.1739048230523349, 
        "accumulated_operating_revenue": 506866, 
        "long_term_average": 476830, 
        "date": "2015-01-31", 
        "operating_revenue": 506866, 
        "short_term_average": 513205
    }, 
    {
        "accumulated_operating_revenue_yoy": -5.210491676852164, 
        "accumulated_operating_revenue": 796466, 
        "long_term_average": 473256, 
        "date": "2015-02-28", 
        "operating_revenue": 289600, 
        "short_term_average": 429901
    }, 
    {
        "accumulated_operating_revenue_yoy": -4.460503382635333, 
        "accumulated_operating_revenue": 1282141, 
        "long_term_average": 471916, 
        "date": "2015-03-31", 
        "operating_revenue": 485675, 
        "short_term_average": 427380
    }, 
    {
        "accumulated_operating_revenue_yoy": -4.023289191621558, 
        "accumulated_operating_revenue": 1828937, 
        "long_term_average": 470515, 
        "date": "2015-04-30", 
        "operating_revenue": 546796, 
        "short_term_average": 440690
    }, 
    {
        "accumulated_operating_revenue_yoy": -3.739592843962892, 
        "accumulated_operating_revenue": 2412255, 
        "long_term_average": 469095, 
        "date": "2015-05-31", 
        "operating_revenue": 583318, 
        "short_term_average": 538596
    }, 
    {
        "accumulated_operating_revenue_yoy": -3.331918542469371, 
        "accumulated_operating_revenue": 2808230, 
        "long_term_average": 468838, 
        "date": "2015-06-30", 
        "operating_revenue": 395975, 
        "short_term_average": 508696
    }, 
    {
        "accumulated_operating_revenue_yoy": -2.168545524173177, 
        "accumulated_operating_revenue": 3328726, 
        "long_term_average": 470755, 
        "date": "2015-07-31", 
        "operating_revenue": 520496, 
        "short_term_average": 499929
    }, 
    {
        "accumulated_operating_revenue_yoy": -1.1810823490539164, 
        "accumulated_operating_revenue": 3732434, 
        "long_term_average": 473187, 
        "date": "2015-08-31", 
        "operating_revenue": 403708, 
        "short_term_average": 440059
    }, 
    {
        "accumulated_operating_revenue_yoy": -0.2350971793560749, 
        "accumulated_operating_revenue": 4202822, 
        "long_term_average": 476079, 
        "date": "2015-09-30", 
        "operating_revenue": 470388, 
        "short_term_average": 464864
    }
]