[
    {
        "date": "2012-01-31", 
        "operating_revenue": 68085, 
        "accumulated_operating_revenue": 68085, 
        "long_term_average": 68085, 
        "short_term_average": 68085
    }, 
    {
        "date": "2012-02-29", 
        "operating_revenue": 80607, 
        "accumulated_operating_revenue": 148692, 
        "long_term_average": 74346, 
        "short_term_average": 74346
    }, 
    {
        "date": "2012-03-31", 
        "operating_revenue": 104521, 
        "accumulated_operating_revenue": 253213, 
        "long_term_average": 84404, 
        "short_term_average": 84404
    }, 
    {
        "date": "2012-04-30", 
        "operating_revenue": 101700, 
        "accumulated_operating_revenue": 354913, 
        "long_term_average": 88728, 
        "short_term_average": 95609
    }, 
    {
        "date": "2012-05-31", 
        "operating_revenue": 109639, 
        "accumulated_operating_revenue": 464552, 
        "long_term_average": 92910, 
        "short_term_average": 105286
    }, 
    {
        "date": "2012-06-30", 
        "operating_revenue": 93212, 
        "accumulated_operating_revenue": 557764, 
        "long_term_average": 92960, 
        "short_term_average": 101517
    }, 
    {
        "date": "2012-07-31", 
        "operating_revenue": 80007, 
        "accumulated_operating_revenue": 637771, 
        "long_term_average": 91110, 
        "short_term_average": 94286
    }, 
    {
        "date": "2012-08-31", 
        "operating_revenue": 102322, 
        "accumulated_operating_revenue": 740093, 
        "long_term_average": 92511, 
        "short_term_average": 91847
    }, 
    {
        "date": "2012-09-30", 
        "operating_revenue": 76757, 
        "accumulated_operating_revenue": 816850, 
        "long_term_average": 90761, 
        "short_term_average": 86362
    }, 
    {
        "date": "2012-10-31", 
        "operating_revenue": 80709, 
        "accumulated_operating_revenue": 897559, 
        "long_term_average": 89755, 
        "short_term_average": 86596
    }, 
    {
        "date": "2012-11-30", 
        "operating_revenue": 73329, 
        "accumulated_operating_revenue": 970888, 
        "long_term_average": 88262, 
        "short_term_average": 76931
    }, 
    {
        "date": "2012-12-31", 
        "operating_revenue": 56710, 
        "accumulated_operating_revenue": 1027598, 
        "long_term_average": 85633, 
        "short_term_average": 70249
    }, 
    {
        "accumulated_operating_revenue_yoy": 3.621943159286187, 
        "accumulated_operating_revenue": 70551, 
        "long_term_average": 85838, 
        "date": "2013-01-31", 
        "operating_revenue": 70551, 
        "short_term_average": 66863
    }, 
    {
        "accumulated_operating_revenue_yoy": -31.761628063379334, 
        "accumulated_operating_revenue": 101465, 
        "long_term_average": 81697, 
        "date": "2013-02-28", 
        "operating_revenue": 30914, 
        "short_term_average": 52725
    }, 
    {
        "accumulated_operating_revenue_yoy": -37.95579215917034, 
        "accumulated_operating_revenue": 157104, 
        "long_term_average": 77624, 
        "date": "2013-03-31", 
        "operating_revenue": 55639, 
        "short_term_average": 52368
    }, 
    {
        "accumulated_operating_revenue_yoy": -38.26543406412276, 
        "accumulated_operating_revenue": 219104, 
        "long_term_average": 74315, 
        "date": "2013-04-30", 
        "operating_revenue": 62000, 
        "short_term_average": 49517
    }, 
    {
        "accumulated_operating_revenue_yoy": -36.774785169367476, 
        "accumulated_operating_revenue": 293714, 
        "long_term_average": 71396, 
        "date": "2013-05-31", 
        "operating_revenue": 74610, 
        "short_term_average": 64083
    }, 
    {
        "accumulated_operating_revenue_yoy": -34.98217884266464, 
        "accumulated_operating_revenue": 362646, 
        "long_term_average": 69373, 
        "date": "2013-06-30", 
        "operating_revenue": 68932, 
        "short_term_average": 68514
    }, 
    {
        "accumulated_operating_revenue_yoy": -31.127316858245358, 
        "accumulated_operating_revenue": 439250, 
        "long_term_average": 69089, 
        "date": "2013-07-31", 
        "operating_revenue": 76604, 
        "short_term_average": 73382
    }, 
    {
        "accumulated_operating_revenue_yoy": -31.333899928792736, 
        "accumulated_operating_revenue": 508193, 
        "long_term_average": 66308, 
        "date": "2013-08-31", 
        "operating_revenue": 68943, 
        "short_term_average": 71493
    }, 
    {
        "accumulated_operating_revenue_yoy": -29.856889269755772, 
        "accumulated_operating_revenue": 572964, 
        "long_term_average": 65309, 
        "date": "2013-09-30", 
        "operating_revenue": 64771, 
        "short_term_average": 70106
    }, 
    {
        "accumulated_operating_revenue_yoy": -27.032206239366996, 
        "accumulated_operating_revenue": 654929, 
        "long_term_average": 65414, 
        "date": "2013-10-31", 
        "operating_revenue": 81965, 
        "short_term_average": 71893
    }, 
    {
        "accumulated_operating_revenue_yoy": -23.762679114377764, 
        "accumulated_operating_revenue": 740179, 
        "long_term_average": 66407, 
        "date": "2013-11-30", 
        "operating_revenue": 85250, 
        "short_term_average": 77328
    }, 
    {
        "accumulated_operating_revenue_yoy": -19.359418761033012, 
        "accumulated_operating_revenue": 828661, 
        "long_term_average": 69055, 
        "date": "2013-12-31", 
        "operating_revenue": 88482, 
        "short_term_average": 85232
    }, 
    {
        "accumulated_operating_revenue_yoy": -0.9340760584541679, 
        "accumulated_operating_revenue": 69892, 
        "long_term_average": 69000, 
        "date": "2014-01-31", 
        "operating_revenue": 69892, 
        "short_term_average": 81208
    }, 
    {
        "accumulated_operating_revenue_yoy": 33.34056078450697, 
        "accumulated_operating_revenue": 135294, 
        "long_term_average": 71874, 
        "date": "2014-02-28", 
        "operating_revenue": 65402, 
        "short_term_average": 74592
    }, 
    {
        "accumulated_operating_revenue_yoy": 34.51344332416743, 
        "accumulated_operating_revenue": 211326, 
        "long_term_average": 73573, 
        "date": "2014-03-31", 
        "operating_revenue": 76032, 
        "short_term_average": 70442
    }, 
    {
        "accumulated_operating_revenue_yoy": 31.62835913538776, 
        "accumulated_operating_revenue": 288403, 
        "long_term_average": 74830, 
        "date": "2014-04-30", 
        "operating_revenue": 77077, 
        "short_term_average": 72837
    }, 
    {
        "accumulated_operating_revenue_yoy": 23.925996036961124, 
        "accumulated_operating_revenue": 363988, 
        "long_term_average": 74911, 
        "date": "2014-05-31", 
        "operating_revenue": 75585, 
        "short_term_average": 76231
    }, 
    {
        "accumulated_operating_revenue_yoy": 22.9772284817701, 
        "accumulated_operating_revenue": 445972, 
        "long_term_average": 75998, 
        "date": "2014-06-30", 
        "operating_revenue": 81984, 
        "short_term_average": 78215
    }, 
    {
        "accumulated_operating_revenue_yoy": 20.504723961297668, 
        "accumulated_operating_revenue": 529317, 
        "long_term_average": 76560, 
        "date": "2014-07-31", 
        "operating_revenue": 83345, 
        "short_term_average": 80304
    }, 
    {
        "accumulated_operating_revenue_yoy": 18.911515900455143, 
        "accumulated_operating_revenue": 604300, 
        "long_term_average": 77064, 
        "date": "2014-08-31", 
        "operating_revenue": 74983, 
        "short_term_average": 80104
    }, 
    {
        "accumulated_operating_revenue_yoy": 19.75621505016022, 
        "accumulated_operating_revenue": 686160, 
        "long_term_average": 78488, 
        "date": "2014-09-30", 
        "operating_revenue": 81860, 
        "short_term_average": 80062
    }, 
    {
        "accumulated_operating_revenue_yoy": 18.565371208176764, 
        "accumulated_operating_revenue": 776519, 
        "long_term_average": 79187, 
        "date": "2014-10-31", 
        "operating_revenue": 90359, 
        "short_term_average": 82400
    }, 
    {
        "accumulated_operating_revenue_yoy": 17.031555880401903, 
        "accumulated_operating_revenue": 866243, 
        "long_term_average": 79560, 
        "date": "2014-11-30", 
        "operating_revenue": 89724, 
        "short_term_average": 87314
    }, 
    {
        "accumulated_operating_revenue_yoy": 15.012290912689267, 
        "accumulated_operating_revenue": 953062, 
        "long_term_average": 79421, 
        "date": "2014-12-31", 
        "operating_revenue": 86819, 
        "short_term_average": 88967
    }, 
    {
        "accumulated_operating_revenue_yoy": 33.420133920906544, 
        "accumulated_operating_revenue": 93250, 
        "long_term_average": 81368, 
        "date": "2015-01-31", 
        "operating_revenue": 93250, 
        "short_term_average": 89931
    }, 
    {
        "accumulated_operating_revenue_yoy": 26.07876180761896, 
        "accumulated_operating_revenue": 170577, 
        "long_term_average": 82362, 
        "date": "2015-02-28", 
        "operating_revenue": 77327, 
        "short_term_average": 85798
    }, 
    {
        "accumulated_operating_revenue_yoy": 19.950219092776088, 
        "accumulated_operating_revenue": 253486, 
        "long_term_average": 82935, 
        "date": "2015-03-31", 
        "operating_revenue": 82909, 
        "short_term_average": 84495
    }, 
    {
        "accumulated_operating_revenue_yoy": 17.267504152175945, 
        "accumulated_operating_revenue": 338203, 
        "long_term_average": 83571, 
        "date": "2015-04-30", 
        "operating_revenue": 84717, 
        "short_term_average": 81651
    }, 
    {
        "accumulated_operating_revenue_yoy": 16.089266679121287, 
        "accumulated_operating_revenue": 422551, 
        "long_term_average": 84302, 
        "date": "2015-05-31", 
        "operating_revenue": 84348, 
        "short_term_average": 83991
    }, 
    {
        "accumulated_operating_revenue_yoy": 8.148269398078803, 
        "accumulated_operating_revenue": 482311, 
        "long_term_average": 82450, 
        "date": "2015-06-30", 
        "operating_revenue": 59760, 
        "short_term_average": 76275
    }, 
    {
        "accumulated_operating_revenue_yoy": 2.9800667652843194, 
        "accumulated_operating_revenue": 545091, 
        "long_term_average": 80736, 
        "date": "2015-07-31", 
        "operating_revenue": 62780, 
        "short_term_average": 68962
    }, 
    {
        "accumulated_operating_revenue_yoy": -1.2796624193281483, 
        "accumulated_operating_revenue": 596567, 
        "long_term_average": 78777, 
        "date": "2015-08-31", 
        "operating_revenue": 51476, 
        "short_term_average": 58005
    }
]