[
    {
        "date": "2012-01-31", 
        "operating_revenue": 64703, 
        "accumulated_operating_revenue": 64703, 
        "long_term_average": 64703, 
        "short_term_average": 64703
    }, 
    {
        "date": "2012-02-29", 
        "operating_revenue": 49278, 
        "accumulated_operating_revenue": 113981, 
        "long_term_average": 56990, 
        "short_term_average": 56990
    }, 
    {
        "date": "2012-03-31", 
        "operating_revenue": 57163, 
        "accumulated_operating_revenue": 171144, 
        "long_term_average": 57048, 
        "short_term_average": 57048
    }, 
    {
        "date": "2012-04-30", 
        "operating_revenue": 54658, 
        "accumulated_operating_revenue": 225802, 
        "long_term_average": 56450, 
        "short_term_average": 53699
    }, 
    {
        "date": "2012-05-31", 
        "operating_revenue": 57606, 
        "accumulated_operating_revenue": 283408, 
        "long_term_average": 56681, 
        "short_term_average": 56475
    }, 
    {
        "date": "2012-06-30", 
        "operating_revenue": 51693, 
        "accumulated_operating_revenue": 335101, 
        "long_term_average": 55850, 
        "short_term_average": 54652
    }, 
    {
        "date": "2012-07-31", 
        "operating_revenue": 51623, 
        "accumulated_operating_revenue": 386724, 
        "long_term_average": 55246, 
        "short_term_average": 53640
    }, 
    {
        "date": "2012-08-31", 
        "operating_revenue": 50248, 
        "accumulated_operating_revenue": 436972, 
        "long_term_average": 54621, 
        "short_term_average": 51188
    }, 
    {
        "date": "2012-09-30", 
        "operating_revenue": 47451, 
        "accumulated_operating_revenue": 484423, 
        "long_term_average": 53824, 
        "short_term_average": 49774
    }, 
    {
        "date": "2012-10-31", 
        "operating_revenue": 50192, 
        "accumulated_operating_revenue": 534615, 
        "long_term_average": 53461, 
        "short_term_average": 49297
    }, 
    {
        "date": "2012-11-30", 
        "operating_revenue": 49162, 
        "accumulated_operating_revenue": 583777, 
        "long_term_average": 53070, 
        "short_term_average": 48935
    }, 
    {
        "date": "2012-12-31", 
        "operating_revenue": 45766, 
        "accumulated_operating_revenue": 629543, 
        "long_term_average": 52461, 
        "short_term_average": 48373
    }, 
    {
        "accumulated_operating_revenue_yoy": 5.012132358623248, 
        "accumulated_operating_revenue": 67946, 
        "long_term_average": 52732, 
        "date": "2013-01-31", 
        "operating_revenue": 67946, 
        "short_term_average": 54291
    }, 
    {
        "accumulated_operating_revenue_yoy": -10.378045463717637, 
        "accumulated_operating_revenue": 102152, 
        "long_term_average": 51476, 
        "date": "2013-02-28", 
        "operating_revenue": 34206, 
        "short_term_average": 49306
    }, 
    {
        "accumulated_operating_revenue_yoy": -12.693404384611789, 
        "accumulated_operating_revenue": 149420, 
        "long_term_average": 50651, 
        "date": "2013-03-31", 
        "operating_revenue": 47268, 
        "short_term_average": 49806
    }, 
    {
        "accumulated_operating_revenue_yoy": -12.355515008724458, 
        "accumulated_operating_revenue": 197903, 
        "long_term_average": 50137, 
        "date": "2013-04-30", 
        "operating_revenue": 48483, 
        "short_term_average": 43319
    }, 
    {
        "accumulated_operating_revenue_yoy": -11.548015581776097, 
        "accumulated_operating_revenue": 250680, 
        "long_term_average": 49734, 
        "date": "2013-05-31", 
        "operating_revenue": 52777, 
        "short_term_average": 49509
    }, 
    {
        "accumulated_operating_revenue_yoy": -10.904473576623168, 
        "accumulated_operating_revenue": 298560, 
        "long_term_average": 49416, 
        "date": "2013-06-30", 
        "operating_revenue": 47880, 
        "short_term_average": 49713
    }, 
    {
        "accumulated_operating_revenue_yoy": -9.643570091331286, 
        "accumulated_operating_revenue": 349430, 
        "long_term_average": 49354, 
        "date": "2013-07-31", 
        "operating_revenue": 50870, 
        "short_term_average": 50509
    }, 
    {
        "accumulated_operating_revenue_yoy": -8.750446252849153, 
        "accumulated_operating_revenue": 398735, 
        "long_term_average": 49275, 
        "date": "2013-08-31", 
        "operating_revenue": 49305, 
        "short_term_average": 49351
    }, 
    {
        "accumulated_operating_revenue_yoy": -6.696626708475857, 
        "accumulated_operating_revenue": 451983, 
        "long_term_average": 49758, 
        "date": "2013-09-30", 
        "operating_revenue": 53248, 
        "short_term_average": 51141
    }, 
    {
        "accumulated_operating_revenue_yoy": -6.122349728309158, 
        "accumulated_operating_revenue": 501884, 
        "long_term_average": 49734, 
        "date": "2013-10-31", 
        "operating_revenue": 49901, 
        "short_term_average": 50818
    }, 
    {
        "accumulated_operating_revenue_yoy": -5.820030593874031, 
        "accumulated_operating_revenue": 549801, 
        "long_term_average": 49630, 
        "date": "2013-11-30", 
        "operating_revenue": 47917, 
        "short_term_average": 50355
    }, 
    {
        "accumulated_operating_revenue_yoy": -5.152944278627512, 
        "accumulated_operating_revenue": 597103, 
        "long_term_average": 49758, 
        "date": "2013-12-31", 
        "operating_revenue": 47302, 
        "short_term_average": 48373
    }, 
    {
        "accumulated_operating_revenue_yoy": -13.835987401760223, 
        "accumulated_operating_revenue": 58545, 
        "long_term_average": 48975, 
        "date": "2014-01-31", 
        "operating_revenue": 58545, 
        "short_term_average": 51254
    }, 
    {
        "accumulated_operating_revenue_yoy": -7.164813219516016, 
        "accumulated_operating_revenue": 94833, 
        "long_term_average": 49148, 
        "date": "2014-02-28", 
        "operating_revenue": 36288, 
        "short_term_average": 47378
    }, 
    {
        "accumulated_operating_revenue_yoy": -8.240530049524828, 
        "accumulated_operating_revenue": 137107, 
        "long_term_average": 48732, 
        "date": "2014-03-31", 
        "operating_revenue": 42274, 
        "short_term_average": 45702
    }, 
    {
        "accumulated_operating_revenue_yoy": -7.713880032136957, 
        "accumulated_operating_revenue": 182637, 
        "long_term_average": 48486, 
        "date": "2014-04-30", 
        "operating_revenue": 45530, 
        "short_term_average": 41364
    }, 
    {
        "accumulated_operating_revenue_yoy": -6.162438168182543, 
        "accumulated_operating_revenue": 235232, 
        "long_term_average": 48471, 
        "date": "2014-05-31", 
        "operating_revenue": 52595, 
        "short_term_average": 46799
    }, 
    {
        "accumulated_operating_revenue_yoy": -4.941385316184352, 
        "accumulated_operating_revenue": 283807, 
        "long_term_average": 48529, 
        "date": "2014-06-30", 
        "operating_revenue": 48575, 
        "short_term_average": 48900
    }, 
    {
        "accumulated_operating_revenue_yoy": -5.319520361731963, 
        "accumulated_operating_revenue": 330842, 
        "long_term_average": 48209, 
        "date": "2014-07-31", 
        "operating_revenue": 47035, 
        "short_term_average": 49401
    }, 
    {
        "accumulated_operating_revenue_yoy": -5.532998106511844, 
        "accumulated_operating_revenue": 376673, 
        "long_term_average": 47920, 
        "date": "2014-08-31", 
        "operating_revenue": 45831, 
        "short_term_average": 47147
    }, 
    {
        "accumulated_operating_revenue_yoy": -7.096505842033881, 
        "accumulated_operating_revenue": 419908, 
        "long_term_average": 47085, 
        "date": "2014-09-30", 
        "operating_revenue": 43235, 
        "short_term_average": 45367
    }, 
    {
        "accumulated_operating_revenue_yoy": -6.628224848769835, 
        "accumulated_operating_revenue": 468618, 
        "long_term_average": 46986, 
        "date": "2014-10-31", 
        "operating_revenue": 48710, 
        "short_term_average": 45925
    }, 
    {
        "accumulated_operating_revenue_yoy": -6.354844752919693, 
        "accumulated_operating_revenue": 514862, 
        "long_term_average": 46847, 
        "date": "2014-11-30", 
        "operating_revenue": 46244, 
        "short_term_average": 46063
    }, 
    {
        "accumulated_operating_revenue_yoy": -5.926783151315602, 
        "accumulated_operating_revenue": 561714, 
        "long_term_average": 46809, 
        "date": "2014-12-31", 
        "operating_revenue": 46852, 
        "short_term_average": 47268
    }, 
    {
        "accumulated_operating_revenue_yoy": -11.068408916218294, 
        "accumulated_operating_revenue": 52065, 
        "long_term_average": 46269, 
        "date": "2015-01-31", 
        "operating_revenue": 52065, 
        "short_term_average": 48387
    }, 
    {
        "accumulated_operating_revenue_yoy": -5.381038246180127, 
        "accumulated_operating_revenue": 89730, 
        "long_term_average": 46384, 
        "date": "2015-02-28", 
        "operating_revenue": 37665, 
        "short_term_average": 45527
    }, 
    {
        "accumulated_operating_revenue_yoy": -5.971978090104808, 
        "accumulated_operating_revenue": 128919, 
        "long_term_average": 46127, 
        "date": "2015-03-31", 
        "operating_revenue": 39189, 
        "short_term_average": 42973
    }, 
    {
        "accumulated_operating_revenue_yoy": -2.307856567946254, 
        "accumulated_operating_revenue": 178422, 
        "long_term_average": 46458, 
        "date": "2015-04-30", 
        "operating_revenue": 49503, 
        "short_term_average": 42119
    }, 
    {
        "accumulated_operating_revenue_yoy": -6.579887090191811, 
        "accumulated_operating_revenue": 219754, 
        "long_term_average": 45519, 
        "date": "2015-05-31", 
        "operating_revenue": 41332, 
        "short_term_average": 43341
    }, 
    {
        "accumulated_operating_revenue_yoy": -5.680620985387957, 
        "accumulated_operating_revenue": 267685, 
        "long_term_average": 45466, 
        "date": "2015-06-30", 
        "operating_revenue": 47931, 
        "short_term_average": 46255
    }, 
    {
        "accumulated_operating_revenue_yoy": -6.343209145150857, 
        "accumulated_operating_revenue": 309856, 
        "long_term_average": 45060, 
        "date": "2015-07-31", 
        "operating_revenue": 42171, 
        "short_term_average": 43811
    }, 
    {
        "accumulated_operating_revenue_yoy": -6.718028634916758, 
        "accumulated_operating_revenue": 351368, 
        "long_term_average": 44700, 
        "date": "2015-08-31", 
        "operating_revenue": 41512, 
        "short_term_average": 43871
    }
]