[
    {
        "date": "2012-01-31", 
        "operating_revenue": 196179, 
        "accumulated_operating_revenue": 196179, 
        "long_term_average": 196179, 
        "short_term_average": 196179
    }, 
    {
        "date": "2012-02-29", 
        "operating_revenue": 111467, 
        "accumulated_operating_revenue": 307646, 
        "long_term_average": 153823, 
        "short_term_average": 153823
    }, 
    {
        "date": "2012-03-31", 
        "operating_revenue": 152771, 
        "accumulated_operating_revenue": 460417, 
        "long_term_average": 153472, 
        "short_term_average": 153472
    }, 
    {
        "date": "2012-04-30", 
        "operating_revenue": 207618, 
        "accumulated_operating_revenue": 668035, 
        "long_term_average": 167008, 
        "short_term_average": 157285
    }, 
    {
        "date": "2012-05-31", 
        "operating_revenue": 203770, 
        "accumulated_operating_revenue": 871805, 
        "long_term_average": 174361, 
        "short_term_average": 188053
    }, 
    {
        "date": "2012-06-30", 
        "operating_revenue": 196775, 
        "accumulated_operating_revenue": 1068580, 
        "long_term_average": 178096, 
        "short_term_average": 202721
    }, 
    {
        "date": "2012-07-31", 
        "operating_revenue": 193937, 
        "accumulated_operating_revenue": 1262517, 
        "long_term_average": 180359, 
        "short_term_average": 198160
    }, 
    {
        "date": "2012-08-31", 
        "operating_revenue": 199262, 
        "accumulated_operating_revenue": 1461779, 
        "long_term_average": 182722, 
        "short_term_average": 196658
    }, 
    {
        "date": "2012-09-30", 
        "operating_revenue": 145032, 
        "accumulated_operating_revenue": 1606811, 
        "long_term_average": 178534, 
        "short_term_average": 179410
    }, 
    {
        "date": "2012-10-31", 
        "operating_revenue": 163384, 
        "accumulated_operating_revenue": 1770195, 
        "long_term_average": 177019, 
        "short_term_average": 169226
    }, 
    {
        "date": "2012-11-30", 
        "operating_revenue": 173273, 
        "accumulated_operating_revenue": 1943468, 
        "long_term_average": 176678, 
        "short_term_average": 160563
    }, 
    {
        "date": "2012-12-31", 
        "operating_revenue": 211042, 
        "accumulated_operating_revenue": 2154510, 
        "long_term_average": 179542, 
        "short_term_average": 182566
    }, 
    {
        "accumulated_operating_revenue_yoy": 35.37840441637484, 
        "accumulated_operating_revenue": 265584, 
        "long_term_average": 185326, 
        "date": "2013-01-31", 
        "operating_revenue": 265584, 
        "short_term_average": 216633
    }, 
    {
        "accumulated_operating_revenue_yoy": 24.783354894911685, 
        "accumulated_operating_revenue": 383891, 
        "long_term_average": 185896, 
        "date": "2013-02-28", 
        "operating_revenue": 118307, 
        "short_term_average": 198311
    }, 
    {
        "accumulated_operating_revenue_yoy": 16.304350186895793, 
        "accumulated_operating_revenue": 535485, 
        "long_term_average": 185798, 
        "date": "2013-03-31", 
        "operating_revenue": 151594, 
        "short_term_average": 178495
    }, 
    {
        "accumulated_operating_revenue_yoy": 13.54195513708114, 
        "accumulated_operating_revenue": 758500, 
        "long_term_average": 187081, 
        "date": "2013-04-30", 
        "operating_revenue": 223015, 
        "short_term_average": 164305
    }, 
    {
        "accumulated_operating_revenue_yoy": 10.817327269286137, 
        "accumulated_operating_revenue": 966111, 
        "long_term_average": 187401, 
        "date": "2013-05-31", 
        "operating_revenue": 207611, 
        "short_term_average": 194073
    }, 
    {
        "accumulated_operating_revenue_yoy": 11.615789178161673, 
        "accumulated_operating_revenue": 1192704, 
        "long_term_average": 189886, 
        "date": "2013-06-30", 
        "operating_revenue": 226593, 
        "short_term_average": 219073
    }, 
    {
        "accumulated_operating_revenue_yoy": 8.832593937348962, 
        "accumulated_operating_revenue": 1374030, 
        "long_term_average": 188835, 
        "date": "2013-07-31", 
        "operating_revenue": 181326, 
        "short_term_average": 205176
    }, 
    {
        "accumulated_operating_revenue_yoy": 9.52750039506656, 
        "accumulated_operating_revenue": 1601050, 
        "long_term_average": 191148, 
        "date": "2013-08-31", 
        "operating_revenue": 227020, 
        "short_term_average": 211646
    }, 
    {
        "accumulated_operating_revenue_yoy": 13.463002182584013, 
        "accumulated_operating_revenue": 1823136, 
        "long_term_average": 197569, 
        "date": "2013-09-30", 
        "operating_revenue": 222086, 
        "short_term_average": 210144
    }, 
    {
        "accumulated_operating_revenue_yoy": 13.50365355229226, 
        "accumulated_operating_revenue": 2009236, 
        "long_term_average": 199462, 
        "date": "2013-10-31", 
        "operating_revenue": 186100, 
        "short_term_average": 211735
    }, 
    {
        "accumulated_operating_revenue_yoy": 10.79930310146604, 
        "accumulated_operating_revenue": 2153349, 
        "long_term_average": 197032, 
        "date": "2013-11-30", 
        "operating_revenue": 144113, 
        "short_term_average": 184099
    }, 
    {
        "accumulated_operating_revenue_yoy": 10.768063271927259, 
        "accumulated_operating_revenue": 2386509, 
        "long_term_average": 198875, 
        "date": "2013-12-31", 
        "operating_revenue": 233160, 
        "short_term_average": 187791
    }, 
    {
        "accumulated_operating_revenue_yoy": -31.267320320501234, 
        "accumulated_operating_revenue": 182543, 
        "long_term_average": 191955, 
        "date": "2014-01-31", 
        "operating_revenue": 182543, 
        "short_term_average": 186605
    }, 
    {
        "accumulated_operating_revenue_yoy": -0.7450031389118266, 
        "accumulated_operating_revenue": 381031, 
        "long_term_average": 198637, 
        "date": "2014-02-28", 
        "operating_revenue": 198488, 
        "short_term_average": 204730
    }, 
    {
        "accumulated_operating_revenue_yoy": -7.546429871985209, 
        "accumulated_operating_revenue": 495075, 
        "long_term_average": 195508, 
        "date": "2014-03-31", 
        "operating_revenue": 114044, 
        "short_term_average": 165025
    }, 
    {
        "accumulated_operating_revenue_yoy": -12.852076466710614, 
        "accumulated_operating_revenue": 661017, 
        "long_term_average": 190752, 
        "date": "2014-04-30", 
        "operating_revenue": 165942, 
        "short_term_average": 159491
    }, 
    {
        "accumulated_operating_revenue_yoy": -15.434975898214596, 
        "accumulated_operating_revenue": 816992, 
        "long_term_average": 186449, 
        "date": "2014-05-31", 
        "operating_revenue": 155975, 
        "short_term_average": 145320
    }, 
    {
        "accumulated_operating_revenue_yoy": -20.345198808757246, 
        "accumulated_operating_revenue": 950046, 
        "long_term_average": 178654, 
        "date": "2014-06-30", 
        "operating_revenue": 133054, 
        "short_term_average": 151657
    }, 
    {
        "accumulated_operating_revenue_yoy": -16.54381636499931, 
        "accumulated_operating_revenue": 1146713, 
        "long_term_average": 179932, 
        "date": "2014-07-31", 
        "operating_revenue": 196667, 
        "short_term_average": 161898
    }, 
    {
        "accumulated_operating_revenue_yoy": -17.485525124137286, 
        "accumulated_operating_revenue": 1321098, 
        "long_term_average": 175546, 
        "date": "2014-08-31", 
        "operating_revenue": 174385, 
        "short_term_average": 168035
    }, 
    {
        "accumulated_operating_revenue_yoy": -17.920495234584806, 
        "accumulated_operating_revenue": 1496421, 
        "long_term_average": 171649, 
        "date": "2014-09-30", 
        "operating_revenue": 175323, 
        "short_term_average": 182125
    }, 
    {
        "accumulated_operating_revenue_yoy": -16.549474526635997, 
        "accumulated_operating_revenue": 1676718, 
        "long_term_average": 171165, 
        "date": "2014-10-31", 
        "operating_revenue": 180297, 
        "short_term_average": 176668
    }, 
    {
        "accumulated_operating_revenue_yoy": -14.574692722823842, 
        "accumulated_operating_revenue": 1839505, 
        "long_term_average": 172722, 
        "date": "2014-11-30", 
        "operating_revenue": 162787, 
        "short_term_average": 172802
    }, 
    {
        "accumulated_operating_revenue_yoy": -13.638289233352985, 
        "accumulated_operating_revenue": 2061030, 
        "long_term_average": 171752, 
        "date": "2014-12-31", 
        "operating_revenue": 221525, 
        "short_term_average": 188203
    }, 
    {
        "accumulated_operating_revenue_yoy": 23.184674295919315, 
        "accumulated_operating_revenue": 224865, 
        "long_term_average": 175279, 
        "date": "2015-01-31", 
        "operating_revenue": 224865, 
        "short_term_average": 203059
    }, 
    {
        "accumulated_operating_revenue_yoy": 2.988208308510331, 
        "accumulated_operating_revenue": 392417, 
        "long_term_average": 172701, 
        "date": "2015-02-28", 
        "operating_revenue": 167552, 
        "short_term_average": 204647
    }, 
    {
        "accumulated_operating_revenue_yoy": 13.318992071908298, 
        "accumulated_operating_revenue": 561014, 
        "long_term_average": 177247, 
        "date": "2015-03-31", 
        "operating_revenue": 168597, 
        "short_term_average": 187004
    }, 
    {
        "accumulated_operating_revenue_yoy": 15.75814237757879, 
        "accumulated_operating_revenue": 765181, 
        "long_term_average": 180432, 
        "date": "2015-04-30", 
        "operating_revenue": 204167, 
        "short_term_average": 180105
    }, 
    {
        "accumulated_operating_revenue_yoy": 20.6255385609651, 
        "accumulated_operating_revenue": 985501, 
        "long_term_average": 185794, 
        "date": "2015-05-31", 
        "operating_revenue": 220320, 
        "short_term_average": 197694
    }, 
    {
        "accumulated_operating_revenue_yoy": 25.24667226639552, 
        "accumulated_operating_revenue": 1189901, 
        "long_term_average": 191740, 
        "date": "2015-06-30", 
        "operating_revenue": 204400, 
        "short_term_average": 209629
    }, 
    {
        "accumulated_operating_revenue_yoy": 23.55000771771141, 
        "accumulated_operating_revenue": 1416764, 
        "long_term_average": 194256, 
        "date": "2015-07-31", 
        "operating_revenue": 226863, 
        "short_term_average": 217194
    }, 
    {
        "accumulated_operating_revenue_yoy": 21.384711807905244, 
        "accumulated_operating_revenue": 1603611, 
        "long_term_average": 195295, 
        "date": "2015-08-31", 
        "operating_revenue": 186847, 
        "short_term_average": 206036
    }
]