[
    {
        "date": "2012-01-31", 
        "operating_revenue": 36732, 
        "accumulated_operating_revenue": 36732, 
        "long_term_average": 36732, 
        "short_term_average": 36732
    }, 
    {
        "date": "2012-02-29", 
        "operating_revenue": 42121, 
        "accumulated_operating_revenue": 78853, 
        "long_term_average": 39426, 
        "short_term_average": 39426
    }, 
    {
        "date": "2012-03-31", 
        "operating_revenue": 46416, 
        "accumulated_operating_revenue": 125269, 
        "long_term_average": 41756, 
        "short_term_average": 41756
    }, 
    {
        "date": "2012-04-30", 
        "operating_revenue": 50651, 
        "accumulated_operating_revenue": 175920, 
        "long_term_average": 43980, 
        "short_term_average": 46396
    }, 
    {
        "date": "2012-05-31", 
        "operating_revenue": 51266, 
        "accumulated_operating_revenue": 227186, 
        "long_term_average": 45437, 
        "short_term_average": 49444
    }, 
    {
        "date": "2012-06-30", 
        "operating_revenue": 49311, 
        "accumulated_operating_revenue": 276497, 
        "long_term_average": 46082, 
        "short_term_average": 50409
    }, 
    {
        "date": "2012-07-31", 
        "operating_revenue": 59328, 
        "accumulated_operating_revenue": 335825, 
        "long_term_average": 47975, 
        "short_term_average": 53301
    }, 
    {
        "date": "2012-08-31", 
        "operating_revenue": 51119, 
        "accumulated_operating_revenue": 386944, 
        "long_term_average": 48368, 
        "short_term_average": 53252
    }, 
    {
        "date": "2012-09-30", 
        "operating_revenue": 53487, 
        "accumulated_operating_revenue": 440431, 
        "long_term_average": 48936, 
        "short_term_average": 54644
    }, 
    {
        "date": "2012-10-31", 
        "operating_revenue": 56429, 
        "accumulated_operating_revenue": 496860, 
        "long_term_average": 49686, 
        "short_term_average": 53678
    }, 
    {
        "date": "2012-11-30", 
        "operating_revenue": 61124, 
        "accumulated_operating_revenue": 557984, 
        "long_term_average": 50725, 
        "short_term_average": 57013
    }, 
    {
        "date": "2012-12-31", 
        "operating_revenue": 72300, 
        "accumulated_operating_revenue": 630284, 
        "long_term_average": 52523, 
        "short_term_average": 63284
    }, 
    {
        "accumulated_operating_revenue_yoy": 32.62005880431232, 
        "accumulated_operating_revenue": 48714, 
        "long_term_average": 53522, 
        "date": "2013-01-31", 
        "operating_revenue": 48714, 
        "short_term_average": 60712
    }, 
    {
        "accumulated_operating_revenue_yoy": 15.021622512776938, 
        "accumulated_operating_revenue": 90698, 
        "long_term_average": 53510, 
        "date": "2013-02-28", 
        "operating_revenue": 41984, 
        "short_term_average": 54332
    }, 
    {
        "accumulated_operating_revenue_yoy": 14.96459618900127, 
        "accumulated_operating_revenue": 144015, 
        "long_term_average": 54085, 
        "date": "2013-03-31", 
        "operating_revenue": 53317, 
        "short_term_average": 48005
    }, 
    {
        "accumulated_operating_revenue_yoy": 9.238858572078218, 
        "accumulated_operating_revenue": 192173, 
        "long_term_average": 53878, 
        "date": "2013-04-30", 
        "operating_revenue": 48158, 
        "short_term_average": 47819
    }, 
    {
        "accumulated_operating_revenue_yoy": 7.76676379706496, 
        "accumulated_operating_revenue": 244831, 
        "long_term_average": 53994, 
        "date": "2013-05-31", 
        "operating_revenue": 52658, 
        "short_term_average": 51377
    }, 
    {
        "accumulated_operating_revenue_yoy": 5.270581597630354, 
        "accumulated_operating_revenue": 291070, 
        "long_term_average": 53738, 
        "date": "2013-06-30", 
        "operating_revenue": 46239, 
        "short_term_average": 49018
    }, 
    {
        "accumulated_operating_revenue_yoy": 1.2173006774361645, 
        "accumulated_operating_revenue": 339913, 
        "long_term_average": 52864, 
        "date": "2013-07-31", 
        "operating_revenue": 48843, 
        "short_term_average": 49246
    }, 
    {
        "accumulated_operating_revenue_yoy": 0.9226141250413495, 
        "accumulated_operating_revenue": 390514, 
        "long_term_average": 52821, 
        "date": "2013-08-31", 
        "operating_revenue": 50601, 
        "short_term_average": 48561
    }, 
    {
        "accumulated_operating_revenue_yoy": -0.49996480720021985, 
        "accumulated_operating_revenue": 438229, 
        "long_term_average": 52340, 
        "date": "2013-09-30", 
        "operating_revenue": 47715, 
        "short_term_average": 49053
    }, 
    {
        "accumulated_operating_revenue_yoy": -2.352372901823451, 
        "accumulated_operating_revenue": 485172, 
        "long_term_average": 51549, 
        "date": "2013-10-31", 
        "operating_revenue": 46943, 
        "short_term_average": 48419
    }, 
    {
        "accumulated_operating_revenue_yoy": -2.815313700751276, 
        "accumulated_operating_revenue": 542275, 
        "long_term_average": 51214, 
        "date": "2013-11-30", 
        "operating_revenue": 57103, 
        "short_term_average": 50587
    }, 
    {
        "accumulated_operating_revenue_yoy": -3.1306522139226125, 
        "accumulated_operating_revenue": 610552, 
        "long_term_average": 50879, 
        "date": "2013-12-31", 
        "operating_revenue": 68277, 
        "short_term_average": 57441
    }, 
    {
        "accumulated_operating_revenue_yoy": -1.6648191484994048, 
        "accumulated_operating_revenue": 47903, 
        "long_term_average": 50811, 
        "date": "2014-01-31", 
        "operating_revenue": 47903, 
        "short_term_average": 57761
    }, 
    {
        "accumulated_operating_revenue_yoy": -4.215087433019471, 
        "accumulated_operating_revenue": 86875, 
        "long_term_average": 50560, 
        "date": "2014-02-28", 
        "operating_revenue": 38972, 
        "short_term_average": 51717
    }, 
    {
        "accumulated_operating_revenue_yoy": -3.196889212929209, 
        "accumulated_operating_revenue": 139411, 
        "long_term_average": 50495, 
        "date": "2014-03-31", 
        "operating_revenue": 52536, 
        "short_term_average": 46470
    }, 
    {
        "accumulated_operating_revenue_yoy": -0.7030123898778704, 
        "accumulated_operating_revenue": 190822, 
        "long_term_average": 50766, 
        "date": "2014-04-30", 
        "operating_revenue": 51411, 
        "short_term_average": 47639
    }, 
    {
        "accumulated_operating_revenue_yoy": -0.6355404340136666, 
        "accumulated_operating_revenue": 243275, 
        "long_term_average": 50749, 
        "date": "2014-05-31", 
        "operating_revenue": 52453, 
        "short_term_average": 52133
    }, 
    {
        "accumulated_operating_revenue_yoy": 2.9377812897241213, 
        "accumulated_operating_revenue": 299621, 
        "long_term_average": 51591, 
        "date": "2014-06-30", 
        "operating_revenue": 56346, 
        "short_term_average": 53403
    }, 
    {
        "accumulated_operating_revenue_yoy": 5.610847481561458, 
        "accumulated_operating_revenue": 358985, 
        "long_term_average": 52468, 
        "date": "2014-07-31", 
        "operating_revenue": 59364, 
        "short_term_average": 56054
    }, 
    {
        "accumulated_operating_revenue_yoy": 5.873541025417783, 
        "accumulated_operating_revenue": 413451, 
        "long_term_average": 52790, 
        "date": "2014-08-31", 
        "operating_revenue": 54466, 
        "short_term_average": 56725
    }, 
    {
        "accumulated_operating_revenue_yoy": 6.077872527833621, 
        "accumulated_operating_revenue": 464864, 
        "long_term_average": 53098, 
        "date": "2014-09-30", 
        "operating_revenue": 51413, 
        "short_term_average": 55081
    }, 
    {
        "accumulated_operating_revenue_yoy": 7.051932098307405, 
        "accumulated_operating_revenue": 519386, 
        "long_term_average": 53730, 
        "date": "2014-10-31", 
        "operating_revenue": 54522, 
        "short_term_average": 53467
    }, 
    {
        "accumulated_operating_revenue_yoy": 5.567101562860173, 
        "accumulated_operating_revenue": 572464, 
        "long_term_average": 53395, 
        "date": "2014-11-30", 
        "operating_revenue": 53078, 
        "short_term_average": 53004
    }, 
    {
        "accumulated_operating_revenue_yoy": 4.402737195193858, 
        "accumulated_operating_revenue": 637433, 
        "long_term_average": 53119, 
        "date": "2014-12-31", 
        "operating_revenue": 64969, 
        "short_term_average": 57523
    }, 
    {
        "accumulated_operating_revenue_yoy": -12.533661774836649, 
        "accumulated_operating_revenue": 41899, 
        "long_term_average": 52619, 
        "date": "2015-01-31", 
        "operating_revenue": 41899, 
        "short_term_average": 53315
    }, 
    {
        "accumulated_operating_revenue_yoy": -5.565467625899281, 
        "accumulated_operating_revenue": 82040, 
        "long_term_average": 52716, 
        "date": "2015-02-28", 
        "operating_revenue": 40141, 
        "short_term_average": 49003
    }, 
    {
        "accumulated_operating_revenue_yoy": 1.4166744374547202, 
        "accumulated_operating_revenue": 141386, 
        "long_term_average": 53284, 
        "date": "2015-03-31", 
        "operating_revenue": 59346, 
        "short_term_average": 47128
    }, 
    {
        "accumulated_operating_revenue_yoy": -1.190114347402291, 
        "accumulated_operating_revenue": 188551, 
        "long_term_average": 52930, 
        "date": "2015-04-30", 
        "operating_revenue": 47165, 
        "short_term_average": 48884
    }, 
    {
        "accumulated_operating_revenue_yoy": -3.2629740006165866, 
        "accumulated_operating_revenue": 235337, 
        "long_term_average": 52457, 
        "date": "2015-05-31", 
        "operating_revenue": 46786, 
        "short_term_average": 51099
    }, 
    {
        "accumulated_operating_revenue_yoy": 1.6861301444157786, 
        "accumulated_operating_revenue": 304673, 
        "long_term_average": 53540, 
        "date": "2015-06-30", 
        "operating_revenue": 69336, 
        "short_term_average": 54429
    }, 
    {
        "accumulated_operating_revenue_yoy": 0.5348412886332298, 
        "accumulated_operating_revenue": 360905, 
        "long_term_average": 53279, 
        "date": "2015-07-31", 
        "operating_revenue": 56232, 
        "short_term_average": 57451
    }, 
    {
        "accumulated_operating_revenue_yoy": 1.884866646833603, 
        "accumulated_operating_revenue": 421244, 
        "long_term_average": 53768, 
        "date": "2015-08-31", 
        "operating_revenue": 60339, 
        "short_term_average": 61969
    }, 
    {
        "accumulated_operating_revenue_yoy": 1.8024626557444758, 
        "accumulated_operating_revenue": 473243, 
        "long_term_average": 53817, 
        "date": "2015-09-30", 
        "operating_revenue": 51999, 
        "short_term_average": 56190
    }, 
    {
        "accumulated_operating_revenue_yoy": 0.778034063297817, 
        "accumulated_operating_revenue": 523427, 
        "long_term_average": 53456, 
        "date": "2015-10-31", 
        "operating_revenue": 50184, 
        "short_term_average": 54174
    }
]