[
    {
        "date": "2012-01-31", 
        "operating_revenue": 70844, 
        "accumulated_operating_revenue": 70844, 
        "long_term_average": 70844, 
        "short_term_average": 70844
    }, 
    {
        "date": "2012-02-29", 
        "operating_revenue": 94690, 
        "accumulated_operating_revenue": 165534, 
        "long_term_average": 82767, 
        "short_term_average": 82767
    }, 
    {
        "date": "2012-03-31", 
        "operating_revenue": 76934, 
        "accumulated_operating_revenue": 242468, 
        "long_term_average": 80822, 
        "short_term_average": 80822
    }, 
    {
        "date": "2012-04-30", 
        "operating_revenue": 117346, 
        "accumulated_operating_revenue": 359814, 
        "long_term_average": 89953, 
        "short_term_average": 96323
    }, 
    {
        "date": "2012-05-31", 
        "operating_revenue": 113571, 
        "accumulated_operating_revenue": 473385, 
        "long_term_average": 94677, 
        "short_term_average": 102617
    }, 
    {
        "date": "2012-06-30", 
        "operating_revenue": 91534, 
        "accumulated_operating_revenue": 564919, 
        "long_term_average": 94153, 
        "short_term_average": 107483
    }, 
    {
        "date": "2012-07-31", 
        "operating_revenue": 78763, 
        "accumulated_operating_revenue": 643682, 
        "long_term_average": 91954, 
        "short_term_average": 94622
    }, 
    {
        "date": "2012-08-31", 
        "operating_revenue": 77949, 
        "accumulated_operating_revenue": 721631, 
        "long_term_average": 90203, 
        "short_term_average": 82748
    }, 
    {
        "date": "2012-09-30", 
        "operating_revenue": 104246, 
        "accumulated_operating_revenue": 825877, 
        "long_term_average": 91764, 
        "short_term_average": 86986
    }, 
    {
        "date": "2012-10-31", 
        "operating_revenue": 100856, 
        "accumulated_operating_revenue": 926733, 
        "long_term_average": 92673, 
        "short_term_average": 94350
    }, 
    {
        "date": "2012-11-30", 
        "operating_revenue": 117830, 
        "accumulated_operating_revenue": 1044563, 
        "long_term_average": 94960, 
        "short_term_average": 107644
    }, 
    {
        "date": "2012-12-31", 
        "operating_revenue": 108889, 
        "accumulated_operating_revenue": 1153452, 
        "long_term_average": 96121, 
        "short_term_average": 109191
    }, 
    {
        "accumulated_operating_revenue_yoy": 15.977358703630513, 
        "accumulated_operating_revenue": 82163, 
        "long_term_average": 97064, 
        "date": "2013-01-31", 
        "operating_revenue": 82163, 
        "short_term_average": 102960
    }, 
    {
        "accumulated_operating_revenue_yoy": 2.551741636159339, 
        "accumulated_operating_revenue": 169758, 
        "long_term_average": 96473, 
        "date": "2013-02-28", 
        "operating_revenue": 87595, 
        "short_term_average": 92882
    }, 
    {
        "accumulated_operating_revenue_yoy": 27.951729712786843, 
        "accumulated_operating_revenue": 310242, 
        "long_term_average": 101768, 
        "date": "2013-03-31", 
        "operating_revenue": 140484, 
        "short_term_average": 103414
    }, 
    {
        "accumulated_operating_revenue_yoy": 17.456519201587486, 
        "accumulated_operating_revenue": 422625, 
        "long_term_average": 101355, 
        "date": "2013-04-30", 
        "operating_revenue": 112383, 
        "short_term_average": 113487
    }, 
    {
        "accumulated_operating_revenue_yoy": 25.10852688614975, 
        "accumulated_operating_revenue": 592245, 
        "long_term_average": 106026, 
        "date": "2013-05-31", 
        "operating_revenue": 169620, 
        "short_term_average": 140829
    }, 
    {
        "accumulated_operating_revenue_yoy": 26.475831048344983, 
        "accumulated_operating_revenue": 714486, 
        "long_term_average": 108584, 
        "date": "2013-06-30", 
        "operating_revenue": 122241, 
        "short_term_average": 134748
    }, 
    {
        "accumulated_operating_revenue_yoy": 26.16571536876905, 
        "accumulated_operating_revenue": 812106, 
        "long_term_average": 110156, 
        "date": "2013-07-31", 
        "operating_revenue": 97620, 
        "short_term_average": 129827
    }, 
    {
        "accumulated_operating_revenue_yoy": 26.53128815142365, 
        "accumulated_operating_revenue": 913089, 
        "long_term_average": 112075, 
        "date": "2013-08-31", 
        "operating_revenue": 100983, 
        "short_term_average": 106948
    }, 
    {
        "accumulated_operating_revenue_yoy": 23.579903544958874, 
        "accumulated_operating_revenue": 1020618, 
        "long_term_average": 112349, 
        "date": "2013-09-30", 
        "operating_revenue": 107529, 
        "short_term_average": 102044
    }, 
    {
        "accumulated_operating_revenue_yoy": 21.231681617035328, 
        "accumulated_operating_revenue": 1123494, 
        "long_term_average": 112517, 
        "date": "2013-10-31", 
        "operating_revenue": 102876, 
        "short_term_average": 103796
    }, 
    {
        "accumulated_operating_revenue_yoy": 17.468931983997134, 
        "accumulated_operating_revenue": 1227037, 
        "long_term_average": 111327, 
        "date": "2013-11-30", 
        "operating_revenue": 103543, 
        "short_term_average": 104649
    }, 
    {
        "accumulated_operating_revenue_yoy": 21.85552584762955, 
        "accumulated_operating_revenue": 1405545, 
        "long_term_average": 117128, 
        "date": "2013-12-31", 
        "operating_revenue": 178508, 
        "short_term_average": 128309
    }, 
    {
        "accumulated_operating_revenue_yoy": 3.423682192714482, 
        "accumulated_operating_revenue": 84976, 
        "long_term_average": 117363, 
        "date": "2014-01-31", 
        "operating_revenue": 84976, 
        "short_term_average": 122342
    }, 
    {
        "accumulated_operating_revenue_yoy": 2.71032882102758, 
        "accumulated_operating_revenue": 174359, 
        "long_term_average": 117512, 
        "date": "2014-02-28", 
        "operating_revenue": 89383, 
        "short_term_average": 117622
    }, 
    {
        "accumulated_operating_revenue_yoy": -11.148716163511066, 
        "accumulated_operating_revenue": 275654, 
        "long_term_average": 114246, 
        "date": "2014-03-31", 
        "operating_revenue": 101295, 
        "short_term_average": 91884
    }, 
    {
        "accumulated_operating_revenue_yoy": -10.708784383318545, 
        "accumulated_operating_revenue": 377367, 
        "long_term_average": 113357, 
        "date": "2014-04-30", 
        "operating_revenue": 101713, 
        "short_term_average": 97463
    }, 
    {
        "accumulated_operating_revenue_yoy": -17.152360931709005, 
        "accumulated_operating_revenue": 490661, 
        "long_term_average": 108663, 
        "date": "2014-05-31", 
        "operating_revenue": 113294, 
        "short_term_average": 105434
    }, 
    {
        "accumulated_operating_revenue_yoy": -12.639575862928035, 
        "accumulated_operating_revenue": 624178, 
        "long_term_average": 109603, 
        "date": "2014-06-30", 
        "operating_revenue": 133517, 
        "short_term_average": 116174
    }, 
    {
        "accumulated_operating_revenue_yoy": -4.526995244463161, 
        "accumulated_operating_revenue": 775342, 
        "long_term_average": 114065, 
        "date": "2014-07-31", 
        "operating_revenue": 151164, 
        "short_term_average": 132658
    }, 
    {
        "accumulated_operating_revenue_yoy": -0.16789162940304833, 
        "accumulated_operating_revenue": 911556, 
        "long_term_average": 117001, 
        "date": "2014-08-31", 
        "operating_revenue": 136214, 
        "short_term_average": 140298
    }, 
    {
        "accumulated_operating_revenue_yoy": 2.1475223834970576, 
        "accumulated_operating_revenue": 1042536, 
        "long_term_average": 118955, 
        "date": "2014-09-30", 
        "operating_revenue": 130980, 
        "short_term_average": 139452
    }, 
    {
        "accumulated_operating_revenue_yoy": 3.0921393438683253, 
        "accumulated_operating_revenue": 1158234, 
        "long_term_average": 120023, 
        "date": "2014-10-31", 
        "operating_revenue": 115698, 
        "short_term_average": 127630
    }, 
    {
        "accumulated_operating_revenue_yoy": 4.190908668605755, 
        "accumulated_operating_revenue": 1278461, 
        "long_term_average": 121414, 
        "date": "2014-11-30", 
        "operating_revenue": 120227, 
        "short_term_average": 122301
    }, 
    {
        "accumulated_operating_revenue_yoy": 3.877072594616323, 
        "accumulated_operating_revenue": 1460039, 
        "long_term_average": 121669, 
        "date": "2014-12-31", 
        "operating_revenue": 181578, 
        "short_term_average": 139167
    }, 
    {
        "accumulated_operating_revenue_yoy": 61.91395217473169, 
        "accumulated_operating_revenue": 137588, 
        "long_term_average": 126054, 
        "date": "2015-01-31", 
        "operating_revenue": 137588, 
        "short_term_average": 146464
    }, 
    {
        "accumulated_operating_revenue_yoy": 51.711124748364014, 
        "accumulated_operating_revenue": 264522, 
        "long_term_average": 129183, 
        "date": "2015-02-28", 
        "operating_revenue": 126934, 
        "short_term_average": 148700
    }, 
    {
        "accumulated_operating_revenue_yoy": 52.29164097020177, 
        "accumulated_operating_revenue": 419798, 
        "long_term_average": 133681, 
        "date": "2015-03-31", 
        "operating_revenue": 155276, 
        "short_term_average": 139932
    }, 
    {
        "accumulated_operating_revenue_yoy": 51.308407995399705, 
        "accumulated_operating_revenue": 570988, 
        "long_term_average": 137805, 
        "date": "2015-04-30", 
        "operating_revenue": 151190, 
        "short_term_average": 144466
    }, 
    {
        "accumulated_operating_revenue_yoy": 49.54622437895003, 
        "accumulated_operating_revenue": 733765, 
        "long_term_average": 141928, 
        "date": "2015-05-31", 
        "operating_revenue": 162777, 
        "short_term_average": 156414
    }, 
    {
        "accumulated_operating_revenue_yoy": 44.84329790540519, 
        "accumulated_operating_revenue": 904080, 
        "long_term_average": 144995, 
        "date": "2015-06-30", 
        "operating_revenue": 170315, 
        "short_term_average": 161427
    }, 
    {
        "accumulated_operating_revenue_yoy": 40.27280864444335, 
        "accumulated_operating_revenue": 1087594, 
        "long_term_average": 147690, 
        "date": "2015-07-31", 
        "operating_revenue": 183514, 
        "short_term_average": 172202
    }, 
    {
        "accumulated_operating_revenue_yoy": 39.86787427212371, 
        "accumulated_operating_revenue": 1274974, 
        "long_term_average": 151954, 
        "date": "2015-08-31", 
        "operating_revenue": 187380, 
        "short_term_average": 180403
    }, 
    {
        "accumulated_operating_revenue_yoy": 40.80425040478218, 
        "accumulated_operating_revenue": 1467935, 
        "long_term_average": 157119, 
        "date": "2015-09-30", 
        "operating_revenue": 192961, 
        "short_term_average": 187951
    }, 
    {
        "accumulated_operating_revenue_yoy": 41.98072237561667, 
        "accumulated_operating_revenue": 1644469, 
        "long_term_average": 162189, 
        "date": "2015-10-31", 
        "operating_revenue": 176534, 
        "short_term_average": 185625
    }
]