[
    {
        "date": "2012-01-31", 
        "operating_revenue": 31170, 
        "accumulated_operating_revenue": 31170, 
        "long_term_average": 31170, 
        "short_term_average": 31170
    }, 
    {
        "date": "2012-02-29", 
        "operating_revenue": 32865, 
        "accumulated_operating_revenue": 64035, 
        "long_term_average": 32017, 
        "short_term_average": 32017
    }, 
    {
        "date": "2012-03-31", 
        "operating_revenue": 29672, 
        "accumulated_operating_revenue": 93707, 
        "long_term_average": 31235, 
        "short_term_average": 31235
    }, 
    {
        "date": "2012-04-30", 
        "operating_revenue": 25556, 
        "accumulated_operating_revenue": 119263, 
        "long_term_average": 29815, 
        "short_term_average": 29364
    }, 
    {
        "date": "2012-05-31", 
        "operating_revenue": 26222, 
        "accumulated_operating_revenue": 145485, 
        "long_term_average": 29097, 
        "short_term_average": 27150
    }, 
    {
        "date": "2012-06-30", 
        "operating_revenue": 28716, 
        "accumulated_operating_revenue": 174201, 
        "long_term_average": 29033, 
        "short_term_average": 26831
    }, 
    {
        "date": "2012-07-31", 
        "operating_revenue": 30247, 
        "accumulated_operating_revenue": 204448, 
        "long_term_average": 29206, 
        "short_term_average": 28395
    }, 
    {
        "date": "2012-08-31", 
        "operating_revenue": 52055, 
        "accumulated_operating_revenue": 256503, 
        "long_term_average": 32062, 
        "short_term_average": 37006
    }, 
    {
        "date": "2012-09-30", 
        "operating_revenue": 40544, 
        "accumulated_operating_revenue": 297047, 
        "long_term_average": 33005, 
        "short_term_average": 40948
    }, 
    {
        "date": "2012-10-31", 
        "operating_revenue": 34618, 
        "accumulated_operating_revenue": 331665, 
        "long_term_average": 33166, 
        "short_term_average": 42405
    }, 
    {
        "date": "2012-11-30", 
        "operating_revenue": 27997, 
        "accumulated_operating_revenue": 359662, 
        "long_term_average": 32696, 
        "short_term_average": 34386
    }, 
    {
        "date": "2012-12-31", 
        "operating_revenue": 43344, 
        "accumulated_operating_revenue": 403006, 
        "long_term_average": 33583, 
        "short_term_average": 35319
    }, 
    {
        "accumulated_operating_revenue_yoy": 1.4918190567853706, 
        "accumulated_operating_revenue": 31635, 
        "long_term_average": 33622, 
        "date": "2013-01-31", 
        "operating_revenue": 31635, 
        "short_term_average": 34325
    }, 
    {
        "accumulated_operating_revenue_yoy": -5.729679081752167, 
        "accumulated_operating_revenue": 60366, 
        "long_term_average": 33278, 
        "date": "2013-02-28", 
        "operating_revenue": 28731, 
        "short_term_average": 34570
    }, 
    {
        "accumulated_operating_revenue_yoy": 3.2356174031822595, 
        "accumulated_operating_revenue": 96739, 
        "long_term_average": 33836, 
        "date": "2013-03-31", 
        "operating_revenue": 36373, 
        "short_term_average": 32246
    }, 
    {
        "accumulated_operating_revenue_yoy": 7.532931420474079, 
        "accumulated_operating_revenue": 128247, 
        "long_term_average": 34332, 
        "date": "2013-04-30", 
        "operating_revenue": 31508, 
        "short_term_average": 32204
    }, 
    {
        "accumulated_operating_revenue_yoy": 8.765164793621336, 
        "accumulated_operating_revenue": 158237, 
        "long_term_average": 34646, 
        "date": "2013-05-31", 
        "operating_revenue": 29990, 
        "short_term_average": 32623
    }, 
    {
        "accumulated_operating_revenue_yoy": 7.5849162748778705, 
        "accumulated_operating_revenue": 187414, 
        "long_term_average": 34684, 
        "date": "2013-06-30", 
        "operating_revenue": 29177, 
        "short_term_average": 30225
    }, 
    {
        "accumulated_operating_revenue_yoy": 16.555799029582094, 
        "accumulated_operating_revenue": 238296, 
        "long_term_average": 36404, 
        "date": "2013-07-31", 
        "operating_revenue": 50882, 
        "short_term_average": 36683
    }, 
    {
        "accumulated_operating_revenue_yoy": 12.83688689800899, 
        "accumulated_operating_revenue": 289430, 
        "long_term_average": 36327, 
        "date": "2013-08-31", 
        "operating_revenue": 51134, 
        "short_term_average": 43731
    }, 
    {
        "accumulated_operating_revenue_yoy": 9.266883691806347, 
        "accumulated_operating_revenue": 324574, 
        "long_term_average": 35877, 
        "date": "2013-09-30", 
        "operating_revenue": 35144, 
        "short_term_average": 45720
    }, 
    {
        "accumulated_operating_revenue_yoy": 8.223960924426756, 
        "accumulated_operating_revenue": 358941, 
        "long_term_average": 35856, 
        "date": "2013-10-31", 
        "operating_revenue": 34367, 
        "short_term_average": 40215
    }, 
    {
        "accumulated_operating_revenue_yoy": 13.56301193898716, 
        "accumulated_operating_revenue": 408443, 
        "long_term_average": 37648, 
        "date": "2013-11-30", 
        "operating_revenue": 49502, 
        "short_term_average": 39671
    }, 
    {
        "accumulated_operating_revenue_yoy": 13.290869118573918, 
        "accumulated_operating_revenue": 456569, 
        "long_term_average": 38047, 
        "date": "2013-12-31", 
        "operating_revenue": 48126, 
        "short_term_average": 43998
    }, 
    {
        "accumulated_operating_revenue_yoy": 13.677888414730521, 
        "accumulated_operating_revenue": 35962, 
        "long_term_average": 38408, 
        "date": "2014-01-31", 
        "operating_revenue": 35962, 
        "short_term_average": 44530
    }, 
    {
        "accumulated_operating_revenue_yoy": 18.025047212006758, 
        "accumulated_operating_revenue": 71247, 
        "long_term_average": 38954, 
        "date": "2014-02-28", 
        "operating_revenue": 35285, 
        "short_term_average": 39791
    }, 
    {
        "accumulated_operating_revenue_yoy": 10.82500335955509, 
        "accumulated_operating_revenue": 107211, 
        "long_term_average": 38920, 
        "date": "2014-03-31", 
        "operating_revenue": 35964, 
        "short_term_average": 35737
    }, 
    {
        "accumulated_operating_revenue_yoy": 11.996381981644795, 
        "accumulated_operating_revenue": 143632, 
        "long_term_average": 39329, 
        "date": "2014-04-30", 
        "operating_revenue": 36421, 
        "short_term_average": 35890
    }, 
    {
        "accumulated_operating_revenue_yoy": 12.863615968452386, 
        "accumulated_operating_revenue": 178592, 
        "long_term_average": 39743, 
        "date": "2014-05-31", 
        "operating_revenue": 34960, 
        "short_term_average": 35781
    }, 
    {
        "accumulated_operating_revenue_yoy": 9.094304587704228, 
        "accumulated_operating_revenue": 204458, 
        "long_term_average": 39467, 
        "date": "2014-06-30", 
        "operating_revenue": 25866, 
        "short_term_average": 32415
    }, 
    {
        "accumulated_operating_revenue_yoy": 9.151223688186121, 
        "accumulated_operating_revenue": 260103, 
        "long_term_average": 39864, 
        "date": "2014-07-31", 
        "operating_revenue": 55645, 
        "short_term_average": 38823
    }, 
    {
        "accumulated_operating_revenue_yoy": 6.58328438655288, 
        "accumulated_operating_revenue": 308484, 
        "long_term_average": 39635, 
        "date": "2014-08-31", 
        "operating_revenue": 48381, 
        "short_term_average": 43297
    }, 
    {
        "accumulated_operating_revenue_yoy": 8.91630259971532, 
        "accumulated_operating_revenue": 353514, 
        "long_term_average": 40459, 
        "date": "2014-09-30", 
        "operating_revenue": 45030, 
        "short_term_average": 49685
    }, 
    {
        "accumulated_operating_revenue_yoy": 9.955396569352622, 
        "accumulated_operating_revenue": 394675, 
        "long_term_average": 41025, 
        "date": "2014-10-31", 
        "operating_revenue": 41161, 
        "short_term_average": 44857
    }, 
    {
        "accumulated_operating_revenue_yoy": 4.404286522231988, 
        "accumulated_operating_revenue": 426432, 
        "long_term_average": 39546, 
        "date": "2014-11-30", 
        "operating_revenue": 31757, 
        "short_term_average": 39316
    }, 
    {
        "accumulated_operating_revenue_yoy": 4.726996357615168, 
        "accumulated_operating_revenue": 478151, 
        "long_term_average": 39845, 
        "date": "2014-12-31", 
        "operating_revenue": 51719, 
        "short_term_average": 41545
    }, 
    {
        "accumulated_operating_revenue_yoy": 34.76447361103387, 
        "accumulated_operating_revenue": 48464, 
        "long_term_average": 40887, 
        "date": "2015-01-31", 
        "operating_revenue": 48464, 
        "short_term_average": 43980
    }, 
    {
        "accumulated_operating_revenue_yoy": 13.387230339523068, 
        "accumulated_operating_revenue": 80785, 
        "long_term_average": 40640, 
        "date": "2015-02-28", 
        "operating_revenue": 32321, 
        "short_term_average": 44168
    }, 
    {
        "accumulated_operating_revenue_yoy": 26.08874089412467, 
        "accumulated_operating_revenue": 135181, 
        "long_term_average": 42176, 
        "date": "2015-03-31", 
        "operating_revenue": 54396, 
        "short_term_average": 45060
    }, 
    {
        "accumulated_operating_revenue_yoy": 19.79712041884817, 
        "accumulated_operating_revenue": 172067, 
        "long_term_average": 42215, 
        "date": "2015-04-30", 
        "operating_revenue": 36886, 
        "short_term_average": 41201
    }, 
    {
        "accumulated_operating_revenue_yoy": 19.881629636265902, 
        "accumulated_operating_revenue": 214099, 
        "long_term_average": 42804, 
        "date": "2015-05-31", 
        "operating_revenue": 42032, 
        "short_term_average": 44438
    }, 
    {
        "accumulated_operating_revenue_yoy": 25.09072768001252, 
        "accumulated_operating_revenue": 255758, 
        "long_term_average": 44120, 
        "date": "2015-06-30", 
        "operating_revenue": 41659, 
        "short_term_average": 40192
    }, 
    {
        "accumulated_operating_revenue_yoy": 26.525645609623883, 
        "accumulated_operating_revenue": 329097, 
        "long_term_average": 45595, 
        "date": "2015-07-31", 
        "operating_revenue": 73339, 
        "short_term_average": 52343
    }, 
    {
        "accumulated_operating_revenue_yoy": 25.261926064236718, 
        "accumulated_operating_revenue": 386413, 
        "long_term_average": 46340, 
        "date": "2015-08-31", 
        "operating_revenue": 57316, 
        "short_term_average": 57438
    }, 
    {
        "accumulated_operating_revenue_yoy": 28.444135168621326, 
        "accumulated_operating_revenue": 454068, 
        "long_term_average": 48225, 
        "date": "2015-09-30", 
        "operating_revenue": 67655, 
        "short_term_average": 66103
    }, 
    {
        "accumulated_operating_revenue_yoy": 26.63634636092988, 
        "accumulated_operating_revenue": 499802, 
        "long_term_average": 48606, 
        "date": "2015-10-31", 
        "operating_revenue": 45734, 
        "short_term_average": 56901
    }
]