[
    {
        "date": "2012-01-31", 
        "operating_revenue": 442002, 
        "accumulated_operating_revenue": 442002, 
        "long_term_average": 442002, 
        "short_term_average": 442002
    }, 
    {
        "date": "2012-02-29", 
        "operating_revenue": 252592, 
        "accumulated_operating_revenue": 694594, 
        "long_term_average": 347297, 
        "short_term_average": 347297
    }, 
    {
        "date": "2012-03-31", 
        "operating_revenue": 247370, 
        "accumulated_operating_revenue": 941964, 
        "long_term_average": 313988, 
        "short_term_average": 313988
    }, 
    {
        "date": "2012-04-30", 
        "operating_revenue": 273413, 
        "accumulated_operating_revenue": 1215377, 
        "long_term_average": 303844, 
        "short_term_average": 257791
    }, 
    {
        "date": "2012-05-31", 
        "operating_revenue": 323553, 
        "accumulated_operating_revenue": 1538930, 
        "long_term_average": 307786, 
        "short_term_average": 281445
    }, 
    {
        "date": "2012-06-30", 
        "operating_revenue": 209534, 
        "accumulated_operating_revenue": 1748464, 
        "long_term_average": 291410, 
        "short_term_average": 268833
    }, 
    {
        "date": "2012-07-31", 
        "operating_revenue": 298250, 
        "accumulated_operating_revenue": 2046714, 
        "long_term_average": 292387, 
        "short_term_average": 277112
    }, 
    {
        "date": "2012-08-31", 
        "operating_revenue": 339680, 
        "accumulated_operating_revenue": 2386394, 
        "long_term_average": 298299, 
        "short_term_average": 282488
    }, 
    {
        "date": "2012-09-30", 
        "operating_revenue": 322271, 
        "accumulated_operating_revenue": 2708665, 
        "long_term_average": 300962, 
        "short_term_average": 320067
    }, 
    {
        "date": "2012-10-31", 
        "operating_revenue": 342927, 
        "accumulated_operating_revenue": 3051592, 
        "long_term_average": 305159, 
        "short_term_average": 334959
    }, 
    {
        "date": "2012-11-30", 
        "operating_revenue": 246823, 
        "accumulated_operating_revenue": 3298415, 
        "long_term_average": 299855, 
        "short_term_average": 304007
    }, 
    {
        "date": "2012-12-31", 
        "operating_revenue": 289560, 
        "accumulated_operating_revenue": 3587975, 
        "long_term_average": 298997, 
        "short_term_average": 293103
    }, 
    {
        "accumulated_operating_revenue_yoy": -34.48038696657481, 
        "accumulated_operating_revenue": 289598, 
        "long_term_average": 286297, 
        "date": "2013-01-31", 
        "operating_revenue": 289598, 
        "short_term_average": 275327
    }, 
    {
        "accumulated_operating_revenue_yoy": -2.7742825305142285, 
        "accumulated_operating_revenue": 675324, 
        "long_term_average": 297392, 
        "date": "2013-02-28", 
        "operating_revenue": 385726, 
        "short_term_average": 321628
    }, 
    {
        "accumulated_operating_revenue_yoy": -2.760721216522075, 
        "accumulated_operating_revenue": 915959, 
        "long_term_average": 296830, 
        "date": "2013-03-31", 
        "operating_revenue": 240635, 
        "short_term_average": 305319
    }, 
    {
        "accumulated_operating_revenue_yoy": -4.850429126106549, 
        "accumulated_operating_revenue": 1156426, 
        "long_term_average": 294085, 
        "date": "2013-04-30", 
        "operating_revenue": 240467, 
        "short_term_average": 288942
    }, 
    {
        "accumulated_operating_revenue_yoy": -5.756402175537549, 
        "accumulated_operating_revenue": 1450343, 
        "long_term_average": 291615, 
        "date": "2013-05-31", 
        "operating_revenue": 293917, 
        "short_term_average": 258339
    }, 
    {
        "accumulated_operating_revenue_yoy": -4.392426724256262, 
        "accumulated_operating_revenue": 1671664, 
        "long_term_average": 292597, 
        "date": "2013-06-30", 
        "operating_revenue": 221321, 
        "short_term_average": 251901
    }, 
    {
        "accumulated_operating_revenue_yoy": -5.904195701011475, 
        "accumulated_operating_revenue": 1925872, 
        "long_term_average": 288927, 
        "date": "2013-07-31", 
        "operating_revenue": 254208, 
        "short_term_average": 256482
    }, 
    {
        "accumulated_operating_revenue_yoy": -5.849788425549176, 
        "accumulated_operating_revenue": 2246795, 
        "long_term_average": 287364, 
        "date": "2013-08-31", 
        "operating_revenue": 320923, 
        "short_term_average": 265484
    }, 
    {
        "accumulated_operating_revenue_yoy": -8.227669350030366, 
        "accumulated_operating_revenue": 2485805, 
        "long_term_average": 280426, 
        "date": "2013-09-30", 
        "operating_revenue": 239010, 
        "short_term_average": 271380
    }, 
    {
        "accumulated_operating_revenue_yoy": -10.361902901829602, 
        "accumulated_operating_revenue": 2735389, 
        "long_term_average": 272647, 
        "date": "2013-10-31", 
        "operating_revenue": 249584, 
        "short_term_average": 269839
    }, 
    {
        "accumulated_operating_revenue_yoy": -9.285186976168855, 
        "accumulated_operating_revenue": 2992151, 
        "long_term_average": 273475, 
        "date": "2013-11-30", 
        "operating_revenue": 256762, 
        "short_term_average": 248452
    }, 
    {
        "accumulated_operating_revenue_yoy": -10.297953581058954, 
        "accumulated_operating_revenue": 3218487, 
        "long_term_average": 268207, 
        "date": "2013-12-31", 
        "operating_revenue": 226336, 
        "short_term_average": 244227
    }, 
    {
        "accumulated_operating_revenue_yoy": 27.70426591343863, 
        "accumulated_operating_revenue": 369829, 
        "long_term_average": 274893, 
        "date": "2014-01-31", 
        "operating_revenue": 369829, 
        "short_term_average": 284309
    }, 
    {
        "accumulated_operating_revenue_yoy": -8.1763716379101, 
        "accumulated_operating_revenue": 620107, 
        "long_term_average": 263605, 
        "date": "2014-02-28", 
        "operating_revenue": 250278, 
        "short_term_average": 282147
    }, 
    {
        "accumulated_operating_revenue_yoy": -7.466382228898892, 
        "accumulated_operating_revenue": 847570, 
        "long_term_average": 262508, 
        "date": "2014-03-31", 
        "operating_revenue": 227463, 
        "short_term_average": 282523
    }, 
    {
        "accumulated_operating_revenue_yoy": -8.525664417783759, 
        "accumulated_operating_revenue": 1057833, 
        "long_term_average": 259991, 
        "date": "2014-04-30", 
        "operating_revenue": 210263, 
        "short_term_average": 229334
    }, 
    {
        "accumulated_operating_revenue_yoy": -10.741252241711098, 
        "accumulated_operating_revenue": 1294558, 
        "long_term_average": 255225, 
        "date": "2014-05-31", 
        "operating_revenue": 236725, 
        "short_term_average": 224817
    }, 
    {
        "accumulated_operating_revenue_yoy": -12.591166645928848, 
        "accumulated_operating_revenue": 1461182, 
        "long_term_average": 250667, 
        "date": "2014-06-30", 
        "operating_revenue": 166624, 
        "short_term_average": 204537
    }, 
    {
        "accumulated_operating_revenue_yoy": -14.885464869939435, 
        "accumulated_operating_revenue": 1639197, 
        "long_term_average": 244317, 
        "date": "2014-07-31", 
        "operating_revenue": 178015, 
        "short_term_average": 193788
    }, 
    {
        "accumulated_operating_revenue_yoy": -18.187418077750753, 
        "accumulated_operating_revenue": 1838161, 
        "long_term_average": 234154, 
        "date": "2014-08-31", 
        "operating_revenue": 198964, 
        "short_term_average": 181201
    }, 
    {
        "accumulated_operating_revenue_yoy": -15.636785669028747, 
        "accumulated_operating_revenue": 2097105, 
        "long_term_average": 235815, 
        "date": "2014-09-30", 
        "operating_revenue": 258944, 
        "short_term_average": 211974
    }, 
    {
        "accumulated_operating_revenue_yoy": -17.086454613950703, 
        "accumulated_operating_revenue": 2268008, 
        "long_term_average": 229258, 
        "date": "2014-10-31", 
        "operating_revenue": 170903, 
        "short_term_average": 209603
    }, 
    {
        "accumulated_operating_revenue_yoy": -18.28009348458684, 
        "accumulated_operating_revenue": 2445183, 
        "long_term_average": 222626, 
        "date": "2014-11-30", 
        "operating_revenue": 177175, 
        "short_term_average": 202340
    }, 
    {
        "accumulated_operating_revenue_yoy": -17.870415508902166, 
        "accumulated_operating_revenue": 2643330, 
        "long_term_average": 220277, 
        "date": "2014-12-31", 
        "operating_revenue": 198147, 
        "short_term_average": 182075
    }, 
    {
        "accumulated_operating_revenue_yoy": -48.47321329587458, 
        "accumulated_operating_revenue": 190561, 
        "long_term_average": 205338, 
        "date": "2015-01-31", 
        "operating_revenue": 190561, 
        "short_term_average": 188627
    }, 
    {
        "accumulated_operating_revenue_yoy": -34.26956960653564, 
        "accumulated_operating_revenue": 407599, 
        "long_term_average": 202568, 
        "date": "2015-02-28", 
        "operating_revenue": 217038, 
        "short_term_average": 201915
    }, 
    {
        "accumulated_operating_revenue_yoy": -31.387142064962188, 
        "accumulated_operating_revenue": 581542, 
        "long_term_average": 198108, 
        "date": "2015-03-31", 
        "operating_revenue": 173943, 
        "short_term_average": 193847
    }, 
    {
        "accumulated_operating_revenue_yoy": -27.774989057819145, 
        "accumulated_operating_revenue": 764020, 
        "long_term_average": 195793, 
        "date": "2015-04-30", 
        "operating_revenue": 182478, 
        "short_term_average": 191153
    }, 
    {
        "accumulated_operating_revenue_yoy": -24.936542047556, 
        "accumulated_operating_revenue": 971740, 
        "long_term_average": 193376, 
        "date": "2015-05-31", 
        "operating_revenue": 207720, 
        "short_term_average": 188047
    }, 
    {
        "accumulated_operating_revenue_yoy": -23.46175904165258, 
        "accumulated_operating_revenue": 1118363, 
        "long_term_average": 191709, 
        "date": "2015-06-30", 
        "operating_revenue": 146623, 
        "short_term_average": 178940
    }, 
    {
        "accumulated_operating_revenue_yoy": -22.575443952130218, 
        "accumulated_operating_revenue": 1269141, 
        "long_term_average": 189439, 
        "date": "2015-07-31", 
        "operating_revenue": 150778, 
        "short_term_average": 168373
    }, 
    {
        "accumulated_operating_revenue_yoy": -21.635591224054913, 
        "accumulated_operating_revenue": 1440464, 
        "long_term_average": 187136, 
        "date": "2015-08-31", 
        "operating_revenue": 171323, 
        "short_term_average": 156241
    }
]