[
    {
        "date": "2012-01-31", 
        "operating_revenue": 30557, 
        "accumulated_operating_revenue": 30557, 
        "long_term_average": 30557, 
        "short_term_average": 30557
    }, 
    {
        "date": "2012-02-29", 
        "operating_revenue": 22187, 
        "accumulated_operating_revenue": 52744, 
        "long_term_average": 26372, 
        "short_term_average": 26372
    }, 
    {
        "date": "2012-03-31", 
        "operating_revenue": 47407, 
        "accumulated_operating_revenue": 100151, 
        "long_term_average": 33383, 
        "short_term_average": 33383
    }, 
    {
        "date": "2012-04-30", 
        "operating_revenue": 67376, 
        "accumulated_operating_revenue": 167527, 
        "long_term_average": 41881, 
        "short_term_average": 45656
    }, 
    {
        "date": "2012-05-31", 
        "operating_revenue": 23090, 
        "accumulated_operating_revenue": 190617, 
        "long_term_average": 38123, 
        "short_term_average": 45957
    }, 
    {
        "date": "2012-06-30", 
        "operating_revenue": 80089, 
        "accumulated_operating_revenue": 270706, 
        "long_term_average": 45117, 
        "short_term_average": 56851
    }, 
    {
        "date": "2012-07-31", 
        "operating_revenue": 45620, 
        "accumulated_operating_revenue": 316326, 
        "long_term_average": 45189, 
        "short_term_average": 49599
    }, 
    {
        "date": "2012-08-31", 
        "operating_revenue": 46512, 
        "accumulated_operating_revenue": 362838, 
        "long_term_average": 45354, 
        "short_term_average": 57407
    }, 
    {
        "date": "2012-09-30", 
        "operating_revenue": 56108, 
        "accumulated_operating_revenue": 418946, 
        "long_term_average": 46549, 
        "short_term_average": 49413
    }, 
    {
        "date": "2012-10-31", 
        "operating_revenue": 71733, 
        "accumulated_operating_revenue": 490679, 
        "long_term_average": 49067, 
        "short_term_average": 58117
    }, 
    {
        "date": "2012-11-30", 
        "operating_revenue": 75984, 
        "accumulated_operating_revenue": 566663, 
        "long_term_average": 51514, 
        "short_term_average": 67941
    }, 
    {
        "date": "2012-12-31", 
        "operating_revenue": 93227, 
        "accumulated_operating_revenue": 659890, 
        "long_term_average": 54990, 
        "short_term_average": 80314
    }, 
    {
        "accumulated_operating_revenue_yoy": 66.8193867199005, 
        "accumulated_operating_revenue": 50975, 
        "long_term_average": 56692, 
        "date": "2013-01-31", 
        "operating_revenue": 50975, 
        "short_term_average": 73395
    }, 
    {
        "accumulated_operating_revenue_yoy": 58.09191566813286, 
        "accumulated_operating_revenue": 83384, 
        "long_term_average": 57544, 
        "date": "2013-02-28", 
        "operating_revenue": 32409, 
        "short_term_average": 58870
    }, 
    {
        "accumulated_operating_revenue_yoy": 61.325398648041464, 
        "accumulated_operating_revenue": 161569, 
        "long_term_average": 60109, 
        "date": "2013-03-31", 
        "operating_revenue": 78185, 
        "short_term_average": 53856
    }, 
    {
        "accumulated_operating_revenue_yoy": 27.673151193538953, 
        "accumulated_operating_revenue": 213887, 
        "long_term_average": 58854, 
        "date": "2013-04-30", 
        "operating_revenue": 52318, 
        "short_term_average": 54304
    }, 
    {
        "accumulated_operating_revenue_yoy": 49.6157215778236, 
        "accumulated_operating_revenue": 285193, 
        "long_term_average": 62872, 
        "date": "2013-05-31", 
        "operating_revenue": 71306, 
        "short_term_average": 67269
    }, 
    {
        "accumulated_operating_revenue_yoy": 51.20278087667063, 
        "accumulated_operating_revenue": 409315, 
        "long_term_average": 66541, 
        "date": "2013-06-30", 
        "operating_revenue": 124122, 
        "short_term_average": 82582
    }, 
    {
        "accumulated_operating_revenue_yoy": 52.89669518155321, 
        "accumulated_operating_revenue": 483652, 
        "long_term_average": 68934, 
        "date": "2013-07-31", 
        "operating_revenue": 74337, 
        "short_term_average": 89921
    }, 
    {
        "accumulated_operating_revenue_yoy": 53.81079159294231, 
        "accumulated_operating_revenue": 558084, 
        "long_term_average": 71261, 
        "date": "2013-08-31", 
        "operating_revenue": 74432, 
        "short_term_average": 90963
    }, 
    {
        "accumulated_operating_revenue_yoy": 55.027855618623875, 
        "accumulated_operating_revenue": 649483, 
        "long_term_average": 74202, 
        "date": "2013-09-30", 
        "operating_revenue": 91399, 
        "short_term_average": 80056
    }, 
    {
        "accumulated_operating_revenue_yoy": 52.10453269856667, 
        "accumulated_operating_revenue": 746345, 
        "long_term_average": 76296, 
        "date": "2013-10-31", 
        "operating_revenue": 96862, 
        "short_term_average": 87564
    }, 
    {
        "accumulated_operating_revenue_yoy": 45.38076422847442, 
        "accumulated_operating_revenue": 823819, 
        "long_term_average": 76420, 
        "date": "2013-11-30", 
        "operating_revenue": 77474, 
        "short_term_average": 88578
    }, 
    {
        "accumulated_operating_revenue_yoy": 42.24401036536393, 
        "accumulated_operating_revenue": 938654, 
        "long_term_average": 78221, 
        "date": "2013-12-31", 
        "operating_revenue": 114835, 
        "short_term_average": 96390
    }, 
    {
        "accumulated_operating_revenue_yoy": 8.435507601765572, 
        "accumulated_operating_revenue": 55275, 
        "long_term_average": 78579, 
        "date": "2014-01-31", 
        "operating_revenue": 55275, 
        "short_term_average": 82528
    }, 
    {
        "accumulated_operating_revenue_yoy": 16.982874412357287, 
        "accumulated_operating_revenue": 97545, 
        "long_term_average": 79401, 
        "date": "2014-02-28", 
        "operating_revenue": 42270, 
        "short_term_average": 70793
    }, 
    {
        "accumulated_operating_revenue_yoy": -4.131980763636588, 
        "accumulated_operating_revenue": 154893, 
        "long_term_average": 77664, 
        "date": "2014-03-31", 
        "operating_revenue": 57348, 
        "short_term_average": 51631
    }, 
    {
        "accumulated_operating_revenue_yoy": -0.3478472277417515, 
        "accumulated_operating_revenue": 213143, 
        "long_term_average": 78159, 
        "date": "2014-04-30", 
        "operating_revenue": 58250, 
        "short_term_average": 52622
    }, 
    {
        "accumulated_operating_revenue_yoy": 10.733433148779948, 
        "accumulated_operating_revenue": 315804, 
        "long_term_average": 80772, 
        "date": "2014-05-31", 
        "operating_revenue": 102661, 
        "short_term_average": 72753
    }, 
    {
        "accumulated_operating_revenue_yoy": -3.74406019813591, 
        "accumulated_operating_revenue": 393990, 
        "long_term_average": 76944, 
        "date": "2014-06-30", 
        "operating_revenue": 78186, 
        "short_term_average": 79699
    }, 
    {
        "accumulated_operating_revenue_yoy": 1.8354105844698254, 
        "accumulated_operating_revenue": 492529, 
        "long_term_average": 78960, 
        "date": "2014-07-31", 
        "operating_revenue": 98539, 
        "short_term_average": 93128
    }, 
    {
        "accumulated_operating_revenue_yoy": 13.941808043233635, 
        "accumulated_operating_revenue": 635891, 
        "long_term_average": 84705, 
        "date": "2014-08-31", 
        "operating_revenue": 143362, 
        "short_term_average": 106695
    }, 
    {
        "accumulated_operating_revenue_yoy": 7.365858690681665, 
        "accumulated_operating_revenue": 697323, 
        "long_term_average": 82207, 
        "date": "2014-09-30", 
        "operating_revenue": 61432, 
        "short_term_average": 101111
    }, 
    {
        "accumulated_operating_revenue_yoy": 3.7869885910671335, 
        "accumulated_operating_revenue": 774609, 
        "long_term_average": 80576, 
        "date": "2014-10-31", 
        "operating_revenue": 77286, 
        "short_term_average": 94026
    }, 
    {
        "accumulated_operating_revenue_yoy": 1.1004844510748113, 
        "accumulated_operating_revenue": 832885, 
        "long_term_average": 78976, 
        "date": "2014-11-30", 
        "operating_revenue": 58276, 
        "short_term_average": 65664
    }, 
    {
        "accumulated_operating_revenue_yoy": 2.167039185898105, 
        "accumulated_operating_revenue": 958995, 
        "long_term_average": 79916, 
        "date": "2014-12-31", 
        "operating_revenue": 126110, 
        "short_term_average": 87224
    }, 
    {
        "accumulated_operating_revenue_yoy": -0.7399366802351877, 
        "accumulated_operating_revenue": 54866, 
        "long_term_average": 79882, 
        "date": "2015-01-31", 
        "operating_revenue": 54866, 
        "short_term_average": 79750
    }, 
    {
        "accumulated_operating_revenue_yoy": 6.754831103593213, 
        "accumulated_operating_revenue": 104134, 
        "long_term_average": 80465, 
        "date": "2015-02-28", 
        "operating_revenue": 49268, 
        "short_term_average": 76748
    }, 
    {
        "accumulated_operating_revenue_yoy": 29.5926865642734, 
        "accumulated_operating_revenue": 200730, 
        "long_term_average": 83736, 
        "date": "2015-03-31", 
        "operating_revenue": 96596, 
        "short_term_average": 66910
    }, 
    {
        "accumulated_operating_revenue_yoy": 32.997095846450506, 
        "accumulated_operating_revenue": 283474, 
        "long_term_average": 85777, 
        "date": "2015-04-30", 
        "operating_revenue": 82744, 
        "short_term_average": 76202
    }, 
    {
        "accumulated_operating_revenue_yoy": 24.021861661030258, 
        "accumulated_operating_revenue": 391666, 
        "long_term_average": 86238, 
        "date": "2015-05-31", 
        "operating_revenue": 108192, 
        "short_term_average": 95844
    }, 
    {
        "accumulated_operating_revenue_yoy": 21.31932282545242, 
        "accumulated_operating_revenue": 477986, 
        "long_term_average": 86915, 
        "date": "2015-06-30", 
        "operating_revenue": 86320, 
        "short_term_average": 92418
    }, 
    {
        "accumulated_operating_revenue_yoy": 12.211869757922884, 
        "accumulated_operating_revenue": 552676, 
        "long_term_average": 84928, 
        "date": "2015-07-31", 
        "operating_revenue": 74690, 
        "short_term_average": 89734
    }, 
    {
        "accumulated_operating_revenue_yoy": 1.1163862989097189, 
        "accumulated_operating_revenue": 642990, 
        "long_term_average": 80507, 
        "date": "2015-08-31", 
        "operating_revenue": 90314, 
        "short_term_average": 83774
    }
]