[
    {
        "date": "2012-09-30", 
        "operating_revenue": 44276, 
        "accumulated_operating_revenue": 44276, 
        "long_term_average": 44276, 
        "short_term_average": 44276
    }, 
    {
        "date": "2012-10-31", 
        "operating_revenue": 42193, 
        "accumulated_operating_revenue": 86469, 
        "long_term_average": 43234, 
        "short_term_average": 43234
    }, 
    {
        "date": "2012-11-30", 
        "operating_revenue": 45247, 
        "accumulated_operating_revenue": 131716, 
        "long_term_average": 43905, 
        "short_term_average": 43905
    }, 
    {
        "date": "2012-12-31", 
        "operating_revenue": 46809, 
        "accumulated_operating_revenue": 178525, 
        "long_term_average": 44631, 
        "short_term_average": 44749
    }, 
    {
        "date": "2013-01-31", 
        "operating_revenue": 50779, 
        "accumulated_operating_revenue": 50779, 
        "long_term_average": 45860, 
        "short_term_average": 47611
    }, 
    {
        "date": "2013-02-28", 
        "operating_revenue": 47257, 
        "accumulated_operating_revenue": 98036, 
        "long_term_average": 46093, 
        "short_term_average": 48281
    }, 
    {
        "date": "2013-03-31", 
        "operating_revenue": 46585, 
        "accumulated_operating_revenue": 144621, 
        "long_term_average": 46163, 
        "short_term_average": 48207
    }, 
    {
        "date": "2013-04-30", 
        "operating_revenue": 43081, 
        "accumulated_operating_revenue": 187702, 
        "long_term_average": 45778, 
        "short_term_average": 45641
    }, 
    {
        "date": "2013-05-31", 
        "operating_revenue": 48228, 
        "accumulated_operating_revenue": 235930, 
        "long_term_average": 46050, 
        "short_term_average": 45964
    }, 
    {
        "date": "2013-06-30", 
        "operating_revenue": 47436, 
        "accumulated_operating_revenue": 283366, 
        "long_term_average": 46189, 
        "short_term_average": 46248
    }, 
    {
        "date": "2013-07-31", 
        "operating_revenue": 41823, 
        "accumulated_operating_revenue": 325189, 
        "long_term_average": 45792, 
        "short_term_average": 45829
    }, 
    {
        "date": "2013-08-31", 
        "operating_revenue": 52267, 
        "accumulated_operating_revenue": 377456, 
        "long_term_average": 46331, 
        "short_term_average": 47175
    }, 
    {
        "accumulated_operating_revenue_yoy": 853.9750654982382, 
        "accumulated_operating_revenue": 422382, 
        "long_term_average": 46385, 
        "date": "2013-09-30", 
        "operating_revenue": 44926, 
        "short_term_average": 46338
    }, 
    {
        "accumulated_operating_revenue_yoy": 445.0878349466283, 
        "accumulated_operating_revenue": 471332, 
        "long_term_average": 46949, 
        "date": "2013-10-31", 
        "operating_revenue": 48950, 
        "short_term_average": 48714
    }, 
    {
        "accumulated_operating_revenue_yoy": 293.37589966291114, 
        "accumulated_operating_revenue": 518139, 
        "long_term_average": 47079, 
        "date": "2013-11-30", 
        "operating_revenue": 46807, 
        "short_term_average": 46894
    }, 
    {
        "accumulated_operating_revenue_yoy": 222.04789245203753, 
        "accumulated_operating_revenue": 574936, 
        "long_term_average": 47911, 
        "date": "2013-12-31", 
        "operating_revenue": 56797, 
        "short_term_average": 50851
    }, 
    {
        "accumulated_operating_revenue_yoy": 24.069004903601883, 
        "accumulated_operating_revenue": 63001, 
        "long_term_average": 48929, 
        "date": "2014-01-31", 
        "operating_revenue": 63001, 
        "short_term_average": 55535
    }, 
    {
        "accumulated_operating_revenue_yoy": 23.7871802195112, 
        "accumulated_operating_revenue": 121356, 
        "long_term_average": 49854, 
        "date": "2014-02-28", 
        "operating_revenue": 58355, 
        "short_term_average": 59384
    }, 
    {
        "accumulated_operating_revenue_yoy": 28.103802352355466, 
        "accumulated_operating_revenue": 185265, 
        "long_term_average": 51298, 
        "date": "2014-03-31", 
        "operating_revenue": 63909, 
        "short_term_average": 61755
    }, 
    {
        "accumulated_operating_revenue_yoy": 22.258153882217556, 
        "accumulated_operating_revenue": 229481, 
        "long_term_average": 51392, 
        "date": "2014-04-30", 
        "operating_revenue": 44216, 
        "short_term_average": 55493
    }, 
    {
        "accumulated_operating_revenue_yoy": 20.55397787479337, 
        "accumulated_operating_revenue": 284423, 
        "long_term_average": 51952, 
        "date": "2014-05-31", 
        "operating_revenue": 54942, 
        "short_term_average": 54355
    }, 
    {
        "accumulated_operating_revenue_yoy": 17.70889944453463, 
        "accumulated_operating_revenue": 333547, 
        "long_term_average": 52093, 
        "date": "2014-06-30", 
        "operating_revenue": 49124, 
        "short_term_average": 49427
    }, 
    {
        "accumulated_operating_revenue_yoy": 18.32442056773138, 
        "accumulated_operating_revenue": 384778, 
        "long_term_average": 52877, 
        "date": "2014-07-31", 
        "operating_revenue": 51231, 
        "short_term_average": 51765
    }, 
    {
        "accumulated_operating_revenue_yoy": 18.09005552965114, 
        "accumulated_operating_revenue": 445738, 
        "long_term_average": 53601, 
        "date": "2014-08-31", 
        "operating_revenue": 60960, 
        "short_term_average": 53771
    }, 
    {
        "accumulated_operating_revenue_yoy": 18.985420780241583, 
        "accumulated_operating_revenue": 502573, 
        "long_term_average": 54593, 
        "date": "2014-09-30", 
        "operating_revenue": 56835, 
        "short_term_average": 56342
    }, 
    {
        "accumulated_operating_revenue_yoy": 16.762918706983612, 
        "accumulated_operating_revenue": 550341, 
        "long_term_average": 54495, 
        "date": "2014-10-31", 
        "operating_revenue": 47768, 
        "short_term_average": 55187
    }, 
    {
        "accumulated_operating_revenue_yoy": 15.226995072750748, 
        "accumulated_operating_revenue": 597036, 
        "long_term_average": 54486, 
        "date": "2014-11-30", 
        "operating_revenue": 46695, 
        "short_term_average": 50432
    }, 
    {
        "accumulated_operating_revenue_yoy": 13.867456551685752, 
        "accumulated_operating_revenue": 654665, 
        "long_term_average": 54555, 
        "date": "2014-12-31", 
        "operating_revenue": 57629, 
        "short_term_average": 50697
    }, 
    {
        "accumulated_operating_revenue_yoy": -29.41064427548769, 
        "accumulated_operating_revenue": 44472, 
        "long_term_average": 53011, 
        "date": "2015-01-31", 
        "operating_revenue": 44472, 
        "short_term_average": 49598
    }, 
    {
        "accumulated_operating_revenue_yoy": -12.322423283562411, 
        "accumulated_operating_revenue": 106402, 
        "long_term_average": 53309, 
        "date": "2015-02-28", 
        "operating_revenue": 61930, 
        "short_term_average": 54677
    }, 
    {
        "accumulated_operating_revenue_yoy": -15.37473348986587, 
        "accumulated_operating_revenue": 156781, 
        "long_term_average": 52181, 
        "date": "2015-03-31", 
        "operating_revenue": 50379, 
        "short_term_average": 52260
    }, 
    {
        "accumulated_operating_revenue_yoy": -5.807452468831842, 
        "accumulated_operating_revenue": 216154, 
        "long_term_average": 53444, 
        "date": "2015-04-30", 
        "operating_revenue": 59373, 
        "short_term_average": 57227
    }, 
    {
        "accumulated_operating_revenue_yoy": -5.68589741335968, 
        "accumulated_operating_revenue": 268251, 
        "long_term_average": 53207, 
        "date": "2015-05-31", 
        "operating_revenue": 52097, 
        "short_term_average": 53949
    }, 
    {
        "accumulated_operating_revenue_yoy": -4.960020626778236, 
        "accumulated_operating_revenue": 317003, 
        "long_term_average": 53176, 
        "date": "2015-06-30", 
        "operating_revenue": 48752, 
        "short_term_average": 53407
    }, 
    {
        "accumulated_operating_revenue_yoy": -3.563093524058028, 
        "accumulated_operating_revenue": 371068, 
        "long_term_average": 53412, 
        "date": "2015-07-31", 
        "operating_revenue": 54065, 
        "short_term_average": 51638
    }, 
    {
        "accumulated_operating_revenue_yoy": -4.466525178468069, 
        "accumulated_operating_revenue": 425829, 
        "long_term_average": 52896, 
        "date": "2015-08-31", 
        "operating_revenue": 54761, 
        "short_term_average": 52526
    }, 
    {
        "accumulated_operating_revenue_yoy": -4.491287832812348, 
        "accumulated_operating_revenue": 480001, 
        "long_term_average": 52674, 
        "date": "2015-09-30", 
        "operating_revenue": 54172, 
        "short_term_average": 54332
    }
]