[
    {
        "date": "2012-11-30", 
        "operating_revenue": 1606134, 
        "accumulated_operating_revenue": 1606134, 
        "long_term_average": 1606134, 
        "short_term_average": 1606134
    }, 
    {
        "date": "2012-12-31", 
        "operating_revenue": 1818943, 
        "accumulated_operating_revenue": 3425077, 
        "long_term_average": 1712538, 
        "short_term_average": 1712538
    }, 
    {
        "date": "2013-01-31", 
        "operating_revenue": 1962075, 
        "accumulated_operating_revenue": 1962075, 
        "long_term_average": 1795717, 
        "short_term_average": 1795717
    }, 
    {
        "date": "2013-02-28", 
        "operating_revenue": 1547574, 
        "accumulated_operating_revenue": 3509649, 
        "long_term_average": 1733681, 
        "short_term_average": 1776197
    }, 
    {
        "date": "2013-03-31", 
        "operating_revenue": 1428300, 
        "accumulated_operating_revenue": 4937949, 
        "long_term_average": 1672605, 
        "short_term_average": 1645983
    }, 
    {
        "date": "2013-04-30", 
        "operating_revenue": 1608381, 
        "accumulated_operating_revenue": 6546330, 
        "long_term_average": 1661901, 
        "short_term_average": 1528085
    }, 
    {
        "date": "2013-05-31", 
        "operating_revenue": 1682652, 
        "accumulated_operating_revenue": 8228982, 
        "long_term_average": 1664865, 
        "short_term_average": 1573111
    }, 
    {
        "date": "2013-06-30", 
        "operating_revenue": 1601176, 
        "accumulated_operating_revenue": 9830158, 
        "long_term_average": 1656904, 
        "short_term_average": 1630736
    }, 
    {
        "date": "2013-07-31", 
        "operating_revenue": 1702827, 
        "accumulated_operating_revenue": 11532985, 
        "long_term_average": 1662006, 
        "short_term_average": 1662218
    }, 
    {
        "date": "2013-08-31", 
        "operating_revenue": 1741783, 
        "accumulated_operating_revenue": 13274768, 
        "long_term_average": 1669984, 
        "short_term_average": 1681928
    }, 
    {
        "date": "2013-09-30", 
        "operating_revenue": 1673715, 
        "accumulated_operating_revenue": 14948483, 
        "long_term_average": 1670323, 
        "short_term_average": 1706108
    }, 
    {
        "date": "2013-10-31", 
        "operating_revenue": 1762786, 
        "accumulated_operating_revenue": 16711269, 
        "long_term_average": 1678028, 
        "short_term_average": 1726094
    }, 
    {
        "accumulated_operating_revenue_yoy": 1048.7007933335574, 
        "accumulated_operating_revenue": 18449674, 
        "long_term_average": 1689051, 
        "date": "2013-11-30", 
        "operating_revenue": 1738405, 
        "short_term_average": 1724968
    }, 
    {
        "accumulated_operating_revenue_yoy": 499.77755244626616, 
        "accumulated_operating_revenue": 20542843, 
        "long_term_average": 1711903, 
        "date": "2013-12-31", 
        "operating_revenue": 2093169, 
        "short_term_average": 1864786
    }, 
    {
        "accumulated_operating_revenue_yoy": 9.718792604767913, 
        "accumulated_operating_revenue": 2152765, 
        "long_term_average": 1727794, 
        "date": "2014-01-31", 
        "operating_revenue": 2152765, 
        "short_term_average": 1994779
    }, 
    {
        "accumulated_operating_revenue_yoy": 10.677193075432898, 
        "accumulated_operating_revenue": 3884381, 
        "long_term_average": 1743131, 
        "date": "2014-02-28", 
        "operating_revenue": 1731616, 
        "short_term_average": 1992516
    }, 
    {
        "accumulated_operating_revenue_yoy": 14.702136453819186, 
        "accumulated_operating_revenue": 5663933, 
        "long_term_average": 1772402, 
        "date": "2014-03-31", 
        "operating_revenue": 1779552, 
        "short_term_average": 1887977
    }, 
    {
        "accumulated_operating_revenue_yoy": 13.71090366663459, 
        "accumulated_operating_revenue": 7443891, 
        "long_term_average": 1786700, 
        "date": "2014-04-30", 
        "operating_revenue": 1779958, 
        "short_term_average": 1763708
    }, 
    {
        "accumulated_operating_revenue_yoy": 13.547021976715953, 
        "accumulated_operating_revenue": 9343764, 
        "long_term_average": 1804802, 
        "date": "2014-05-31", 
        "operating_revenue": 1899873, 
        "short_term_average": 1819794
    }, 
    {
        "accumulated_operating_revenue_yoy": 14.750922619961958, 
        "accumulated_operating_revenue": 11280197, 
        "long_term_average": 1832740, 
        "date": "2014-06-30", 
        "operating_revenue": 1936433, 
        "short_term_average": 1872088
    }, 
    {
        "accumulated_operating_revenue_yoy": 16.002405274957006, 
        "accumulated_operating_revenue": 13378540, 
        "long_term_average": 1865699, 
        "date": "2014-07-31", 
        "operating_revenue": 2098343, 
        "short_term_average": 1978216
    }, 
    {
        "accumulated_operating_revenue_yoy": 16.821845775383796, 
        "accumulated_operating_revenue": 15507829, 
        "long_term_average": 1897992, 
        "date": "2014-08-31", 
        "operating_revenue": 2129289, 
        "short_term_average": 2054688
    }, 
    {
        "accumulated_operating_revenue_yoy": 17.48897195789031, 
        "accumulated_operating_revenue": 17562819, 
        "long_term_average": 1929764, 
        "date": "2014-09-30", 
        "operating_revenue": 2054990, 
        "short_term_average": 2094207
    }, 
    {
        "accumulated_operating_revenue_yoy": 17.62478361158569, 
        "accumulated_operating_revenue": 19656594, 
        "long_term_average": 1957347, 
        "date": "2014-10-31", 
        "operating_revenue": 2093775, 
        "short_term_average": 2092684
    }, 
    {
        "accumulated_operating_revenue_yoy": 17.80729025347548, 
        "accumulated_operating_revenue": 21735061, 
        "long_term_average": 1985685, 
        "date": "2014-11-30", 
        "operating_revenue": 2078467, 
        "short_term_average": 2075744
    }, 
    {
        "accumulated_operating_revenue_yoy": 16.327642673411855, 
        "accumulated_operating_revenue": 23897005, 
        "long_term_average": 1991417, 
        "date": "2014-12-31", 
        "operating_revenue": 2161944, 
        "short_term_average": 2111395
    }, 
    {
        "accumulated_operating_revenue_yoy": 2.7769403534524204, 
        "accumulated_operating_revenue": 2212546, 
        "long_term_average": 1996398, 
        "date": "2015-01-31", 
        "operating_revenue": 2212546, 
        "short_term_average": 2150985
    }, 
    {
        "accumulated_operating_revenue_yoy": 8.855001607720766, 
        "accumulated_operating_revenue": 4228343, 
        "long_term_average": 2020080, 
        "date": "2015-02-28", 
        "operating_revenue": 2015797, 
        "short_term_average": 2130095
    }, 
    {
        "accumulated_operating_revenue_yoy": 10.517762127482793, 
        "accumulated_operating_revenue": 6259652, 
        "long_term_average": 2041060, 
        "date": "2015-03-31", 
        "operating_revenue": 2031309, 
        "short_term_average": 2086550
    }, 
    {
        "accumulated_operating_revenue_yoy": 11.639329485077091, 
        "accumulated_operating_revenue": 8310310, 
        "long_term_average": 2063618, 
        "date": "2015-04-30", 
        "operating_revenue": 2050658, 
        "short_term_average": 2032588
    }, 
    {
        "accumulated_operating_revenue_yoy": 12.100134378393975, 
        "accumulated_operating_revenue": 10474372, 
        "long_term_average": 2085634, 
        "date": "2015-05-31", 
        "operating_revenue": 2164062, 
        "short_term_average": 2082009
    }, 
    {
        "accumulated_operating_revenue_yoy": 10.446528549102467, 
        "accumulated_operating_revenue": 12458586, 
        "long_term_average": 2089616, 
        "date": "2015-06-30", 
        "operating_revenue": 1984214, 
        "short_term_average": 2066311
    }, 
    {
        "accumulated_operating_revenue_yoy": 8.775643680102613, 
        "accumulated_operating_revenue": 14552593, 
        "long_term_average": 2089254, 
        "date": "2015-07-31", 
        "operating_revenue": 2094007, 
        "short_term_average": 2080761
    }, 
    {
        "accumulated_operating_revenue_yoy": 7.957870827696127, 
        "accumulated_operating_revenue": 16741922, 
        "long_term_average": 2094258, 
        "date": "2015-08-31", 
        "operating_revenue": 2189329, 
        "short_term_average": 2089183
    }
]