[
    {
        "date": "2013-07-31", 
        "operating_revenue": 256014, 
        "accumulated_operating_revenue": 256014, 
        "long_term_average": 256014, 
        "short_term_average": 256014
    }, 
    {
        "date": "2013-08-31", 
        "operating_revenue": 204069, 
        "accumulated_operating_revenue": 460083, 
        "long_term_average": 230041, 
        "short_term_average": 230041
    }, 
    {
        "date": "2013-09-30", 
        "operating_revenue": 246005, 
        "accumulated_operating_revenue": 706088, 
        "long_term_average": 235362, 
        "short_term_average": 235362
    }, 
    {
        "date": "2013-10-31", 
        "operating_revenue": 270938, 
        "accumulated_operating_revenue": 977026, 
        "long_term_average": 244256, 
        "short_term_average": 240337
    }, 
    {
        "date": "2013-11-30", 
        "operating_revenue": 309379, 
        "accumulated_operating_revenue": 1286405, 
        "long_term_average": 257281, 
        "short_term_average": 275440
    }, 
    {
        "date": "2013-12-31", 
        "operating_revenue": 354870, 
        "accumulated_operating_revenue": 1641275, 
        "long_term_average": 273545, 
        "short_term_average": 311729
    }, 
    {
        "date": "2014-01-31", 
        "operating_revenue": 267239, 
        "accumulated_operating_revenue": 267239, 
        "long_term_average": 272644, 
        "short_term_average": 310496
    }, 
    {
        "date": "2014-02-28", 
        "operating_revenue": 195270, 
        "accumulated_operating_revenue": 462509, 
        "long_term_average": 262973, 
        "short_term_average": 272459
    }, 
    {
        "date": "2014-03-31", 
        "operating_revenue": 280172, 
        "accumulated_operating_revenue": 742681, 
        "long_term_average": 264884, 
        "short_term_average": 247560
    }, 
    {
        "date": "2014-04-30", 
        "operating_revenue": 286194, 
        "accumulated_operating_revenue": 1028875, 
        "long_term_average": 267015, 
        "short_term_average": 253878
    }, 
    {
        "date": "2014-05-31", 
        "operating_revenue": 327534, 
        "accumulated_operating_revenue": 1356409, 
        "long_term_average": 272516, 
        "short_term_average": 297966
    }, 
    {
        "date": "2014-06-30", 
        "operating_revenue": 331342, 
        "accumulated_operating_revenue": 1687751, 
        "long_term_average": 277418, 
        "short_term_average": 315023
    }, 
    {
        "accumulated_operating_revenue_yoy": 693.5382440022812, 
        "accumulated_operating_revenue": 2031569, 
        "long_term_average": 284735, 
        "date": "2014-07-31", 
        "operating_revenue": 343818, 
        "short_term_average": 334231
    }, 
    {
        "accumulated_operating_revenue_yoy": 435.8433152279045, 
        "accumulated_operating_revenue": 2465324, 
        "long_term_average": 303876, 
        "date": "2014-08-31", 
        "operating_revenue": 433755, 
        "short_term_average": 369638
    }, 
    {
        "accumulated_operating_revenue_yoy": 298.6691460554492, 
        "accumulated_operating_revenue": 2814955, 
        "long_term_average": 312511, 
        "date": "2014-09-30", 
        "operating_revenue": 349631, 
        "short_term_average": 375734
    }, 
    {
        "accumulated_operating_revenue_yoy": 227.8582146227429, 
        "accumulated_operating_revenue": 3203260, 
        "long_term_average": 322292, 
        "date": "2014-10-31", 
        "operating_revenue": 388305, 
        "short_term_average": 390563
    }, 
    {
        "accumulated_operating_revenue_yoy": 175.71550172768295, 
        "accumulated_operating_revenue": 3546818, 
        "long_term_average": 325140, 
        "date": "2014-11-30", 
        "operating_revenue": 343558, 
        "short_term_average": 360498
    }, 
    {
        "accumulated_operating_revenue_yoy": 136.63097287170035, 
        "accumulated_operating_revenue": 3883765, 
        "long_term_average": 323647, 
        "date": "2014-12-31", 
        "operating_revenue": 336947, 
        "short_term_average": 356270
    }, 
    {
        "accumulated_operating_revenue_yoy": 34.62518569520167, 
        "accumulated_operating_revenue": 359771, 
        "long_term_average": 331358, 
        "date": "2015-01-31", 
        "operating_revenue": 359771, 
        "short_term_average": 346758
    }, 
    {
        "accumulated_operating_revenue_yoy": 25.724039964627714, 
        "accumulated_operating_revenue": 581485, 
        "long_term_average": 333561, 
        "date": "2015-02-28", 
        "operating_revenue": 221714, 
        "short_term_average": 306144
    }, 
    {
        "accumulated_operating_revenue_yoy": 19.755184258113513, 
        "accumulated_operating_revenue": 889399, 
        "long_term_average": 335873, 
        "date": "2015-03-31", 
        "operating_revenue": 307914, 
        "short_term_average": 296466
    }, 
    {
        "accumulated_operating_revenue_yoy": 17.038998906572715, 
        "accumulated_operating_revenue": 1204185, 
        "long_term_average": 338256, 
        "date": "2015-04-30", 
        "operating_revenue": 314786, 
        "short_term_average": 281471
    }, 
    {
        "accumulated_operating_revenue_yoy": 10.069824072237799, 
        "accumulated_operating_revenue": 1492997, 
        "long_term_average": 335029, 
        "date": "2015-05-31", 
        "operating_revenue": 288812, 
        "short_term_average": 303837
    }, 
    {
        "accumulated_operating_revenue_yoy": 6.023992875726336, 
        "accumulated_operating_revenue": 1789421, 
        "long_term_average": 332119, 
        "date": "2015-06-30", 
        "operating_revenue": 296424, 
        "short_term_average": 300007
    }, 
    {
        "accumulated_operating_revenue_yoy": 4.542646594824, 
        "accumulated_operating_revenue": 2123856, 
        "long_term_average": 331337, 
        "date": "2015-07-31", 
        "operating_revenue": 334435, 
        "short_term_average": 306557
    }, 
    {
        "accumulated_operating_revenue_yoy": -4.368918649232311, 
        "accumulated_operating_revenue": 2357616, 
        "long_term_average": 314671, 
        "date": "2015-08-31", 
        "operating_revenue": 233760, 
        "short_term_average": 288206
    }, 
    {
        "accumulated_operating_revenue_yoy": -8.29114497389834, 
        "accumulated_operating_revenue": 2581563, 
        "long_term_average": 304197, 
        "date": "2015-09-30", 
        "operating_revenue": 223947, 
        "short_term_average": 264047
    }
]