[
    {
        "date": "2012-01-31", 
        "operating_revenue": 120601, 
        "accumulated_operating_revenue": 120601, 
        "long_term_average": 120601, 
        "short_term_average": 120601
    }, 
    {
        "date": "2012-02-29", 
        "operating_revenue": 168907, 
        "accumulated_operating_revenue": 289508, 
        "long_term_average": 144754, 
        "short_term_average": 144754
    }, 
    {
        "date": "2012-03-31", 
        "operating_revenue": 137213, 
        "accumulated_operating_revenue": 426721, 
        "long_term_average": 142240, 
        "short_term_average": 142240
    }, 
    {
        "date": "2012-04-30", 
        "operating_revenue": 123985, 
        "accumulated_operating_revenue": 550706, 
        "long_term_average": 137676, 
        "short_term_average": 143368
    }, 
    {
        "date": "2012-05-31", 
        "operating_revenue": 153924, 
        "accumulated_operating_revenue": 704630, 
        "long_term_average": 140926, 
        "short_term_average": 138374
    }, 
    {
        "date": "2012-06-30", 
        "operating_revenue": 242636, 
        "accumulated_operating_revenue": 947266, 
        "long_term_average": 157877, 
        "short_term_average": 173515
    }, 
    {
        "date": "2012-07-31", 
        "operating_revenue": 309602, 
        "accumulated_operating_revenue": 1256868, 
        "long_term_average": 179552, 
        "short_term_average": 235387
    }, 
    {
        "date": "2012-08-31", 
        "operating_revenue": 436017, 
        "accumulated_operating_revenue": 1692885, 
        "long_term_average": 211610, 
        "short_term_average": 329418
    }, 
    {
        "date": "2012-09-30", 
        "operating_revenue": 450847, 
        "accumulated_operating_revenue": 2143732, 
        "long_term_average": 238192, 
        "short_term_average": 398822
    }, 
    {
        "date": "2012-10-31", 
        "operating_revenue": 358818, 
        "accumulated_operating_revenue": 2502550, 
        "long_term_average": 250255, 
        "short_term_average": 415227
    }, 
    {
        "date": "2012-11-30", 
        "operating_revenue": 214401, 
        "accumulated_operating_revenue": 2716951, 
        "long_term_average": 246995, 
        "short_term_average": 341355
    }, 
    {
        "date": "2012-12-31", 
        "operating_revenue": 153746, 
        "accumulated_operating_revenue": 2870697, 
        "long_term_average": 239224, 
        "short_term_average": 242321
    }, 
    {
        "accumulated_operating_revenue_yoy": 50.38100844934951, 
        "accumulated_operating_revenue": 181361, 
        "long_term_average": 244288, 
        "date": "2013-01-31", 
        "operating_revenue": 181361, 
        "short_term_average": 183169
    }, 
    {
        "accumulated_operating_revenue_yoy": 10.837006231261311, 
        "accumulated_operating_revenue": 320882, 
        "long_term_average": 241839, 
        "date": "2013-02-28", 
        "operating_revenue": 139521, 
        "short_term_average": 158209
    }, 
    {
        "accumulated_operating_revenue_yoy": 8.928316159739033, 
        "accumulated_operating_revenue": 464820, 
        "long_term_average": 242399, 
        "date": "2013-03-31", 
        "operating_revenue": 143938, 
        "short_term_average": 154940
    }, 
    {
        "accumulated_operating_revenue_yoy": 17.295253728849875, 
        "accumulated_operating_revenue": 645952, 
        "long_term_average": 247161, 
        "date": "2013-04-30", 
        "operating_revenue": 181132, 
        "short_term_average": 154863
    }, 
    {
        "accumulated_operating_revenue_yoy": 12.025460170585982, 
        "accumulated_operating_revenue": 789365, 
        "long_term_average": 246286, 
        "date": "2013-05-31", 
        "operating_revenue": 143413, 
        "short_term_average": 156161
    }, 
    {
        "accumulated_operating_revenue_yoy": 91.34266404579073, 
        "accumulated_operating_revenue": 1812524, 
        "long_term_average": 311329, 
        "date": "2013-06-30", 
        "operating_revenue": 1023159, 
        "short_term_average": 449234
    }, 
    {
        "accumulated_operating_revenue_yoy": 59.155694949668536, 
        "accumulated_operating_revenue": 2000377, 
        "long_term_average": 301183, 
        "date": "2013-07-31", 
        "operating_revenue": 187853, 
        "short_term_average": 451475
    }, 
    {
        "accumulated_operating_revenue_yoy": 28.628879102833327, 
        "accumulated_operating_revenue": 2177539, 
        "long_term_average": 279612, 
        "date": "2013-08-31", 
        "operating_revenue": 177162, 
        "short_term_average": 462724
    }, 
    {
        "accumulated_operating_revenue_yoy": 9.203529172489846, 
        "accumulated_operating_revenue": 2341031, 
        "long_term_average": 255666, 
        "date": "2013-09-30", 
        "operating_revenue": 163492, 
        "short_term_average": 176169
    }, 
    {
        "accumulated_operating_revenue_yoy": 0.4963337395856226, 
        "accumulated_operating_revenue": 2514971, 
        "long_term_average": 240259, 
        "date": "2013-10-31", 
        "operating_revenue": 173940, 
        "short_term_average": 171531
    }, 
    {
        "accumulated_operating_revenue_yoy": 0.2674689385270474, 
        "accumulated_operating_revenue": 2724218, 
        "long_term_average": 239830, 
        "date": "2013-11-30", 
        "operating_revenue": 209247, 
        "short_term_average": 182226
    }, 
    {
        "accumulated_operating_revenue_yoy": 1.4266918452208646, 
        "accumulated_operating_revenue": 2911653, 
        "long_term_average": 242637, 
        "date": "2013-12-31", 
        "operating_revenue": 187435, 
        "short_term_average": 190207
    }, 
    {
        "accumulated_operating_revenue_yoy": 145.26607153687948, 
        "accumulated_operating_revenue": 444817, 
        "long_term_average": 264592, 
        "date": "2014-01-31", 
        "operating_revenue": 444817, 
        "short_term_average": 280499
    }, 
    {
        "accumulated_operating_revenue_yoy": 190.9807966791531, 
        "accumulated_operating_revenue": 933705, 
        "long_term_average": 293706, 
        "date": "2014-02-28", 
        "operating_revenue": 488888, 
        "short_term_average": 373713
    }, 
    {
        "accumulated_operating_revenue_yoy": 171.0965535045824, 
        "accumulated_operating_revenue": 1260111, 
        "long_term_average": 308912, 
        "date": "2014-03-31", 
        "operating_revenue": 326406, 
        "short_term_average": 420037
    }, 
    {
        "accumulated_operating_revenue_yoy": 126.88512459130091, 
        "accumulated_operating_revenue": 1465569, 
        "long_term_average": 310939, 
        "date": "2014-04-30", 
        "operating_revenue": 205458, 
        "short_term_average": 340250
    }, 
    {
        "accumulated_operating_revenue_yoy": 103.07398985260303, 
        "accumulated_operating_revenue": 1602995, 
        "long_term_average": 310440, 
        "date": "2014-05-31", 
        "operating_revenue": 137426, 
        "short_term_average": 223096
    }, 
    {
        "accumulated_operating_revenue_yoy": -3.4975536875649644, 
        "accumulated_operating_revenue": 1749130, 
        "long_term_average": 237354, 
        "date": "2014-06-30", 
        "operating_revenue": 146135, 
        "short_term_average": 163006
    }, 
    {
        "accumulated_operating_revenue_yoy": -4.212755895513696, 
        "accumulated_operating_revenue": 1916106, 
        "long_term_average": 235615, 
        "date": "2014-07-31", 
        "operating_revenue": 166976, 
        "short_term_average": 150179
    }, 
    {
        "accumulated_operating_revenue_yoy": -1.4825452035531854, 
        "accumulated_operating_revenue": 2145256, 
        "long_term_average": 239947, 
        "date": "2014-08-31", 
        "operating_revenue": 229150, 
        "short_term_average": 180753
    }, 
    {
        "accumulated_operating_revenue_yoy": 13.111231760707142, 
        "accumulated_operating_revenue": 2647969, 
        "long_term_average": 268215, 
        "date": "2014-09-30", 
        "operating_revenue": 502713, 
        "short_term_average": 299613
    }, 
    {
        "accumulated_operating_revenue_yoy": 24.42119610921955, 
        "accumulated_operating_revenue": 3129157, 
        "long_term_average": 293819, 
        "date": "2014-10-31", 
        "operating_revenue": 481188, 
        "short_term_average": 404350
    }, 
    {
        "accumulated_operating_revenue_yoy": 40.52432661409623, 
        "accumulated_operating_revenue": 3828189, 
        "long_term_average": 334635, 
        "date": "2014-11-30", 
        "operating_revenue": 699032, 
        "short_term_average": 560977
    }, 
    {
        "accumulated_operating_revenue_yoy": 46.553006144619566, 
        "accumulated_operating_revenue": 4267115, 
        "long_term_average": 355592, 
        "date": "2014-12-31", 
        "operating_revenue": 438926, 
        "short_term_average": 539715
    }, 
    {
        "accumulated_operating_revenue_yoy": -52.812954540856126, 
        "accumulated_operating_revenue": 209896, 
        "long_term_average": 336016, 
        "date": "2015-01-31", 
        "operating_revenue": 209896, 
        "short_term_average": 449284
    }, 
    {
        "accumulated_operating_revenue_yoy": -59.70247562131509, 
        "accumulated_operating_revenue": 376260, 
        "long_term_average": 309139, 
        "date": "2015-02-28", 
        "operating_revenue": 166364, 
        "short_term_average": 271728
    }, 
    {
        "accumulated_operating_revenue_yoy": -56.98331337477413, 
        "accumulated_operating_revenue": 542058, 
        "long_term_average": 295755, 
        "date": "2015-03-31", 
        "operating_revenue": 165798, 
        "short_term_average": 180686
    }, 
    {
        "accumulated_operating_revenue_yoy": -51.22890836255407, 
        "accumulated_operating_revenue": 714774, 
        "long_term_average": 293026, 
        "date": "2015-04-30", 
        "operating_revenue": 172716, 
        "short_term_average": 168292
    }, 
    {
        "accumulated_operating_revenue_yoy": -47.14843152973028, 
        "accumulated_operating_revenue": 847208, 
        "long_term_average": 292610, 
        "date": "2015-05-31", 
        "operating_revenue": 132434, 
        "short_term_average": 156982
    }, 
    {
        "accumulated_operating_revenue_yoy": -43.43433592700371, 
        "accumulated_operating_revenue": 989407, 
        "long_term_average": 292282, 
        "date": "2015-06-30", 
        "operating_revenue": 142199, 
        "short_term_average": 149116
    }, 
    {
        "accumulated_operating_revenue_yoy": -39.453662793185764, 
        "accumulated_operating_revenue": 1160132, 
        "long_term_average": 292595, 
        "date": "2015-07-31", 
        "operating_revenue": 170725, 
        "short_term_average": 148452
    }, 
    {
        "accumulated_operating_revenue_yoy": -37.77465253564144, 
        "accumulated_operating_revenue": 1334893, 
        "long_term_average": 288062, 
        "date": "2015-08-31", 
        "operating_revenue": 174761, 
        "short_term_average": 162561
    }, 
    {
        "accumulated_operating_revenue_yoy": -42.18421741342138, 
        "accumulated_operating_revenue": 1530944, 
        "long_term_average": 262507, 
        "date": "2015-09-30", 
        "operating_revenue": 196051, 
        "short_term_average": 180512
    }
]