[
    {
        "date": "2012-01-31", 
        "operating_revenue": 4171, 
        "accumulated_operating_revenue": 4171, 
        "long_term_average": 4171, 
        "short_term_average": 4171
    }, 
    {
        "date": "2012-02-29", 
        "operating_revenue": 4109, 
        "accumulated_operating_revenue": 8280, 
        "long_term_average": 4140, 
        "short_term_average": 4140
    }, 
    {
        "date": "2012-03-31", 
        "operating_revenue": 4109, 
        "accumulated_operating_revenue": 12389, 
        "long_term_average": 4129, 
        "short_term_average": 4129
    }, 
    {
        "date": "2012-04-30", 
        "operating_revenue": 4109, 
        "accumulated_operating_revenue": 16498, 
        "long_term_average": 4124, 
        "short_term_average": 4109
    }, 
    {
        "date": "2012-05-31", 
        "operating_revenue": 4109, 
        "accumulated_operating_revenue": 20607, 
        "long_term_average": 4121, 
        "short_term_average": 4109
    }, 
    {
        "date": "2012-06-30", 
        "operating_revenue": 4110, 
        "accumulated_operating_revenue": 24717, 
        "long_term_average": 4119, 
        "short_term_average": 4109
    }, 
    {
        "date": "2012-07-31", 
        "operating_revenue": 4109, 
        "accumulated_operating_revenue": 28826, 
        "long_term_average": 4118, 
        "short_term_average": 4109
    }, 
    {
        "date": "2012-08-31", 
        "operating_revenue": 4109, 
        "accumulated_operating_revenue": 32935, 
        "long_term_average": 4116, 
        "short_term_average": 4109
    }, 
    {
        "date": "2012-09-30", 
        "operating_revenue": 4109, 
        "accumulated_operating_revenue": 37044, 
        "long_term_average": 4116, 
        "short_term_average": 4109
    }, 
    {
        "date": "2012-10-31", 
        "operating_revenue": 4108, 
        "accumulated_operating_revenue": 41152, 
        "long_term_average": 4115, 
        "short_term_average": 4108
    }, 
    {
        "date": "2012-11-30", 
        "operating_revenue": 4143, 
        "accumulated_operating_revenue": 45295, 
        "long_term_average": 4117, 
        "short_term_average": 4120
    }, 
    {
        "date": "2012-12-31", 
        "operating_revenue": 4284, 
        "accumulated_operating_revenue": 49579, 
        "long_term_average": 4131, 
        "short_term_average": 4178
    }, 
    {
        "accumulated_operating_revenue_yoy": 5.322464636777751, 
        "accumulated_operating_revenue": 4393, 
        "long_term_average": 4150, 
        "date": "2013-01-31", 
        "operating_revenue": 4393, 
        "short_term_average": 4273
    }, 
    {
        "accumulated_operating_revenue_yoy": 6.099033816425121, 
        "accumulated_operating_revenue": 8785, 
        "long_term_average": 4173, 
        "date": "2013-02-28", 
        "operating_revenue": 4392, 
        "short_term_average": 4356
    }, 
    {
        "accumulated_operating_revenue_yoy": 6.368552748405844, 
        "accumulated_operating_revenue": 13178, 
        "long_term_average": 4197, 
        "date": "2013-03-31", 
        "operating_revenue": 4393, 
        "short_term_average": 4392
    }, 
    {
        "accumulated_operating_revenue_yoy": 8.134319311431689, 
        "accumulated_operating_revenue": 17840, 
        "long_term_average": 4243, 
        "date": "2013-04-30", 
        "operating_revenue": 4662, 
        "short_term_average": 4482
    }, 
    {
        "accumulated_operating_revenue_yoy": 8.176833114960935, 
        "accumulated_operating_revenue": 22292, 
        "long_term_average": 4272, 
        "date": "2013-05-31", 
        "operating_revenue": 4452, 
        "short_term_average": 4502
    }, 
    {
        "accumulated_operating_revenue_yoy": 10.215641056762552, 
        "accumulated_operating_revenue": 27242, 
        "long_term_average": 4342, 
        "date": "2013-06-30", 
        "operating_revenue": 4950, 
        "short_term_average": 4688
    }, 
    {
        "accumulated_operating_revenue_yoy": 11.72552556719628, 
        "accumulated_operating_revenue": 32206, 
        "long_term_average": 4413, 
        "date": "2013-07-31", 
        "operating_revenue": 4964, 
        "short_term_average": 4788
    }, 
    {
        "accumulated_operating_revenue_yoy": 12.858660998937301, 
        "accumulated_operating_revenue": 37170, 
        "long_term_average": 4484, 
        "date": "2013-08-31", 
        "operating_revenue": 4964, 
        "short_term_average": 4959
    }, 
    {
        "accumulated_operating_revenue_yoy": 13.743116294136703, 
        "accumulated_operating_revenue": 42135, 
        "long_term_average": 4555, 
        "date": "2013-09-30", 
        "operating_revenue": 4965, 
        "short_term_average": 4964
    }, 
    {
        "accumulated_operating_revenue_yoy": 14.456162519440124, 
        "accumulated_operating_revenue": 47101, 
        "long_term_average": 4627, 
        "date": "2013-10-31", 
        "operating_revenue": 4966, 
        "short_term_average": 4965
    }, 
    {
        "accumulated_operating_revenue_yoy": 15.017110056297605, 
        "accumulated_operating_revenue": 52097, 
        "long_term_average": 4698, 
        "date": "2013-11-30", 
        "operating_revenue": 4996, 
        "short_term_average": 4975
    }, 
    {
        "accumulated_operating_revenue_yoy": 15.974505334920028, 
        "accumulated_operating_revenue": 57499, 
        "long_term_average": 4791, 
        "date": "2013-12-31", 
        "operating_revenue": 5402, 
        "short_term_average": 5121
    }, 
    {
        "accumulated_operating_revenue_yoy": 22.968358752560892, 
        "accumulated_operating_revenue": 5402, 
        "long_term_average": 4875, 
        "date": "2014-01-31", 
        "operating_revenue": 5402, 
        "short_term_average": 5266
    }, 
    {
        "accumulated_operating_revenue_yoy": 22.982356289129196, 
        "accumulated_operating_revenue": 10804, 
        "long_term_average": 4959, 
        "date": "2014-02-28", 
        "operating_revenue": 5402, 
        "short_term_average": 5402
    }, 
    {
        "accumulated_operating_revenue_yoy": 22.985278494460466, 
        "accumulated_operating_revenue": 16207, 
        "long_term_average": 5044, 
        "date": "2014-03-31", 
        "operating_revenue": 5403, 
        "short_term_average": 5402
    }, 
    {
        "accumulated_operating_revenue_yoy": 21.132286995515695, 
        "accumulated_operating_revenue": 21610, 
        "long_term_average": 5105, 
        "date": "2014-04-30", 
        "operating_revenue": 5403, 
        "short_term_average": 5402
    }, 
    {
        "accumulated_operating_revenue_yoy": 21.173515162390093, 
        "accumulated_operating_revenue": 27012, 
        "long_term_average": 5184, 
        "date": "2014-05-31", 
        "operating_revenue": 5402, 
        "short_term_average": 5402
    }, 
    {
        "accumulated_operating_revenue_yoy": 18.98906100873651, 
        "accumulated_operating_revenue": 32415, 
        "long_term_average": 5222, 
        "date": "2014-06-30", 
        "operating_revenue": 5403, 
        "short_term_average": 5402
    }, 
    {
        "accumulated_operating_revenue_yoy": 17.42221946221201, 
        "accumulated_operating_revenue": 37817, 
        "long_term_average": 5259, 
        "date": "2014-07-31", 
        "operating_revenue": 5402, 
        "short_term_average": 5402
    }, 
    {
        "accumulated_operating_revenue_yoy": 16.451439332795264, 
        "accumulated_operating_revenue": 43285, 
        "long_term_average": 5301, 
        "date": "2014-08-31", 
        "operating_revenue": 5468, 
        "short_term_average": 5424
    }, 
    {
        "accumulated_operating_revenue_yoy": 15.706657173371308, 
        "accumulated_operating_revenue": 48753, 
        "long_term_average": 5343, 
        "date": "2014-09-30", 
        "operating_revenue": 5468, 
        "short_term_average": 5446
    }, 
    {
        "accumulated_operating_revenue_yoy": 15.101590199783443, 
        "accumulated_operating_revenue": 54214, 
        "long_term_average": 5384, 
        "date": "2014-10-31", 
        "operating_revenue": 5461, 
        "short_term_average": 5465
    }, 
    {
        "accumulated_operating_revenue_yoy": 14.613125515864636, 
        "accumulated_operating_revenue": 59710, 
        "long_term_average": 5426, 
        "date": "2014-11-30", 
        "operating_revenue": 5496, 
        "short_term_average": 5475
    }, 
    {
        "accumulated_operating_revenue_yoy": 13.468060314092419, 
        "accumulated_operating_revenue": 65243, 
        "long_term_average": 5436, 
        "date": "2014-12-31", 
        "operating_revenue": 5533, 
        "short_term_average": 5496
    }, 
    {
        "accumulated_operating_revenue_yoy": 5.33135875601629, 
        "accumulated_operating_revenue": 5690, 
        "long_term_average": 5460, 
        "date": "2015-01-31", 
        "operating_revenue": 5690, 
        "short_term_average": 5573
    }, 
    {
        "accumulated_operating_revenue_yoy": 6.803035912624954, 
        "accumulated_operating_revenue": 11539, 
        "long_term_average": 5498, 
        "date": "2015-02-28", 
        "operating_revenue": 5849, 
        "short_term_average": 5690
    }, 
    {
        "accumulated_operating_revenue_yoy": 7.305485284136484, 
        "accumulated_operating_revenue": 17391, 
        "long_term_average": 5535, 
        "date": "2015-03-31", 
        "operating_revenue": 5852, 
        "short_term_average": 5797
    }, 
    {
        "accumulated_operating_revenue_yoy": 7.5335492827394726, 
        "accumulated_operating_revenue": 23238, 
        "long_term_average": 5572, 
        "date": "2015-04-30", 
        "operating_revenue": 5847, 
        "short_term_average": 5849
    }, 
    {
        "accumulated_operating_revenue_yoy": 7.655856656300903, 
        "accumulated_operating_revenue": 29080, 
        "long_term_average": 5609, 
        "date": "2015-05-31", 
        "operating_revenue": 5842, 
        "short_term_average": 5847
    }, 
    {
        "accumulated_operating_revenue_yoy": 7.953108128952644, 
        "accumulated_operating_revenue": 34993, 
        "long_term_average": 5651, 
        "date": "2015-06-30", 
        "operating_revenue": 5913, 
        "short_term_average": 5867
    }, 
    {
        "accumulated_operating_revenue_yoy": 8.020202554406747, 
        "accumulated_operating_revenue": 40850, 
        "long_term_average": 5689, 
        "date": "2015-07-31", 
        "operating_revenue": 5857, 
        "short_term_average": 5870
    }, 
    {
        "accumulated_operating_revenue_yoy": 7.806399445535404, 
        "accumulated_operating_revenue": 46664, 
        "long_term_average": 5718, 
        "date": "2015-08-31", 
        "operating_revenue": 5814, 
        "short_term_average": 5861
    }
]