[
    {
        "date": "2012-01-31", 
        "operating_revenue": 478558, 
        "accumulated_operating_revenue": 478558, 
        "long_term_average": 478558, 
        "short_term_average": 478558
    }, 
    {
        "date": "2012-02-29", 
        "operating_revenue": 493254, 
        "accumulated_operating_revenue": 971812, 
        "long_term_average": 485906, 
        "short_term_average": 485906
    }, 
    {
        "date": "2012-03-31", 
        "operating_revenue": 672113, 
        "accumulated_operating_revenue": 1643925, 
        "long_term_average": 547975, 
        "short_term_average": 547975
    }, 
    {
        "date": "2012-04-30", 
        "operating_revenue": 511288, 
        "accumulated_operating_revenue": 2155213, 
        "long_term_average": 538803, 
        "short_term_average": 558885
    }, 
    {
        "date": "2012-05-31", 
        "operating_revenue": 705401, 
        "accumulated_operating_revenue": 2860614, 
        "long_term_average": 572122, 
        "short_term_average": 629600
    }, 
    {
        "date": "2012-06-30", 
        "operating_revenue": 598237, 
        "accumulated_operating_revenue": 3458851, 
        "long_term_average": 576475, 
        "short_term_average": 604975
    }, 
    {
        "date": "2012-07-31", 
        "operating_revenue": 854675, 
        "accumulated_operating_revenue": 4313526, 
        "long_term_average": 616218, 
        "short_term_average": 719437
    }, 
    {
        "date": "2012-08-31", 
        "operating_revenue": 959728, 
        "accumulated_operating_revenue": 5273254, 
        "long_term_average": 659156, 
        "short_term_average": 804213
    }, 
    {
        "date": "2012-09-30", 
        "operating_revenue": 725231, 
        "accumulated_operating_revenue": 5998485, 
        "long_term_average": 666498, 
        "short_term_average": 846544
    }, 
    {
        "date": "2012-10-31", 
        "operating_revenue": 892248, 
        "accumulated_operating_revenue": 6890733, 
        "long_term_average": 689073, 
        "short_term_average": 859069
    }, 
    {
        "date": "2012-11-30", 
        "operating_revenue": 767526, 
        "accumulated_operating_revenue": 7658259, 
        "long_term_average": 696205, 
        "short_term_average": 795001
    }, 
    {
        "date": "2012-12-31", 
        "operating_revenue": 411476, 
        "accumulated_operating_revenue": 8069735, 
        "long_term_average": 672477, 
        "short_term_average": 690416
    }, 
    {
        "accumulated_operating_revenue_yoy": 18.358694243957892, 
        "accumulated_operating_revenue": 566415, 
        "long_term_average": 679799, 
        "date": "2013-01-31", 
        "operating_revenue": 566415, 
        "short_term_average": 581805
    }, 
    {
        "accumulated_operating_revenue_yoy": -10.557494659460884, 
        "accumulated_operating_revenue": 869213, 
        "long_term_average": 663928, 
        "date": "2013-02-28", 
        "operating_revenue": 302798, 
        "short_term_average": 426896
    }, 
    {
        "accumulated_operating_revenue_yoy": -3.5659777666256063, 
        "accumulated_operating_revenue": 1585303, 
        "long_term_average": 667592, 
        "date": "2013-03-31", 
        "operating_revenue": 716090, 
        "short_term_average": 528434
    }, 
    {
        "accumulated_operating_revenue_yoy": 4.0280937429386325, 
        "accumulated_operating_revenue": 2242027, 
        "long_term_average": 679712, 
        "date": "2013-04-30", 
        "operating_revenue": 656724, 
        "short_term_average": 558537
    }, 
    {
        "accumulated_operating_revenue_yoy": 2.5364135112252124, 
        "accumulated_operating_revenue": 2933171, 
        "long_term_average": 678524, 
        "date": "2013-05-31", 
        "operating_revenue": 691144, 
        "short_term_average": 687986
    }, 
    {
        "accumulated_operating_revenue_yoy": 12.042727483780018, 
        "accumulated_operating_revenue": 3875391, 
        "long_term_average": 707189, 
        "date": "2013-06-30", 
        "operating_revenue": 942220, 
        "short_term_average": 763362
    }, 
    {
        "accumulated_operating_revenue_yoy": 12.613254214765368, 
        "accumulated_operating_revenue": 4857602, 
        "long_term_average": 717817, 
        "date": "2013-07-31", 
        "operating_revenue": 982211, 
        "short_term_average": 871858
    }, 
    {
        "accumulated_operating_revenue_yoy": 13.420612775337581, 
        "accumulated_operating_revenue": 5980957, 
        "long_term_average": 731453, 
        "date": "2013-08-31", 
        "operating_revenue": 1123355, 
        "short_term_average": 1015928
    }, 
    {
        "accumulated_operating_revenue_yoy": 19.622921454333884, 
        "accumulated_operating_revenue": 7175563, 
        "long_term_average": 770567, 
        "date": "2013-09-30", 
        "operating_revenue": 1194606, 
        "short_term_average": 1100057
    }, 
    {
        "accumulated_operating_revenue_yoy": 14.957160580739378, 
        "accumulated_operating_revenue": 7921391, 
        "long_term_average": 758366, 
        "date": "2013-10-31", 
        "operating_revenue": 745828, 
        "short_term_average": 1021263
    }, 
    {
        "accumulated_operating_revenue_yoy": 12.97793663024455, 
        "accumulated_operating_revenue": 8652143, 
        "long_term_average": 755301, 
        "date": "2013-11-30", 
        "operating_revenue": 730752, 
        "short_term_average": 890395
    }, 
    {
        "accumulated_operating_revenue_yoy": 12.648370733363612, 
        "accumulated_operating_revenue": 9090425, 
        "long_term_average": 757535, 
        "date": "2013-12-31", 
        "operating_revenue": 438282, 
        "short_term_average": 638287
    }, 
    {
        "accumulated_operating_revenue_yoy": -12.845881553278074, 
        "accumulated_operating_revenue": 493654, 
        "long_term_average": 751472, 
        "date": "2014-01-31", 
        "operating_revenue": 493654, 
        "short_term_average": 554229
    }, 
    {
        "accumulated_operating_revenue_yoy": 10.956462915303844, 
        "accumulated_operating_revenue": 964448, 
        "long_term_average": 765471, 
        "date": "2014-02-28", 
        "operating_revenue": 470794, 
        "short_term_average": 467576
    }, 
    {
        "accumulated_operating_revenue_yoy": 14.531985368096825, 
        "accumulated_operating_revenue": 1815679, 
        "long_term_average": 776733, 
        "date": "2014-03-31", 
        "operating_revenue": 851231, 
        "short_term_average": 605226
    }, 
    {
        "accumulated_operating_revenue_yoy": 17.526862968197975, 
        "accumulated_operating_revenue": 2634984, 
        "long_term_average": 790281, 
        "date": "2014-04-30", 
        "operating_revenue": 819305, 
        "short_term_average": 713776
    }, 
    {
        "accumulated_operating_revenue_yoy": 17.456056943151285, 
        "accumulated_operating_revenue": 3445187, 
        "long_term_average": 800203, 
        "date": "2014-05-31", 
        "operating_revenue": 810203, 
        "short_term_average": 826913
    }, 
    {
        "accumulated_operating_revenue_yoy": 18.644338080983314, 
        "accumulated_operating_revenue": 4597932, 
        "long_term_average": 817747, 
        "date": "2014-06-30", 
        "operating_revenue": 1152745, 
        "short_term_average": 927417
    }, 
    {
        "accumulated_operating_revenue_yoy": 12.470556459751128, 
        "accumulated_operating_revenue": 5463372, 
        "long_term_average": 808016, 
        "date": "2014-07-31", 
        "operating_revenue": 865440, 
        "short_term_average": 942796
    }, 
    {
        "accumulated_operating_revenue_yoy": 8.317648831115154, 
        "accumulated_operating_revenue": 6478432, 
        "long_term_average": 798991, 
        "date": "2014-08-31", 
        "operating_revenue": 1015060, 
        "short_term_average": 1011081
    }, 
    {
        "accumulated_operating_revenue_yoy": 1.5767264533807315, 
        "accumulated_operating_revenue": 7288702, 
        "long_term_average": 766963, 
        "date": "2014-09-30", 
        "operating_revenue": 810270, 
        "short_term_average": 896923
    }, 
    {
        "accumulated_operating_revenue_yoy": 1.7045238645586362, 
        "accumulated_operating_revenue": 8056413, 
        "long_term_average": 768787, 
        "date": "2014-10-31", 
        "operating_revenue": 767711, 
        "short_term_average": 864347
    }, 
    {
        "accumulated_operating_revenue_yoy": -0.8941599786318835, 
        "accumulated_operating_revenue": 8574779, 
        "long_term_average": 751088, 
        "date": "2014-11-30", 
        "operating_revenue": 518366, 
        "short_term_average": 698782
    }, 
    {
        "accumulated_operating_revenue_yoy": -0.904809181088893, 
        "accumulated_operating_revenue": 9008174, 
        "long_term_average": 750681, 
        "date": "2014-12-31", 
        "operating_revenue": 433395, 
        "short_term_average": 573157
    }, 
    {
        "accumulated_operating_revenue_yoy": -14.204685873101402, 
        "accumulated_operating_revenue": 423532, 
        "long_term_average": 744837, 
        "date": "2015-01-31", 
        "operating_revenue": 423532, 
        "short_term_average": 458431
    }, 
    {
        "accumulated_operating_revenue_yoy": -8.533067620027207, 
        "accumulated_operating_revenue": 882151, 
        "long_term_average": 743823, 
        "date": "2015-02-28", 
        "operating_revenue": 458619, 
        "short_term_average": 438515
    }, 
    {
        "accumulated_operating_revenue_yoy": -14.963768375357098, 
        "accumulated_operating_revenue": 1543985, 
        "long_term_average": 728040, 
        "date": "2015-03-31", 
        "operating_revenue": 661834, 
        "short_term_average": 514661
    }, 
    {
        "accumulated_operating_revenue_yoy": -15.192843675711124, 
        "accumulated_operating_revenue": 2234655, 
        "long_term_average": 717320, 
        "date": "2015-04-30", 
        "operating_revenue": 690670, 
        "short_term_average": 603707
    }, 
    {
        "accumulated_operating_revenue_yoy": -13.675426036380609, 
        "accumulated_operating_revenue": 2974043, 
        "long_term_average": 711419, 
        "date": "2015-05-31", 
        "operating_revenue": 739388, 
        "short_term_average": 697297
    }, 
    {
        "accumulated_operating_revenue_yoy": -13.50894271598623, 
        "accumulated_operating_revenue": 3976800, 
        "long_term_average": 698920, 
        "date": "2015-06-30", 
        "operating_revenue": 1002757, 
        "short_term_average": 810938
    }, 
    {
        "accumulated_operating_revenue_yoy": -11.447765226310784, 
        "accumulated_operating_revenue": 4837938, 
        "long_term_average": 698561, 
        "date": "2015-07-31", 
        "operating_revenue": 861138, 
        "short_term_average": 867761
    }, 
    {
        "accumulated_operating_revenue_yoy": -8.517678351798706, 
        "accumulated_operating_revenue": 5926620, 
        "long_term_average": 704696, 
        "date": "2015-08-31", 
        "operating_revenue": 1088682, 
        "short_term_average": 984192
    }, 
    {
        "accumulated_operating_revenue_yoy": -5.038633764969401, 
        "accumulated_operating_revenue": 6921451, 
        "long_term_average": 720076, 
        "date": "2015-09-30", 
        "operating_revenue": 994831, 
        "short_term_average": 981550
    }
]