[
    {
        "date": "2012-01-31", 
        "operating_revenue": 183115, 
        "accumulated_operating_revenue": 183115, 
        "long_term_average": 183115, 
        "short_term_average": 183115
    }, 
    {
        "date": "2012-02-29", 
        "operating_revenue": 178283, 
        "accumulated_operating_revenue": 361398, 
        "long_term_average": 180699, 
        "short_term_average": 180699
    }, 
    {
        "date": "2012-03-31", 
        "operating_revenue": 209526, 
        "accumulated_operating_revenue": 570924, 
        "long_term_average": 190308, 
        "short_term_average": 190308
    }, 
    {
        "date": "2012-04-30", 
        "operating_revenue": 162631, 
        "accumulated_operating_revenue": 733555, 
        "long_term_average": 183388, 
        "short_term_average": 183480
    }, 
    {
        "date": "2012-05-31", 
        "operating_revenue": 151913, 
        "accumulated_operating_revenue": 885468, 
        "long_term_average": 177093, 
        "short_term_average": 174690
    }, 
    {
        "date": "2012-06-30", 
        "operating_revenue": 137057, 
        "accumulated_operating_revenue": 1022525, 
        "long_term_average": 170420, 
        "short_term_average": 150533
    }, 
    {
        "date": "2012-07-31", 
        "operating_revenue": 138479, 
        "accumulated_operating_revenue": 1161004, 
        "long_term_average": 165857, 
        "short_term_average": 142483
    }, 
    {
        "date": "2012-08-31", 
        "operating_revenue": 142817, 
        "accumulated_operating_revenue": 1303821, 
        "long_term_average": 162977, 
        "short_term_average": 139451
    }, 
    {
        "date": "2012-09-30", 
        "operating_revenue": 126333, 
        "accumulated_operating_revenue": 1430154, 
        "long_term_average": 158906, 
        "short_term_average": 135876
    }, 
    {
        "date": "2012-10-31", 
        "operating_revenue": 165449, 
        "accumulated_operating_revenue": 1595603, 
        "long_term_average": 159560, 
        "short_term_average": 144866
    }, 
    {
        "date": "2012-11-30", 
        "operating_revenue": 161536, 
        "accumulated_operating_revenue": 1757139, 
        "long_term_average": 159739, 
        "short_term_average": 151106
    }, 
    {
        "date": "2012-12-31", 
        "operating_revenue": 236680, 
        "accumulated_operating_revenue": 1993819, 
        "long_term_average": 166151, 
        "short_term_average": 187888
    }, 
    {
        "accumulated_operating_revenue_yoy": 4.3890451355705435, 
        "accumulated_operating_revenue": 191152, 
        "long_term_average": 166821, 
        "date": "2013-01-31", 
        "operating_revenue": 191152, 
        "short_term_average": 196456
    }, 
    {
        "accumulated_operating_revenue_yoy": -0.557833745621171, 
        "accumulated_operating_revenue": 359382, 
        "long_term_average": 165983, 
        "date": "2013-02-28", 
        "operating_revenue": 168230, 
        "short_term_average": 198687
    }, 
    {
        "accumulated_operating_revenue_yoy": -4.244522913732826, 
        "accumulated_operating_revenue": 546691, 
        "long_term_average": 164132, 
        "date": "2013-03-31", 
        "operating_revenue": 187309, 
        "short_term_average": 182230
    }, 
    {
        "accumulated_operating_revenue_yoy": -1.629734648390373, 
        "accumulated_operating_revenue": 721600, 
        "long_term_average": 165155, 
        "date": "2013-04-30", 
        "operating_revenue": 174909, 
        "short_term_average": 176816
    }, 
    {
        "accumulated_operating_revenue_yoy": 0.7100200120162445, 
        "accumulated_operating_revenue": 891755, 
        "long_term_average": 166675, 
        "date": "2013-05-31", 
        "operating_revenue": 170155, 
        "short_term_average": 177457
    }, 
    {
        "accumulated_operating_revenue_yoy": 0.28791472091146914, 
        "accumulated_operating_revenue": 1025469, 
        "long_term_average": 166396, 
        "date": "2013-06-30", 
        "operating_revenue": 133714, 
        "short_term_average": 159592
    }, 
    {
        "accumulated_operating_revenue_yoy": -0.46890449989836386, 
        "accumulated_operating_revenue": 1155560, 
        "long_term_average": 165697, 
        "date": "2013-07-31", 
        "operating_revenue": 130091, 
        "short_term_average": 144653
    }, 
    {
        "accumulated_operating_revenue_yoy": -1.6773774927693295, 
        "accumulated_operating_revenue": 1281951, 
        "long_term_average": 164329, 
        "date": "2013-08-31", 
        "operating_revenue": 126391, 
        "short_term_average": 130065
    }, 
    {
        "accumulated_operating_revenue_yoy": -0.7546739721736261, 
        "accumulated_operating_revenue": 1419361, 
        "long_term_average": 165252, 
        "date": "2013-09-30", 
        "operating_revenue": 137410, 
        "short_term_average": 131297
    }, 
    {
        "accumulated_operating_revenue_yoy": -1.3570418205531076, 
        "accumulated_operating_revenue": 1573950, 
        "long_term_average": 164347, 
        "date": "2013-10-31", 
        "operating_revenue": 154589, 
        "short_term_average": 139463
    }, 
    {
        "accumulated_operating_revenue_yoy": -0.3478950726152001, 
        "accumulated_operating_revenue": 1751026, 
        "long_term_average": 165642, 
        "date": "2013-11-30", 
        "operating_revenue": 177076, 
        "short_term_average": 156358
    }, 
    {
        "accumulated_operating_revenue_yoy": -1.829152997338274, 
        "accumulated_operating_revenue": 1957349, 
        "long_term_average": 163112, 
        "date": "2013-12-31", 
        "operating_revenue": 206323, 
        "short_term_average": 179329
    }, 
    {
        "accumulated_operating_revenue_yoy": 9.411881643927346, 
        "accumulated_operating_revenue": 209143, 
        "long_term_average": 164611, 
        "date": "2014-01-31", 
        "operating_revenue": 209143, 
        "short_term_average": 197514
    }, 
    {
        "accumulated_operating_revenue_yoy": 13.099153546922215, 
        "accumulated_operating_revenue": 406458, 
        "long_term_average": 167035, 
        "date": "2014-02-28", 
        "operating_revenue": 197315, 
        "short_term_average": 204260
    }, 
    {
        "accumulated_operating_revenue_yoy": 11.846911692345403, 
        "accumulated_operating_revenue": 611457, 
        "long_term_average": 168509, 
        "date": "2014-03-31", 
        "operating_revenue": 204999, 
        "short_term_average": 203819
    }, 
    {
        "accumulated_operating_revenue_yoy": 9.515105321507761, 
        "accumulated_operating_revenue": 790261, 
        "long_term_average": 168834, 
        "date": "2014-04-30", 
        "operating_revenue": 178804, 
        "short_term_average": 193706
    }, 
    {
        "accumulated_operating_revenue_yoy": 6.755555057162561, 
        "accumulated_operating_revenue": 951998, 
        "long_term_average": 168132, 
        "date": "2014-05-31", 
        "operating_revenue": 161737, 
        "short_term_average": 181846
    }, 
    {
        "accumulated_operating_revenue_yoy": 7.562880984213077, 
        "accumulated_operating_revenue": 1103024, 
        "long_term_average": 169575, 
        "date": "2014-06-30", 
        "operating_revenue": 151026, 
        "short_term_average": 163855
    }, 
    {
        "accumulated_operating_revenue_yoy": 7.6972203953061715, 
        "accumulated_operating_revenue": 1244506, 
        "long_term_average": 170524, 
        "date": "2014-07-31", 
        "operating_revenue": 141482, 
        "short_term_average": 151415
    }, 
    {
        "accumulated_operating_revenue_yoy": 7.504733020216841, 
        "accumulated_operating_revenue": 1378158, 
        "long_term_average": 171129, 
        "date": "2014-08-31", 
        "operating_revenue": 133652, 
        "short_term_average": 142053
    }, 
    {
        "accumulated_operating_revenue_yoy": 6.777697851357055, 
        "accumulated_operating_revenue": 1515561, 
        "long_term_average": 171129, 
        "date": "2014-09-30", 
        "operating_revenue": 137403, 
        "short_term_average": 137512
    }, 
    {
        "accumulated_operating_revenue_yoy": 6.906953842244036, 
        "accumulated_operating_revenue": 1682662, 
        "long_term_average": 172171, 
        "date": "2014-10-31", 
        "operating_revenue": 167101, 
        "short_term_average": 146052
    }, 
    {
        "accumulated_operating_revenue_yoy": 5.50008966171833, 
        "accumulated_operating_revenue": 1847334, 
        "long_term_average": 171138, 
        "date": "2014-11-30", 
        "operating_revenue": 164672, 
        "short_term_average": 156392
    }, 
    {
        "accumulated_operating_revenue_yoy": 4.789948036860059, 
        "accumulated_operating_revenue": 2051105, 
        "long_term_average": 170925, 
        "date": "2014-12-31", 
        "operating_revenue": 203771, 
        "short_term_average": 178514
    }, 
    {
        "accumulated_operating_revenue_yoy": -8.206824995338117, 
        "accumulated_operating_revenue": 191979, 
        "long_term_average": 169495, 
        "date": "2015-01-31", 
        "operating_revenue": 191979, 
        "short_term_average": 186807
    }, 
    {
        "accumulated_operating_revenue_yoy": -14.009565563969709, 
        "accumulated_operating_revenue": 349515, 
        "long_term_average": 166180, 
        "date": "2015-02-28", 
        "operating_revenue": 157536, 
        "short_term_average": 184428
    }, 
    {
        "accumulated_operating_revenue_yoy": -16.311694853440226, 
        "accumulated_operating_revenue": 511718, 
        "long_term_average": 162613, 
        "date": "2015-03-31", 
        "operating_revenue": 162203, 
        "short_term_average": 170572
    }, 
    {
        "accumulated_operating_revenue_yoy": -17.076763246572966, 
        "accumulated_operating_revenue": 655310, 
        "long_term_average": 159679, 
        "date": "2015-04-30", 
        "operating_revenue": 143592, 
        "short_term_average": 154443
    }, 
    {
        "accumulated_operating_revenue_yoy": -18.82304374589022, 
        "accumulated_operating_revenue": 772803, 
        "long_term_average": 155992, 
        "date": "2015-05-31", 
        "operating_revenue": 117493, 
        "short_term_average": 141096
    }, 
    {
        "accumulated_operating_revenue_yoy": -20.036554055034163, 
        "accumulated_operating_revenue": 882016, 
        "long_term_average": 152508, 
        "date": "2015-06-30", 
        "operating_revenue": 109213, 
        "short_term_average": 123432
    }, 
    {
        "accumulated_operating_revenue_yoy": -19.324936962939514, 
        "accumulated_operating_revenue": 1004006, 
        "long_term_average": 150883, 
        "date": "2015-07-31", 
        "operating_revenue": 121990, 
        "short_term_average": 116232
    }, 
    {
        "accumulated_operating_revenue_yoy": -19.13488874280017, 
        "accumulated_operating_revenue": 1114449, 
        "long_term_average": 148949, 
        "date": "2015-08-31", 
        "operating_revenue": 110443, 
        "short_term_average": 113882
    }
]