[
    {
        "date": "2012-01-31", 
        "operating_revenue": 67145, 
        "accumulated_operating_revenue": 67145, 
        "long_term_average": 67145, 
        "short_term_average": 67145
    }, 
    {
        "date": "2012-02-29", 
        "operating_revenue": 56353, 
        "accumulated_operating_revenue": 123498, 
        "long_term_average": 61749, 
        "short_term_average": 61749
    }, 
    {
        "date": "2012-03-31", 
        "operating_revenue": 65023, 
        "accumulated_operating_revenue": 188521, 
        "long_term_average": 62840, 
        "short_term_average": 62840
    }, 
    {
        "date": "2012-04-30", 
        "operating_revenue": 65976, 
        "accumulated_operating_revenue": 254497, 
        "long_term_average": 63624, 
        "short_term_average": 62450
    }, 
    {
        "date": "2012-05-31", 
        "operating_revenue": 59969, 
        "accumulated_operating_revenue": 314466, 
        "long_term_average": 62893, 
        "short_term_average": 63656
    }, 
    {
        "date": "2012-06-30", 
        "operating_revenue": 78638, 
        "accumulated_operating_revenue": 393104, 
        "long_term_average": 65517, 
        "short_term_average": 68194
    }, 
    {
        "date": "2012-07-31", 
        "operating_revenue": 67908, 
        "accumulated_operating_revenue": 461012, 
        "long_term_average": 65858, 
        "short_term_average": 68838
    }, 
    {
        "date": "2012-08-31", 
        "operating_revenue": 63070, 
        "accumulated_operating_revenue": 524082, 
        "long_term_average": 65510, 
        "short_term_average": 69872
    }, 
    {
        "date": "2012-09-30", 
        "operating_revenue": 73616, 
        "accumulated_operating_revenue": 597698, 
        "long_term_average": 66410, 
        "short_term_average": 68198
    }, 
    {
        "date": "2012-10-31", 
        "operating_revenue": 71255, 
        "accumulated_operating_revenue": 668953, 
        "long_term_average": 66895, 
        "short_term_average": 69313
    }, 
    {
        "date": "2012-11-30", 
        "operating_revenue": 76800, 
        "accumulated_operating_revenue": 745753, 
        "long_term_average": 67795, 
        "short_term_average": 73890
    }, 
    {
        "date": "2012-12-31", 
        "operating_revenue": 72757, 
        "accumulated_operating_revenue": 818510, 
        "long_term_average": 68209, 
        "short_term_average": 73604
    }, 
    {
        "accumulated_operating_revenue_yoy": -1.3776156080125102, 
        "accumulated_operating_revenue": 66220, 
        "long_term_average": 68132, 
        "date": "2013-01-31", 
        "operating_revenue": 66220, 
        "short_term_average": 71925
    }, 
    {
        "accumulated_operating_revenue_yoy": -4.004113426938088, 
        "accumulated_operating_revenue": 118553, 
        "long_term_average": 67797, 
        "date": "2013-02-28", 
        "operating_revenue": 52333, 
        "short_term_average": 63770
    }, 
    {
        "accumulated_operating_revenue_yoy": -4.095034505439712, 
        "accumulated_operating_revenue": 180801, 
        "long_term_average": 67565, 
        "date": "2013-03-31", 
        "operating_revenue": 62248, 
        "short_term_average": 60267
    }, 
    {
        "accumulated_operating_revenue_yoy": -3.4275453148760104, 
        "accumulated_operating_revenue": 245774, 
        "long_term_average": 67482, 
        "date": "2013-04-30", 
        "operating_revenue": 64973, 
        "short_term_average": 59851
    }, 
    {
        "accumulated_operating_revenue_yoy": -3.4607874937195118, 
        "accumulated_operating_revenue": 303583, 
        "long_term_average": 67302, 
        "date": "2013-05-31", 
        "operating_revenue": 57809, 
        "short_term_average": 61676
    }, 
    {
        "accumulated_operating_revenue_yoy": -7.095577760592617, 
        "accumulated_operating_revenue": 365211, 
        "long_term_average": 65884, 
        "date": "2013-06-30", 
        "operating_revenue": 61628, 
        "short_term_average": 61470
    }, 
    {
        "accumulated_operating_revenue_yoy": -7.297640842320807, 
        "accumulated_operating_revenue": 427369, 
        "long_term_average": 65405, 
        "date": "2013-07-31", 
        "operating_revenue": 62158, 
        "short_term_average": 60531
    }, 
    {
        "accumulated_operating_revenue_yoy": -6.357783705603322, 
        "accumulated_operating_revenue": 490762, 
        "long_term_average": 65432, 
        "date": "2013-08-31", 
        "operating_revenue": 63393, 
        "short_term_average": 62393
    }, 
    {
        "accumulated_operating_revenue_yoy": -7.572887980217434, 
        "accumulated_operating_revenue": 552435, 
        "long_term_average": 64437, 
        "date": "2013-09-30", 
        "operating_revenue": 61673, 
        "short_term_average": 62408
    }, 
    {
        "accumulated_operating_revenue_yoy": -6.695836628283303, 
        "accumulated_operating_revenue": 624161, 
        "long_term_average": 64476, 
        "date": "2013-10-31", 
        "operating_revenue": 71726, 
        "short_term_average": 65597
    }, 
    {
        "accumulated_operating_revenue_yoy": -5.9880416169965125, 
        "accumulated_operating_revenue": 701097, 
        "long_term_average": 64487, 
        "date": "2013-11-30", 
        "operating_revenue": 76936, 
        "short_term_average": 70111
    }, 
    {
        "accumulated_operating_revenue_yoy": -5.1735470550146, 
        "accumulated_operating_revenue": 776164, 
        "long_term_average": 64680, 
        "date": "2013-12-31", 
        "operating_revenue": 75067, 
        "short_term_average": 74576
    }, 
    {
        "accumulated_operating_revenue_yoy": -6.263968589549986, 
        "accumulated_operating_revenue": 62072, 
        "long_term_average": 64334, 
        "date": "2014-01-31", 
        "operating_revenue": 62072, 
        "short_term_average": 71358
    }, 
    {
        "accumulated_operating_revenue_yoy": -7.707101465167478, 
        "accumulated_operating_revenue": 109416, 
        "long_term_average": 63918, 
        "date": "2014-02-28", 
        "operating_revenue": 47344, 
        "short_term_average": 61494
    }, 
    {
        "accumulated_operating_revenue_yoy": -7.824624863800532, 
        "accumulated_operating_revenue": 166654, 
        "long_term_average": 63501, 
        "date": "2014-03-31", 
        "operating_revenue": 57238, 
        "short_term_average": 55551
    }, 
    {
        "accumulated_operating_revenue_yoy": -7.413721549065401, 
        "accumulated_operating_revenue": 227553, 
        "long_term_average": 63161, 
        "date": "2014-04-30", 
        "operating_revenue": 60899, 
        "short_term_average": 55160
    }, 
    {
        "accumulated_operating_revenue_yoy": -6.797152673239279, 
        "accumulated_operating_revenue": 282948, 
        "long_term_average": 62960, 
        "date": "2014-05-31", 
        "operating_revenue": 55395, 
        "short_term_average": 57844
    }, 
    {
        "accumulated_operating_revenue_yoy": -6.350849235099709, 
        "accumulated_operating_revenue": 342017, 
        "long_term_average": 62747, 
        "date": "2014-06-30", 
        "operating_revenue": 59069, 
        "short_term_average": 58454
    }, 
    {
        "accumulated_operating_revenue_yoy": -4.202457361203082, 
        "accumulated_operating_revenue": 409409, 
        "long_term_average": 63183, 
        "date": "2014-07-31", 
        "operating_revenue": 67392, 
        "short_term_average": 60618
    }, 
    {
        "accumulated_operating_revenue_yoy": -5.584173183742832, 
        "accumulated_operating_revenue": 463357, 
        "long_term_average": 62396, 
        "date": "2014-08-31", 
        "operating_revenue": 53948, 
        "short_term_average": 60136
    }, 
    {
        "accumulated_operating_revenue_yoy": -6.73165168752885, 
        "accumulated_operating_revenue": 515247, 
        "long_term_average": 61581, 
        "date": "2014-09-30", 
        "operating_revenue": 51890, 
        "short_term_average": 57743
    }, 
    {
        "accumulated_operating_revenue_yoy": -6.579872821275281, 
        "accumulated_operating_revenue": 583092, 
        "long_term_average": 61257, 
        "date": "2014-10-31", 
        "operating_revenue": 67845, 
        "short_term_average": 57894
    }, 
    {
        "accumulated_operating_revenue_yoy": -6.546882956281371, 
        "accumulated_operating_revenue": 655197, 
        "long_term_average": 60855, 
        "date": "2014-11-30", 
        "operating_revenue": 72105, 
        "short_term_average": 63946
    }, 
    {
        "accumulated_operating_revenue_yoy": -7.041810751336058, 
        "accumulated_operating_revenue": 721508, 
        "long_term_average": 60125, 
        "date": "2014-12-31", 
        "operating_revenue": 66311, 
        "short_term_average": 68753
    }, 
    {
        "accumulated_operating_revenue_yoy": -8.349980667611806, 
        "accumulated_operating_revenue": 56889, 
        "long_term_average": 59693, 
        "date": "2015-01-31", 
        "operating_revenue": 56889, 
        "short_term_average": 65101
    }, 
    {
        "accumulated_operating_revenue_yoy": 3.1156320830591504, 
        "accumulated_operating_revenue": 112825, 
        "long_term_average": 60409, 
        "date": "2015-02-28", 
        "operating_revenue": 55936, 
        "short_term_average": 59712
    }, 
    {
        "accumulated_operating_revenue_yoy": 2.2249690976514214, 
        "accumulated_operating_revenue": 170362, 
        "long_term_average": 60434, 
        "date": "2015-03-31", 
        "operating_revenue": 57537, 
        "short_term_average": 56787
    }, 
    {
        "accumulated_operating_revenue_yoy": -0.13711091481984417, 
        "accumulated_operating_revenue": 227241, 
        "long_term_average": 60099, 
        "date": "2015-04-30", 
        "operating_revenue": 56879, 
        "short_term_average": 56784
    }, 
    {
        "accumulated_operating_revenue_yoy": 0.38452295121365054, 
        "accumulated_operating_revenue": 284036, 
        "long_term_average": 60216, 
        "date": "2015-05-31", 
        "operating_revenue": 56795, 
        "short_term_average": 57070
    }, 
    {
        "accumulated_operating_revenue_yoy": 2.061885812693521, 
        "accumulated_operating_revenue": 349069, 
        "long_term_average": 60713, 
        "date": "2015-06-30", 
        "operating_revenue": 65033, 
        "short_term_average": 59569
    }, 
    {
        "accumulated_operating_revenue_yoy": 1.167048110813392, 
        "accumulated_operating_revenue": 414187, 
        "long_term_average": 60523, 
        "date": "2015-07-31", 
        "operating_revenue": 65118, 
        "short_term_average": 62315
    }, 
    {
        "accumulated_operating_revenue_yoy": 1.7392636778984671, 
        "accumulated_operating_revenue": 471416, 
        "long_term_average": 60797, 
        "date": "2015-08-31", 
        "operating_revenue": 57229, 
        "short_term_average": 62460
    }, 
    {
        "accumulated_operating_revenue_yoy": 3.399922755493967, 
        "accumulated_operating_revenue": 532765, 
        "long_term_average": 61585, 
        "date": "2015-09-30", 
        "operating_revenue": 61349, 
        "short_term_average": 61232
    }, 
    {
        "accumulated_operating_revenue_yoy": 1.9190796649585316, 
        "accumulated_operating_revenue": 594282, 
        "long_term_average": 61058, 
        "date": "2015-10-31", 
        "operating_revenue": 61517, 
        "short_term_average": 60031
    }
]