[
    {
        "date": "2012-01-31", 
        "operating_revenue": 34273, 
        "accumulated_operating_revenue": 34273, 
        "long_term_average": 34273, 
        "short_term_average": 34273
    }, 
    {
        "date": "2012-02-29", 
        "operating_revenue": 29847, 
        "accumulated_operating_revenue": 64120, 
        "long_term_average": 32060, 
        "short_term_average": 32060
    }, 
    {
        "date": "2012-03-31", 
        "operating_revenue": 31038, 
        "accumulated_operating_revenue": 95158, 
        "long_term_average": 31719, 
        "short_term_average": 31719
    }, 
    {
        "date": "2012-04-30", 
        "operating_revenue": 28622, 
        "accumulated_operating_revenue": 123780, 
        "long_term_average": 30945, 
        "short_term_average": 29835
    }, 
    {
        "date": "2012-05-31", 
        "operating_revenue": 24555, 
        "accumulated_operating_revenue": 148335, 
        "long_term_average": 29667, 
        "short_term_average": 28071
    }, 
    {
        "date": "2012-06-30", 
        "operating_revenue": 33417, 
        "accumulated_operating_revenue": 181752, 
        "long_term_average": 30292, 
        "short_term_average": 28864
    }, 
    {
        "date": "2012-07-31", 
        "operating_revenue": 23514, 
        "accumulated_operating_revenue": 205266, 
        "long_term_average": 29323, 
        "short_term_average": 27162
    }, 
    {
        "date": "2012-08-31", 
        "operating_revenue": 28665, 
        "accumulated_operating_revenue": 233931, 
        "long_term_average": 29241, 
        "short_term_average": 28532
    }, 
    {
        "date": "2012-09-30", 
        "operating_revenue": 27663, 
        "accumulated_operating_revenue": 261594, 
        "long_term_average": 29066, 
        "short_term_average": 26614
    }, 
    {
        "date": "2012-10-31", 
        "operating_revenue": 21123, 
        "accumulated_operating_revenue": 282717, 
        "long_term_average": 28271, 
        "short_term_average": 25817
    }, 
    {
        "date": "2012-11-30", 
        "operating_revenue": 25607, 
        "accumulated_operating_revenue": 308324, 
        "long_term_average": 28029, 
        "short_term_average": 24797
    }, 
    {
        "date": "2012-12-31", 
        "operating_revenue": 24691, 
        "accumulated_operating_revenue": 333015, 
        "long_term_average": 27751, 
        "short_term_average": 23807
    }, 
    {
        "accumulated_operating_revenue_yoy": -14.118985790564, 
        "accumulated_operating_revenue": 29434, 
        "long_term_average": 27348, 
        "date": "2013-01-31", 
        "operating_revenue": 29434, 
        "short_term_average": 26577
    }, 
    {
        "accumulated_operating_revenue_yoy": -12.506238303181535, 
        "accumulated_operating_revenue": 56101, 
        "long_term_average": 27083, 
        "date": "2013-02-28", 
        "operating_revenue": 26667, 
        "short_term_average": 26930
    }, 
    {
        "accumulated_operating_revenue_yoy": -14.897328653397507, 
        "accumulated_operating_revenue": 80982, 
        "long_term_average": 26569, 
        "date": "2013-03-31", 
        "operating_revenue": 24881, 
        "short_term_average": 26994
    }, 
    {
        "accumulated_operating_revenue_yoy": -14.168686379059622, 
        "accumulated_operating_revenue": 106242, 
        "long_term_average": 26289, 
        "date": "2013-04-30", 
        "operating_revenue": 25260, 
        "short_term_average": 25602
    }, 
    {
        "accumulated_operating_revenue_yoy": -14.813091987730475, 
        "accumulated_operating_revenue": 126362, 
        "long_term_average": 25920, 
        "date": "2013-05-31", 
        "operating_revenue": 20120, 
        "short_term_average": 23420
    }, 
    {
        "accumulated_operating_revenue_yoy": -12.935208415863375, 
        "accumulated_operating_revenue": 158242, 
        "long_term_average": 25792, 
        "date": "2013-06-30", 
        "operating_revenue": 31880, 
        "short_term_average": 25753
    }, 
    {
        "accumulated_operating_revenue_yoy": -10.929233287539097, 
        "accumulated_operating_revenue": 182832, 
        "long_term_average": 25881, 
        "date": "2013-07-31", 
        "operating_revenue": 24590, 
        "short_term_average": 25530
    }, 
    {
        "accumulated_operating_revenue_yoy": -9.775104624868018, 
        "accumulated_operating_revenue": 211064, 
        "long_term_average": 25845, 
        "date": "2013-08-31", 
        "operating_revenue": 28232, 
        "short_term_average": 28234
    }, 
    {
        "accumulated_operating_revenue_yoy": -9.985320764237713, 
        "accumulated_operating_revenue": 235473, 
        "long_term_average": 25574, 
        "date": "2013-09-30", 
        "operating_revenue": 24409, 
        "short_term_average": 25743
    }, 
    {
        "accumulated_operating_revenue_yoy": -4.78464330054436, 
        "accumulated_operating_revenue": 269190, 
        "long_term_average": 26624, 
        "date": "2013-10-31", 
        "operating_revenue": 33717, 
        "short_term_average": 28786
    }, 
    {
        "accumulated_operating_revenue_yoy": -3.1457168433206624, 
        "accumulated_operating_revenue": 298625, 
        "long_term_average": 26943, 
        "date": "2013-11-30", 
        "operating_revenue": 29435, 
        "short_term_average": 29187
    }, 
    {
        "accumulated_operating_revenue_yoy": 1.2005465219284417, 
        "accumulated_operating_revenue": 337013, 
        "long_term_average": 28084, 
        "date": "2013-12-31", 
        "operating_revenue": 38388, 
        "short_term_average": 33846
    }, 
    {
        "accumulated_operating_revenue_yoy": 23.085547326221377, 
        "accumulated_operating_revenue": 36229, 
        "long_term_average": 28650, 
        "date": "2014-01-31", 
        "operating_revenue": 36229, 
        "short_term_average": 34684
    }, 
    {
        "accumulated_operating_revenue_yoy": 3.942888718561167, 
        "accumulated_operating_revenue": 58313, 
        "long_term_average": 28268, 
        "date": "2014-02-28", 
        "operating_revenue": 22084, 
        "short_term_average": 32233
    }, 
    {
        "accumulated_operating_revenue_yoy": 4.602257291743844, 
        "accumulated_operating_revenue": 84709, 
        "long_term_average": 28395, 
        "date": "2014-03-31", 
        "operating_revenue": 26396, 
        "short_term_average": 28236
    }, 
    {
        "accumulated_operating_revenue_yoy": 4.268556691327348, 
        "accumulated_operating_revenue": 110777, 
        "long_term_average": 28462, 
        "date": "2014-04-30", 
        "operating_revenue": 26068, 
        "short_term_average": 24849
    }, 
    {
        "accumulated_operating_revenue_yoy": 9.468827653883288, 
        "accumulated_operating_revenue": 138327, 
        "long_term_average": 29081, 
        "date": "2014-05-31", 
        "operating_revenue": 27550, 
        "short_term_average": 26671
    }, 
    {
        "accumulated_operating_revenue_yoy": 7.549828743317198, 
        "accumulated_operating_revenue": 170189, 
        "long_term_average": 29080, 
        "date": "2014-06-30", 
        "operating_revenue": 31862, 
        "short_term_average": 28493
    }, 
    {
        "accumulated_operating_revenue_yoy": 10.883215192088912, 
        "accumulated_operating_revenue": 202730, 
        "long_term_average": 29742, 
        "date": "2014-07-31", 
        "operating_revenue": 32541, 
        "short_term_average": 30651
    }, 
    {
        "accumulated_operating_revenue_yoy": 8.785013076602358, 
        "accumulated_operating_revenue": 229606, 
        "long_term_average": 29629, 
        "date": "2014-08-31", 
        "operating_revenue": 26876, 
        "short_term_average": 30426
    }, 
    {
        "accumulated_operating_revenue_yoy": 7.91173510338765, 
        "accumulated_operating_revenue": 254103, 
        "long_term_average": 29636, 
        "date": "2014-09-30", 
        "operating_revenue": 24497, 
        "short_term_average": 27971
    }, 
    {
        "accumulated_operating_revenue_yoy": 8.208328689773023, 
        "accumulated_operating_revenue": 291286, 
        "long_term_average": 29925, 
        "date": "2014-10-31", 
        "operating_revenue": 37183, 
        "short_term_average": 29518
    }, 
    {
        "accumulated_operating_revenue_yoy": 10.181665969024696, 
        "accumulated_operating_revenue": 329030, 
        "long_term_average": 30618, 
        "date": "2014-11-30", 
        "operating_revenue": 37744, 
        "short_term_average": 33141
    }, 
    {
        "accumulated_operating_revenue_yoy": 6.4344698869183095, 
        "accumulated_operating_revenue": 358698, 
        "long_term_average": 29891, 
        "date": "2014-12-31", 
        "operating_revenue": 29668, 
        "short_term_average": 34865
    }, 
    {
        "accumulated_operating_revenue_yoy": -34.99130530790251, 
        "accumulated_operating_revenue": 23552, 
        "long_term_average": 28835, 
        "date": "2015-01-31", 
        "operating_revenue": 23552, 
        "short_term_average": 30321
    }, 
    {
        "accumulated_operating_revenue_yoy": 2.688937286711368, 
        "accumulated_operating_revenue": 59881, 
        "long_term_average": 30022, 
        "date": "2015-02-28", 
        "operating_revenue": 36329, 
        "short_term_average": 29849
    }, 
    {
        "accumulated_operating_revenue_yoy": 14.927575582287597, 
        "accumulated_operating_revenue": 97354, 
        "long_term_average": 30945, 
        "date": "2015-03-31", 
        "operating_revenue": 37473, 
        "short_term_average": 32451
    }, 
    {
        "accumulated_operating_revenue_yoy": 14.388365816008738, 
        "accumulated_operating_revenue": 126716, 
        "long_term_average": 31219, 
        "date": "2015-04-30", 
        "operating_revenue": 29362, 
        "short_term_average": 34388
    }, 
    {
        "accumulated_operating_revenue_yoy": 16.589675189948455, 
        "accumulated_operating_revenue": 161275, 
        "long_term_average": 31803, 
        "date": "2015-05-31", 
        "operating_revenue": 34559, 
        "short_term_average": 33798
    }, 
    {
        "accumulated_operating_revenue_yoy": 15.264206264799723, 
        "accumulated_operating_revenue": 196167, 
        "long_term_average": 32056, 
        "date": "2015-06-30", 
        "operating_revenue": 34892, 
        "short_term_average": 32937
    }, 
    {
        "accumulated_operating_revenue_yoy": 11.801904010259952, 
        "accumulated_operating_revenue": 226656, 
        "long_term_average": 31885, 
        "date": "2015-07-31", 
        "operating_revenue": 30489, 
        "short_term_average": 33313
    }, 
    {
        "accumulated_operating_revenue_yoy": 16.02397149900264, 
        "accumulated_operating_revenue": 266398, 
        "long_term_average": 32957, 
        "date": "2015-08-31", 
        "operating_revenue": 39742, 
        "short_term_average": 35041
    }, 
    {
        "accumulated_operating_revenue_yoy": 16.15368571012542, 
        "accumulated_operating_revenue": 295150, 
        "long_term_average": 33312, 
        "date": "2015-09-30", 
        "operating_revenue": 28752, 
        "short_term_average": 32994
    }
]