[
    {
        "date": "2011-09-30", 
        "operating_revenue": 449258, 
        "accumulated_operating_revenue": 449258, 
        "long_term_average": 449258, 
        "short_term_average": 449258
    }, 
    {
        "date": "2011-10-31", 
        "operating_revenue": 465266, 
        "accumulated_operating_revenue": 914524, 
        "long_term_average": 457262, 
        "short_term_average": 457262
    }, 
    {
        "date": "2011-11-30", 
        "operating_revenue": 492148, 
        "accumulated_operating_revenue": 1406672, 
        "long_term_average": 468890, 
        "short_term_average": 468890
    }, 
    {
        "date": "2011-12-31", 
        "operating_revenue": 740218, 
        "accumulated_operating_revenue": 2146890, 
        "long_term_average": 536722, 
        "short_term_average": 565877
    }, 
    {
        "date": "2012-01-31", 
        "operating_revenue": 435843, 
        "accumulated_operating_revenue": 435843, 
        "long_term_average": 516546, 
        "short_term_average": 556069
    }, 
    {
        "date": "2012-02-29", 
        "operating_revenue": 576749, 
        "accumulated_operating_revenue": 1012592, 
        "long_term_average": 526580, 
        "short_term_average": 584270
    }, 
    {
        "date": "2012-03-31", 
        "operating_revenue": 533924, 
        "accumulated_operating_revenue": 1546516, 
        "long_term_average": 527629, 
        "short_term_average": 515505
    }, 
    {
        "date": "2012-04-30", 
        "operating_revenue": 408900, 
        "accumulated_operating_revenue": 1955416, 
        "long_term_average": 512788, 
        "short_term_average": 506524
    }, 
    {
        "date": "2012-05-31", 
        "operating_revenue": 340560, 
        "accumulated_operating_revenue": 2295976, 
        "long_term_average": 493651, 
        "short_term_average": 427794
    }, 
    {
        "date": "2012-06-30", 
        "operating_revenue": 295414, 
        "accumulated_operating_revenue": 2591390, 
        "long_term_average": 473828, 
        "short_term_average": 348291
    }, 
    {
        "date": "2012-07-31", 
        "operating_revenue": 319988, 
        "accumulated_operating_revenue": 2911378, 
        "long_term_average": 459842, 
        "short_term_average": 318654
    }, 
    {
        "date": "2012-08-31", 
        "operating_revenue": 293886, 
        "accumulated_operating_revenue": 3205264, 
        "long_term_average": 446012, 
        "short_term_average": 303096
    }, 
    {
        "accumulated_operating_revenue_yoy": 693.4227103357091, 
        "accumulated_operating_revenue": 3564515, 
        "long_term_average": 438512, 
        "date": "2012-09-30", 
        "operating_revenue": 359251, 
        "short_term_average": 324375
    }, 
    {
        "accumulated_operating_revenue_yoy": 331.7602381129418, 
        "accumulated_operating_revenue": 3948551, 
        "long_term_average": 431743, 
        "date": "2012-10-31", 
        "operating_revenue": 384036, 
        "short_term_average": 345724
    }, 
    {
        "accumulated_operating_revenue_yoy": 220.2396152052504, 
        "accumulated_operating_revenue": 4504721, 
        "long_term_average": 437078, 
        "date": "2012-11-30", 
        "operating_revenue": 556170, 
        "short_term_average": 433152
    }, 
    {
        "accumulated_operating_revenue_yoy": 137.15309121566546, 
        "accumulated_operating_revenue": 5091416, 
        "long_term_average": 424284, 
        "date": "2012-12-31", 
        "operating_revenue": 586695, 
        "short_term_average": 508967
    }, 
    {
        "accumulated_operating_revenue_yoy": -3.8887856407008945, 
        "accumulated_operating_revenue": 418894, 
        "long_term_average": 422872, 
        "date": "2013-01-31", 
        "operating_revenue": 418894, 
        "short_term_average": 520586
    }, 
    {
        "accumulated_operating_revenue_yoy": -33.04865138180037, 
        "accumulated_operating_revenue": 677944, 
        "long_term_average": 396397, 
        "date": "2013-02-28", 
        "operating_revenue": 259050, 
        "short_term_average": 421546
    }, 
    {
        "accumulated_operating_revenue_yoy": -33.853965946682735, 
        "accumulated_operating_revenue": 1022959, 
        "long_term_average": 380654, 
        "date": "2013-03-31", 
        "operating_revenue": 345015, 
        "short_term_average": 340986
    }, 
    {
        "accumulated_operating_revenue_yoy": -30.232083607784737, 
        "accumulated_operating_revenue": 1364253, 
        "long_term_average": 375021, 
        "date": "2013-04-30", 
        "operating_revenue": 341294, 
        "short_term_average": 315119
    }, 
    {
        "accumulated_operating_revenue_yoy": -27.440617846179578, 
        "accumulated_operating_revenue": 1665946, 
        "long_term_average": 371782, 
        "date": "2013-05-31", 
        "operating_revenue": 301693, 
        "short_term_average": 329334
    }, 
    {
        "accumulated_operating_revenue_yoy": -25.983429742339055, 
        "accumulated_operating_revenue": 1918058, 
        "long_term_average": 368173, 
        "date": "2013-06-30", 
        "operating_revenue": 252112, 
        "short_term_average": 298366
    }, 
    {
        "accumulated_operating_revenue_yoy": -26.689079879012617, 
        "accumulated_operating_revenue": 2134358, 
        "long_term_average": 359533, 
        "date": "2013-07-31", 
        "operating_revenue": 216300, 
        "short_term_average": 256701
    }, 
    {
        "accumulated_operating_revenue_yoy": -26.11769264559799, 
        "accumulated_operating_revenue": 2368123, 
        "long_term_average": 354522, 
        "date": "2013-08-31", 
        "operating_revenue": 233765, 
        "short_term_average": 234059
    }, 
    {
        "accumulated_operating_revenue_yoy": -22.325309333808384, 
        "accumulated_operating_revenue": 2768726, 
        "long_term_average": 357968, 
        "date": "2013-09-30", 
        "operating_revenue": 400603, 
        "short_term_average": 283556
    }, 
    {
        "accumulated_operating_revenue_yoy": -15.09817145580746, 
        "accumulated_operating_revenue": 3352392, 
        "long_term_average": 374604, 
        "date": "2013-10-31", 
        "operating_revenue": 583666, 
        "short_term_average": 406011
    }, 
    {
        "accumulated_operating_revenue_yoy": -13.445471983725518, 
        "accumulated_operating_revenue": 3899040, 
        "long_term_average": 373811, 
        "date": "2013-11-30", 
        "operating_revenue": 546648, 
        "short_term_average": 510305
    }, 
    {
        "accumulated_operating_revenue_yoy": -13.255703324968929, 
        "accumulated_operating_revenue": 4416513, 
        "long_term_average": 368042, 
        "date": "2013-12-31", 
        "operating_revenue": 517473, 
        "short_term_average": 549262
    }, 
    {
        "accumulated_operating_revenue_yoy": -9.47399580800871, 
        "accumulated_operating_revenue": 379208, 
        "long_term_average": 364735, 
        "date": "2014-01-31", 
        "operating_revenue": 379208, 
        "short_term_average": 481109
    }, 
    {
        "accumulated_operating_revenue_yoy": 0.866000731623851, 
        "accumulated_operating_revenue": 683815, 
        "long_term_average": 368532, 
        "date": "2014-02-28", 
        "operating_revenue": 304607, 
        "short_term_average": 400429
    }, 
    {
        "accumulated_operating_revenue_yoy": 5.438438881714712, 
        "accumulated_operating_revenue": 1078592, 
        "long_term_average": 372678, 
        "date": "2014-03-31", 
        "operating_revenue": 394777, 
        "short_term_average": 359530
    }, 
    {
        "accumulated_operating_revenue_yoy": 1.7005643381396267, 
        "accumulated_operating_revenue": 1387453, 
        "long_term_average": 369976, 
        "date": "2014-04-30", 
        "operating_revenue": 308861, 
        "short_term_average": 336081
    }, 
    {
        "accumulated_operating_revenue_yoy": -3.5050956033388836, 
        "accumulated_operating_revenue": 1607553, 
        "long_term_average": 363176, 
        "date": "2014-05-31", 
        "operating_revenue": 220100, 
        "short_term_average": 307912
    }, 
    {
        "accumulated_operating_revenue_yoy": -5.21934164660297, 
        "accumulated_operating_revenue": 1817948, 
        "long_term_average": 359700, 
        "date": "2014-06-30", 
        "operating_revenue": 210395, 
        "short_term_average": 246452
    }, 
    {
        "accumulated_operating_revenue_yoy": -5.3632052354853315, 
        "accumulated_operating_revenue": 2019888, 
        "long_term_average": 358503, 
        "date": "2014-07-31", 
        "operating_revenue": 201940, 
        "short_term_average": 210811
    }, 
    {
        "accumulated_operating_revenue_yoy": -2.9508180107198823, 
        "accumulated_operating_revenue": 2298244, 
        "long_term_average": 362219, 
        "date": "2014-08-31", 
        "operating_revenue": 278356, 
        "short_term_average": 230230
    }, 
    {
        "accumulated_operating_revenue_yoy": -0.6171791647133014, 
        "accumulated_operating_revenue": 2751638, 
        "long_term_average": 366618, 
        "date": "2014-09-30", 
        "operating_revenue": 453394, 
        "short_term_average": 311230
    }, 
    {
        "accumulated_operating_revenue_yoy": -1.6414249884858334, 
        "accumulated_operating_revenue": 3297365, 
        "long_term_average": 363457, 
        "date": "2014-10-31", 
        "operating_revenue": 545727, 
        "short_term_average": 425825
    }, 
    {
        "accumulated_operating_revenue_yoy": -2.5784552094874633, 
        "accumulated_operating_revenue": 3798505, 
        "long_term_average": 359664, 
        "date": "2014-11-30", 
        "operating_revenue": 501140, 
        "short_term_average": 500087
    }, 
    {
        "accumulated_operating_revenue_yoy": -2.896968717175745, 
        "accumulated_operating_revenue": 4288568, 
        "long_term_average": 357380, 
        "date": "2014-12-31", 
        "operating_revenue": 490063, 
        "short_term_average": 512310
    }, 
    {
        "accumulated_operating_revenue_yoy": 44.10429104871205, 
        "accumulated_operating_revenue": 546455, 
        "long_term_average": 371317, 
        "date": "2015-01-31", 
        "operating_revenue": 546455, 
        "short_term_average": 512552
    }, 
    {
        "accumulated_operating_revenue_yoy": 24.044222487076183, 
        "accumulated_operating_revenue": 848233, 
        "long_term_average": 371082, 
        "date": "2015-02-28", 
        "operating_revenue": 301778, 
        "short_term_average": 446098
    }, 
    {
        "accumulated_operating_revenue_yoy": 7.597497478193793, 
        "accumulated_operating_revenue": 1160538, 
        "long_term_average": 364209, 
        "date": "2015-03-31", 
        "operating_revenue": 312305, 
        "short_term_average": 386846
    }, 
    {
        "accumulated_operating_revenue_yoy": 1.422102226165499, 
        "accumulated_operating_revenue": 1407184, 
        "long_term_average": 359024, 
        "date": "2015-04-30", 
        "operating_revenue": 246646, 
        "short_term_average": 286909
    }, 
    {
        "accumulated_operating_revenue_yoy": 1.4508386348692703, 
        "accumulated_operating_revenue": 1630876, 
        "long_term_average": 359324, 
        "date": "2015-05-31", 
        "operating_revenue": 223692, 
        "short_term_average": 260881
    }, 
    {
        "accumulated_operating_revenue_yoy": 2.71113365178762, 
        "accumulated_operating_revenue": 1867235, 
        "long_term_average": 361487, 
        "date": "2015-06-30", 
        "operating_revenue": 236359, 
        "short_term_average": 235565
    }, 
    {
        "accumulated_operating_revenue_yoy": 4.267662365438084, 
        "accumulated_operating_revenue": 2106090, 
        "long_term_average": 364564, 
        "date": "2015-07-31", 
        "operating_revenue": 238855, 
        "short_term_average": 232968
    }, 
    {
        "accumulated_operating_revenue_yoy": 6.465849579069934, 
        "accumulated_operating_revenue": 2446845, 
        "long_term_average": 369764, 
        "date": "2015-08-31", 
        "operating_revenue": 340755, 
        "short_term_average": 271989
    }, 
    {
        "accumulated_operating_revenue_yoy": 5.301278729251449, 
        "accumulated_operating_revenue": 2897510, 
        "long_term_average": 369536, 
        "date": "2015-09-30", 
        "operating_revenue": 450665, 
        "short_term_average": 343425
    }, 
    {
        "accumulated_operating_revenue_yoy": 4.552513901251453, 
        "accumulated_operating_revenue": 3447478, 
        "long_term_average": 369890, 
        "date": "2015-10-31", 
        "operating_revenue": 549968, 
        "short_term_average": 447129
    }
]