[
    {
        "date": "2012-01-31", 
        "operating_revenue": 289307, 
        "accumulated_operating_revenue": 289307, 
        "long_term_average": 289307, 
        "short_term_average": 289307
    }, 
    {
        "date": "2012-02-29", 
        "operating_revenue": 215212, 
        "accumulated_operating_revenue": 504519, 
        "long_term_average": 252259, 
        "short_term_average": 252259
    }, 
    {
        "date": "2012-03-31", 
        "operating_revenue": 340149, 
        "accumulated_operating_revenue": 844668, 
        "long_term_average": 281556, 
        "short_term_average": 281556
    }, 
    {
        "date": "2012-04-30", 
        "operating_revenue": 365106, 
        "accumulated_operating_revenue": 1209774, 
        "long_term_average": 302443, 
        "short_term_average": 306822
    }, 
    {
        "date": "2012-05-31", 
        "operating_revenue": 361096, 
        "accumulated_operating_revenue": 1570870, 
        "long_term_average": 314174, 
        "short_term_average": 355450
    }, 
    {
        "date": "2012-06-30", 
        "operating_revenue": 372242, 
        "accumulated_operating_revenue": 1943112, 
        "long_term_average": 323852, 
        "short_term_average": 366148
    }, 
    {
        "date": "2012-07-31", 
        "operating_revenue": 374858, 
        "accumulated_operating_revenue": 2317970, 
        "long_term_average": 331138, 
        "short_term_average": 369398
    }, 
    {
        "date": "2012-08-31", 
        "operating_revenue": 323235, 
        "accumulated_operating_revenue": 2641205, 
        "long_term_average": 330150, 
        "short_term_average": 356778
    }, 
    {
        "date": "2012-09-30", 
        "operating_revenue": 364305, 
        "accumulated_operating_revenue": 3005510, 
        "long_term_average": 333945, 
        "short_term_average": 354132
    }, 
    {
        "date": "2012-10-31", 
        "operating_revenue": 316277, 
        "accumulated_operating_revenue": 3321787, 
        "long_term_average": 332178, 
        "short_term_average": 334605
    }, 
    {
        "date": "2012-11-30", 
        "operating_revenue": 307107, 
        "accumulated_operating_revenue": 3628894, 
        "long_term_average": 329899, 
        "short_term_average": 329229
    }, 
    {
        "date": "2012-12-31", 
        "operating_revenue": 272467, 
        "accumulated_operating_revenue": 3901361, 
        "long_term_average": 325113, 
        "short_term_average": 298617
    }, 
    {
        "accumulated_operating_revenue_yoy": -28.694431866494764, 
        "accumulated_operating_revenue": 206292, 
        "long_term_average": 318195, 
        "date": "2013-01-31", 
        "operating_revenue": 206292, 
        "short_term_average": 261955
    }, 
    {
        "accumulated_operating_revenue_yoy": -33.99376435773479, 
        "accumulated_operating_revenue": 333014, 
        "long_term_average": 310821, 
        "date": "2013-02-28", 
        "operating_revenue": 126722, 
        "short_term_average": 201827
    }, 
    {
        "accumulated_operating_revenue_yoy": -34.20918041171206, 
        "accumulated_operating_revenue": 555714, 
        "long_term_average": 301033, 
        "date": "2013-03-31", 
        "operating_revenue": 222700, 
        "short_term_average": 185238
    }, 
    {
        "accumulated_operating_revenue_yoy": -36.33604293033244, 
        "accumulated_operating_revenue": 770190, 
        "long_term_average": 288481, 
        "date": "2013-04-30", 
        "operating_revenue": 214476, 
        "short_term_average": 187966
    }, 
    {
        "accumulated_operating_revenue_yoy": -37.58261345623763, 
        "accumulated_operating_revenue": 980496, 
        "long_term_average": 275915, 
        "date": "2013-05-31", 
        "operating_revenue": 210306, 
        "short_term_average": 215827
    }, 
    {
        "accumulated_operating_revenue_yoy": -41.047916949717774, 
        "accumulated_operating_revenue": 1145505, 
        "long_term_average": 258646, 
        "date": "2013-06-30", 
        "operating_revenue": 165009, 
        "short_term_average": 196597
    }, 
    {
        "accumulated_operating_revenue_yoy": -42.61754897604369, 
        "accumulated_operating_revenue": 1330108, 
        "long_term_average": 242791, 
        "date": "2013-07-31", 
        "operating_revenue": 184603, 
        "short_term_average": 186639
    }, 
    {
        "accumulated_operating_revenue_yoy": -43.15484788193268, 
        "accumulated_operating_revenue": 1501397, 
        "long_term_average": 230129, 
        "date": "2013-08-31", 
        "operating_revenue": 171289, 
        "short_term_average": 173633
    }, 
    {
        "accumulated_operating_revenue_yoy": -39.88407957384936, 
        "accumulated_operating_revenue": 1806790, 
        "long_term_average": 225220, 
        "date": "2013-09-30", 
        "operating_revenue": 305393, 
        "short_term_average": 220428
    }, 
    {
        "accumulated_operating_revenue_yoy": -37.440510183223665, 
        "accumulated_operating_revenue": 2078093, 
        "long_term_average": 221472, 
        "date": "2013-10-31", 
        "operating_revenue": 271303, 
        "short_term_average": 249328
    }, 
    {
        "accumulated_operating_revenue_yoy": -32.28912169933869, 
        "accumulated_operating_revenue": 2457156, 
        "long_term_average": 227468, 
        "date": "2013-11-30", 
        "operating_revenue": 379063, 
        "short_term_average": 318586
    }, 
    {
        "accumulated_operating_revenue_yoy": -36.9559238429871, 
        "accumulated_operating_revenue": 2459577, 
        "long_term_average": 204964, 
        "date": "2013-12-31", 
        "operating_revenue": 2421, 
        "short_term_average": 217595
    }, 
    {
        "accumulated_operating_revenue_yoy": 13.59286836135187, 
        "accumulated_operating_revenue": 234333, 
        "long_term_average": 207301, 
        "date": "2014-01-31", 
        "operating_revenue": 234333, 
        "short_term_average": 205272
    }, 
    {
        "accumulated_operating_revenue_yoy": 27.11477595536524, 
        "accumulated_operating_revenue": 423310, 
        "long_term_average": 212489, 
        "date": "2014-02-28", 
        "operating_revenue": 188977, 
        "short_term_average": 141910
    }, 
    {
        "accumulated_operating_revenue_yoy": 2.6560424966799467, 
        "accumulated_operating_revenue": 570474, 
        "long_term_average": 206194, 
        "date": "2014-03-31", 
        "operating_revenue": 147164, 
        "short_term_average": 190158
    }, 
    {
        "accumulated_operating_revenue_yoy": -0.9341850712161934, 
        "accumulated_operating_revenue": 762995, 
        "long_term_average": 204365, 
        "date": "2014-04-30", 
        "operating_revenue": 192521, 
        "short_term_average": 176220
    }, 
    {
        "accumulated_operating_revenue_yoy": -6.064073693314405, 
        "accumulated_operating_revenue": 921038, 
        "long_term_average": 200009, 
        "date": "2014-05-31", 
        "operating_revenue": 158043, 
        "short_term_average": 165909
    }, 
    {
        "accumulated_operating_revenue_yoy": -9.827805203818404, 
        "accumulated_operating_revenue": 1032927, 
        "long_term_average": 195583, 
        "date": "2014-06-30", 
        "operating_revenue": 111889, 
        "short_term_average": 154151
    }, 
    {
        "accumulated_operating_revenue_yoy": -9.540879387237728, 
        "accumulated_operating_revenue": 1203204, 
        "long_term_average": 194389, 
        "date": "2014-07-31", 
        "operating_revenue": 170277, 
        "short_term_average": 146736
    }, 
    {
        "accumulated_operating_revenue_yoy": -10.901114095738835, 
        "accumulated_operating_revenue": 1337728, 
        "long_term_average": 191325, 
        "date": "2014-08-31", 
        "operating_revenue": 134524, 
        "short_term_average": 138896
    }, 
    {
        "accumulated_operating_revenue_yoy": -15.725568549748449, 
        "accumulated_operating_revenue": 1522662, 
        "long_term_average": 181287, 
        "date": "2014-09-30", 
        "operating_revenue": 184934, 
        "short_term_average": 163245
    }, 
    {
        "accumulated_operating_revenue_yoy": -17.003185131753007, 
        "accumulated_operating_revenue": 1724751, 
        "long_term_average": 175519, 
        "date": "2014-10-31", 
        "operating_revenue": 202089, 
        "short_term_average": 173849
    }, 
    {
        "accumulated_operating_revenue_yoy": -17.327349179295087, 
        "accumulated_operating_revenue": 2031396, 
        "long_term_average": 169484, 
        "date": "2014-11-30", 
        "operating_revenue": 306645, 
        "short_term_average": 231222
    }, 
    {
        "accumulated_operating_revenue_yoy": 1.296035863077269, 
        "accumulated_operating_revenue": 2491454, 
        "long_term_average": 207621, 
        "date": "2014-12-31", 
        "operating_revenue": 460058, 
        "short_term_average": 322930
    }, 
    {
        "accumulated_operating_revenue_yoy": -48.75156294674672, 
        "accumulated_operating_revenue": 120092, 
        "long_term_average": 198101, 
        "date": "2015-01-31", 
        "operating_revenue": 120092, 
        "short_term_average": 295598
    }, 
    {
        "accumulated_operating_revenue_yoy": -44.37575299425953, 
        "accumulated_operating_revenue": 235463, 
        "long_term_average": 191967, 
        "date": "2015-02-28", 
        "operating_revenue": 115371, 
        "short_term_average": 231840
    }, 
    {
        "accumulated_operating_revenue_yoy": -35.87069699933739, 
        "accumulated_operating_revenue": 365841, 
        "long_term_average": 190568, 
        "date": "2015-03-31", 
        "operating_revenue": 130378, 
        "short_term_average": 121947
    }, 
    {
        "accumulated_operating_revenue_yoy": -42.88062176029987, 
        "accumulated_operating_revenue": 435818, 
        "long_term_average": 180356, 
        "date": "2015-04-30", 
        "operating_revenue": 69977, 
        "short_term_average": 105242
    }, 
    {
        "accumulated_operating_revenue_yoy": -40.73556139920394, 
        "accumulated_operating_revenue": 545848, 
        "long_term_average": 176355, 
        "date": "2015-05-31", 
        "operating_revenue": 110030, 
        "short_term_average": 103461
    }, 
    {
        "accumulated_operating_revenue_yoy": -40.01996268855398, 
        "accumulated_operating_revenue": 619550, 
        "long_term_average": 173173, 
        "date": "2015-06-30", 
        "operating_revenue": 73702, 
        "short_term_average": 84569
    }, 
    {
        "accumulated_operating_revenue_yoy": -38.38609246644792, 
        "accumulated_operating_revenue": 741341, 
        "long_term_average": 169132, 
        "date": "2015-07-31", 
        "operating_revenue": 121791, 
        "short_term_average": 101841
    }, 
    {
        "accumulated_operating_revenue_yoy": -35.6625562147163, 
        "accumulated_operating_revenue": 860660, 
        "long_term_average": 167865, 
        "date": "2015-08-31", 
        "operating_revenue": 119319, 
        "short_term_average": 104937
    }, 
    {
        "accumulated_operating_revenue_yoy": -36.534766087286606, 
        "accumulated_operating_revenue": 966361, 
        "long_term_average": 161262, 
        "date": "2015-09-30", 
        "operating_revenue": 105701, 
        "short_term_average": 115603
    }
]