[
    {
        "date": "2012-01-31", 
        "operating_revenue": 253884, 
        "accumulated_operating_revenue": 253884, 
        "long_term_average": 253884, 
        "short_term_average": 253884
    }, 
    {
        "date": "2012-02-29", 
        "operating_revenue": 266234, 
        "accumulated_operating_revenue": 520118, 
        "long_term_average": 260059, 
        "short_term_average": 260059
    }, 
    {
        "date": "2012-03-31", 
        "operating_revenue": 337512, 
        "accumulated_operating_revenue": 857630, 
        "long_term_average": 285876, 
        "short_term_average": 285876
    }, 
    {
        "date": "2012-04-30", 
        "operating_revenue": 305098, 
        "accumulated_operating_revenue": 1162728, 
        "long_term_average": 290682, 
        "short_term_average": 302948
    }, 
    {
        "date": "2012-05-31", 
        "operating_revenue": 242128, 
        "accumulated_operating_revenue": 1404856, 
        "long_term_average": 280971, 
        "short_term_average": 294912
    }, 
    {
        "date": "2012-06-30", 
        "operating_revenue": 130500, 
        "accumulated_operating_revenue": 1535356, 
        "long_term_average": 255892, 
        "short_term_average": 225908
    }, 
    {
        "date": "2012-07-31", 
        "operating_revenue": 282095, 
        "accumulated_operating_revenue": 1817451, 
        "long_term_average": 259635, 
        "short_term_average": 218241
    }, 
    {
        "date": "2012-08-31", 
        "operating_revenue": 304179, 
        "accumulated_operating_revenue": 2121630, 
        "long_term_average": 265203, 
        "short_term_average": 238924
    }, 
    {
        "date": "2012-09-30", 
        "operating_revenue": 318777, 
        "accumulated_operating_revenue": 2440407, 
        "long_term_average": 271156, 
        "short_term_average": 301683
    }, 
    {
        "date": "2012-10-31", 
        "operating_revenue": 279100, 
        "accumulated_operating_revenue": 2719507, 
        "long_term_average": 271950, 
        "short_term_average": 300685
    }, 
    {
        "date": "2012-11-30", 
        "operating_revenue": 336975, 
        "accumulated_operating_revenue": 3056482, 
        "long_term_average": 277862, 
        "short_term_average": 311617
    }, 
    {
        "date": "2012-12-31", 
        "operating_revenue": 313597, 
        "accumulated_operating_revenue": 3370079, 
        "long_term_average": 280839, 
        "short_term_average": 309890
    }, 
    {
        "accumulated_operating_revenue_yoy": 0.37970096579540263, 
        "accumulated_operating_revenue": 254848, 
        "long_term_average": 280920, 
        "date": "2013-01-31", 
        "operating_revenue": 254848, 
        "short_term_average": 301806
    }, 
    {
        "accumulated_operating_revenue_yoy": -16.36859328075552, 
        "accumulated_operating_revenue": 434982, 
        "long_term_average": 273745, 
        "date": "2013-02-28", 
        "operating_revenue": 180134, 
        "short_term_average": 249526
    }, 
    {
        "accumulated_operating_revenue_yoy": -14.848827582990335, 
        "accumulated_operating_revenue": 730282, 
        "long_term_average": 270227, 
        "date": "2013-03-31", 
        "operating_revenue": 295300, 
        "short_term_average": 243427
    }, 
    {
        "accumulated_operating_revenue_yoy": -14.25655871364584, 
        "accumulated_operating_revenue": 996963, 
        "long_term_average": 267026, 
        "date": "2013-04-30", 
        "operating_revenue": 266681, 
        "short_term_average": 247371
    }, 
    {
        "accumulated_operating_revenue_yoy": -12.584492645509576, 
        "accumulated_operating_revenue": 1228062, 
        "long_term_average": 266107, 
        "date": "2013-05-31", 
        "operating_revenue": 231099, 
        "short_term_average": 264360
    }, 
    {
        "accumulated_operating_revenue_yoy": -7.5252254200328785, 
        "accumulated_operating_revenue": 1419817, 
        "long_term_average": 271211, 
        "date": "2013-06-30", 
        "operating_revenue": 191755, 
        "short_term_average": 229845
    }, 
    {
        "accumulated_operating_revenue_yoy": -12.229545665880401, 
        "accumulated_operating_revenue": 1595185, 
        "long_term_average": 262317, 
        "date": "2013-07-31", 
        "operating_revenue": 175368, 
        "short_term_average": 199407
    }, 
    {
        "accumulated_operating_revenue_yoy": -15.001154772509814, 
        "accumulated_operating_revenue": 1803361, 
        "long_term_average": 254317, 
        "date": "2013-08-31", 
        "operating_revenue": 208176, 
        "short_term_average": 191766
    }, 
    {
        "accumulated_operating_revenue_yoy": -17.950284522212893, 
        "accumulated_operating_revenue": 2002347, 
        "long_term_average": 244334, 
        "date": "2013-09-30", 
        "operating_revenue": 198986, 
        "short_term_average": 194176
    }, 
    {
        "accumulated_operating_revenue_yoy": -18.80006192298825, 
        "accumulated_operating_revenue": 2208238, 
        "long_term_average": 238234, 
        "date": "2013-10-31", 
        "operating_revenue": 205891, 
        "short_term_average": 204351
    }, 
    {
        "accumulated_operating_revenue_yoy": -20.88718336963869, 
        "accumulated_operating_revenue": 2418069, 
        "long_term_average": 227638, 
        "date": "2013-11-30", 
        "operating_revenue": 209831, 
        "short_term_average": 204902
    }, 
    {
        "accumulated_operating_revenue_yoy": -20.689693030934883, 
        "accumulated_operating_revenue": 2672820, 
        "long_term_average": 222735, 
        "date": "2013-12-31", 
        "operating_revenue": 254751, 
        "short_term_average": 223491
    }, 
    {
        "accumulated_operating_revenue_yoy": -41.05859178804621, 
        "accumulated_operating_revenue": 150211, 
        "long_term_average": 214015, 
        "date": "2014-01-31", 
        "operating_revenue": 150211, 
        "short_term_average": 204931
    }, 
    {
        "accumulated_operating_revenue_yoy": -49.115135798722704, 
        "accumulated_operating_revenue": 221340, 
        "long_term_average": 204931, 
        "date": "2014-02-28", 
        "operating_revenue": 71129, 
        "short_term_average": 158697
    }, 
    {
        "accumulated_operating_revenue_yoy": -47.916010527440086, 
        "accumulated_operating_revenue": 380360, 
        "long_term_average": 193574, 
        "date": "2014-03-31", 
        "operating_revenue": 159020, 
        "short_term_average": 126786
    }, 
    {
        "accumulated_operating_revenue_yoy": -47.62473632421664, 
        "accumulated_operating_revenue": 522162, 
        "long_term_average": 183168, 
        "date": "2014-04-30", 
        "operating_revenue": 141802, 
        "short_term_average": 123983
    }, 
    {
        "accumulated_operating_revenue_yoy": -44.67649027492097, 
        "accumulated_operating_revenue": 679407, 
        "long_term_average": 177013, 
        "date": "2014-05-31", 
        "operating_revenue": 157245, 
        "short_term_average": 152689
    }, 
    {
        "accumulated_operating_revenue_yoy": -40.161372909325635, 
        "accumulated_operating_revenue": 849599, 
        "long_term_average": 175216, 
        "date": "2014-06-30", 
        "operating_revenue": 170192, 
        "short_term_average": 156413
    }, 
    {
        "accumulated_operating_revenue_yoy": -38.748421029535756, 
        "accumulated_operating_revenue": 977076, 
        "long_term_average": 171225, 
        "date": "2014-07-31", 
        "operating_revenue": 127477, 
        "short_term_average": 151638
    }, 
    {
        "accumulated_operating_revenue_yoy": -38.1349047694832, 
        "accumulated_operating_revenue": 1115651, 
        "long_term_average": 165425, 
        "date": "2014-08-31", 
        "operating_revenue": 138575, 
        "short_term_average": 145414
    }, 
    {
        "accumulated_operating_revenue_yoy": -38.12411135532452, 
        "accumulated_operating_revenue": 1238970, 
        "long_term_average": 159120, 
        "date": "2014-09-30", 
        "operating_revenue": 123319, 
        "short_term_average": 129790
    }, 
    {
        "accumulated_operating_revenue_yoy": -39.032658617413524, 
        "accumulated_operating_revenue": 1346304, 
        "long_term_average": 150907, 
        "date": "2014-10-31", 
        "operating_revenue": 107334, 
        "short_term_average": 123076
    }, 
    {
        "accumulated_operating_revenue_yoy": -40.13384233452395, 
        "accumulated_operating_revenue": 1447605, 
        "long_term_average": 141863, 
        "date": "2014-11-30", 
        "operating_revenue": 101301, 
        "short_term_average": 110651
    }, 
    {
        "accumulated_operating_revenue_yoy": -38.71195965310047, 
        "accumulated_operating_revenue": 1638119, 
        "long_term_average": 136509, 
        "date": "2014-12-31", 
        "operating_revenue": 190514, 
        "short_term_average": 133049
    }, 
    {
        "accumulated_operating_revenue_yoy": -23.29456564432698, 
        "accumulated_operating_revenue": 115220, 
        "long_term_average": 133594, 
        "date": "2015-01-31", 
        "operating_revenue": 115220, 
        "short_term_average": 135678
    }, 
    {
        "accumulated_operating_revenue_yoy": -8.776994668835277, 
        "accumulated_operating_revenue": 201913, 
        "long_term_average": 134891, 
        "date": "2015-02-28", 
        "operating_revenue": 86693, 
        "short_term_average": 130809
    }, 
    {
        "accumulated_operating_revenue_yoy": -19.26017457145862, 
        "accumulated_operating_revenue": 307102, 
        "long_term_average": 130405, 
        "date": "2015-03-31", 
        "operating_revenue": 105189, 
        "short_term_average": 102367
    }, 
    {
        "accumulated_operating_revenue_yoy": -20.33545144993316, 
        "accumulated_operating_revenue": 415978, 
        "long_term_average": 127661, 
        "date": "2015-04-30", 
        "operating_revenue": 108876, 
        "short_term_average": 100252
    }, 
    {
        "accumulated_operating_revenue_yoy": -23.155634251634147, 
        "accumulated_operating_revenue": 522086, 
        "long_term_average": 123399, 
        "date": "2015-05-31", 
        "operating_revenue": 106108, 
        "short_term_average": 106724
    }, 
    {
        "accumulated_operating_revenue_yoy": -22.970954532667765, 
        "accumulated_operating_revenue": 654438, 
        "long_term_average": 120246, 
        "date": "2015-06-30", 
        "operating_revenue": 132352, 
        "short_term_average": 115778
    }, 
    {
        "accumulated_operating_revenue_yoy": -18.484027854537416, 
        "accumulated_operating_revenue": 796473, 
        "long_term_average": 121459, 
        "date": "2015-07-31", 
        "operating_revenue": 142035, 
        "short_term_average": 126831
    }, 
    {
        "accumulated_operating_revenue_yoy": -16.965520579464368, 
        "accumulated_operating_revenue": 926375, 
        "long_term_average": 120736, 
        "date": "2015-08-31", 
        "operating_revenue": 129902, 
        "short_term_average": 134763
    }
]