[
    {
        "date": "2012-01-31", 
        "operating_revenue": 378503, 
        "accumulated_operating_revenue": 378503, 
        "long_term_average": 378503, 
        "short_term_average": 378503
    }, 
    {
        "date": "2012-02-29", 
        "operating_revenue": 347414, 
        "accumulated_operating_revenue": 725917, 
        "long_term_average": 362958, 
        "short_term_average": 362958
    }, 
    {
        "date": "2012-03-31", 
        "operating_revenue": 383220, 
        "accumulated_operating_revenue": 1109137, 
        "long_term_average": 369712, 
        "short_term_average": 369712
    }, 
    {
        "date": "2012-04-30", 
        "operating_revenue": 374770, 
        "accumulated_operating_revenue": 1483907, 
        "long_term_average": 370976, 
        "short_term_average": 368468
    }, 
    {
        "date": "2012-05-31", 
        "operating_revenue": 377309, 
        "accumulated_operating_revenue": 1861216, 
        "long_term_average": 372243, 
        "short_term_average": 378433
    }, 
    {
        "date": "2012-06-30", 
        "operating_revenue": 330362, 
        "accumulated_operating_revenue": 2191578, 
        "long_term_average": 365263, 
        "short_term_average": 360813
    }, 
    {
        "date": "2012-07-31", 
        "operating_revenue": 351518, 
        "accumulated_operating_revenue": 2543096, 
        "long_term_average": 363299, 
        "short_term_average": 353063
    }, 
    {
        "date": "2012-08-31", 
        "operating_revenue": 359168, 
        "accumulated_operating_revenue": 2902264, 
        "long_term_average": 362783, 
        "short_term_average": 347016
    }, 
    {
        "date": "2012-09-30", 
        "operating_revenue": 340727, 
        "accumulated_operating_revenue": 3242991, 
        "long_term_average": 360332, 
        "short_term_average": 350471
    }, 
    {
        "date": "2012-10-31", 
        "operating_revenue": 342152, 
        "accumulated_operating_revenue": 3585143, 
        "long_term_average": 358514, 
        "short_term_average": 347349
    }, 
    {
        "date": "2012-11-30", 
        "operating_revenue": 312622, 
        "accumulated_operating_revenue": 3897765, 
        "long_term_average": 354342, 
        "short_term_average": 331833
    }, 
    {
        "date": "2012-12-31", 
        "operating_revenue": 332429, 
        "accumulated_operating_revenue": 4230194, 
        "long_term_average": 352516, 
        "short_term_average": 329067
    }, 
    {
        "accumulated_operating_revenue_yoy": -11.856973392549069, 
        "accumulated_operating_revenue": 333624, 
        "long_term_average": 348776, 
        "date": "2013-01-31", 
        "operating_revenue": 333624, 
        "short_term_average": 326225
    }, 
    {
        "accumulated_operating_revenue_yoy": -13.464900257191939, 
        "accumulated_operating_revenue": 628173, 
        "long_term_average": 344370, 
        "date": "2013-02-28", 
        "operating_revenue": 294549, 
        "short_term_average": 320200
    }, 
    {
        "accumulated_operating_revenue_yoy": -14.316716510223715, 
        "accumulated_operating_revenue": 950345, 
        "long_term_average": 339283, 
        "date": "2013-03-31", 
        "operating_revenue": 322172, 
        "short_term_average": 316781
    }, 
    {
        "accumulated_operating_revenue_yoy": -15.098924663068509, 
        "accumulated_operating_revenue": 1259853, 
        "long_term_average": 333845, 
        "date": "2013-04-30", 
        "operating_revenue": 309508, 
        "short_term_average": 308743
    }, 
    {
        "accumulated_operating_revenue_yoy": -12.493176503963001, 
        "accumulated_operating_revenue": 1628691, 
        "long_term_average": 333139, 
        "date": "2013-05-31", 
        "operating_revenue": 368838, 
        "short_term_average": 333506
    }, 
    {
        "accumulated_operating_revenue_yoy": -11.06750478422397, 
        "accumulated_operating_revenue": 1949025, 
        "long_term_average": 332303, 
        "date": "2013-06-30", 
        "operating_revenue": 320334, 
        "short_term_average": 332893
    }, 
    {
        "accumulated_operating_revenue_yoy": -8.359495669844945, 
        "accumulated_operating_revenue": 2330506, 
        "long_term_average": 334800, 
        "date": "2013-07-31", 
        "operating_revenue": 381481, 
        "short_term_average": 356884
    }, 
    {
        "accumulated_operating_revenue_yoy": -7.265948239029943, 
        "accumulated_operating_revenue": 2691387, 
        "long_term_average": 334943, 
        "date": "2013-08-31", 
        "operating_revenue": 360881, 
        "short_term_average": 354232
    }, 
    {
        "accumulated_operating_revenue_yoy": -6.235108268878945, 
        "accumulated_operating_revenue": 3040787, 
        "long_term_average": 335665, 
        "date": "2013-09-30", 
        "operating_revenue": 349400, 
        "short_term_average": 363920
    }, 
    {
        "accumulated_operating_revenue_yoy": -6.2946722069384675, 
        "accumulated_operating_revenue": 3359470, 
        "long_term_average": 333710, 
        "date": "2013-10-31", 
        "operating_revenue": 318683, 
        "short_term_average": 342988
    }, 
    {
        "accumulated_operating_revenue_yoy": -5.254652345639103, 
        "accumulated_operating_revenue": 3692951, 
        "long_term_average": 335448, 
        "date": "2013-11-30", 
        "operating_revenue": 333481, 
        "short_term_average": 333854
    }, 
    {
        "accumulated_operating_revenue_yoy": -4.091136245760833, 
        "accumulated_operating_revenue": 4057131, 
        "long_term_average": 338094, 
        "date": "2013-12-31", 
        "operating_revenue": 364180, 
        "short_term_average": 338781
    }, 
    {
        "accumulated_operating_revenue_yoy": 6.497134498717119, 
        "accumulated_operating_revenue": 355300, 
        "long_term_average": 339900, 
        "date": "2014-01-31", 
        "operating_revenue": 355300, 
        "short_term_average": 350987
    }, 
    {
        "accumulated_operating_revenue_yoy": 3.5477487889482675, 
        "accumulated_operating_revenue": 650459, 
        "long_term_average": 339951, 
        "date": "2014-02-28", 
        "operating_revenue": 295159, 
        "short_term_average": 338213
    }, 
    {
        "accumulated_operating_revenue_yoy": 3.2999594883963193, 
        "accumulated_operating_revenue": 981706, 
        "long_term_average": 340707, 
        "date": "2014-03-31", 
        "operating_revenue": 331247, 
        "short_term_average": 327235
    }, 
    {
        "accumulated_operating_revenue_yoy": 3.809968305826156, 
        "accumulated_operating_revenue": 1307853, 
        "long_term_average": 342094, 
        "date": "2014-04-30", 
        "operating_revenue": 326147, 
        "short_term_average": 317517
    }, 
    {
        "accumulated_operating_revenue_yoy": 1.1360043126658157, 
        "accumulated_operating_revenue": 1647193, 
        "long_term_average": 339636, 
        "date": "2014-05-31", 
        "operating_revenue": 339340, 
        "short_term_average": 332244
    }, 
    {
        "accumulated_operating_revenue_yoy": 2.0826823668244376, 
        "accumulated_operating_revenue": 1989617, 
        "long_term_average": 341476, 
        "date": "2014-06-30", 
        "operating_revenue": 342424, 
        "short_term_average": 335970
    }, 
    {
        "accumulated_operating_revenue_yoy": 1.223339480782285, 
        "accumulated_operating_revenue": 2359016, 
        "long_term_average": 340470, 
        "date": "2014-07-31", 
        "operating_revenue": 369399, 
        "short_term_average": 350387
    }, 
    {
        "accumulated_operating_revenue_yoy": 0.74325988793139, 
        "accumulated_operating_revenue": 2711391, 
        "long_term_average": 339761, 
        "date": "2014-08-31", 
        "operating_revenue": 352375, 
        "short_term_average": 354732
    }, 
    {
        "accumulated_operating_revenue_yoy": -0.12858513273044117, 
        "accumulated_operating_revenue": 3036877, 
        "long_term_average": 337768, 
        "date": "2014-09-30", 
        "operating_revenue": 325486, 
        "short_term_average": 349086
    }, 
    {
        "accumulated_operating_revenue_yoy": -0.46516265958618475, 
        "accumulated_operating_revenue": 3343843, 
        "long_term_average": 336792, 
        "date": "2014-10-31", 
        "operating_revenue": 306966, 
        "short_term_average": 328275
    }, 
    {
        "accumulated_operating_revenue_yoy": -1.8953676883338013, 
        "accumulated_operating_revenue": 3622956, 
        "long_term_average": 332261, 
        "date": "2014-11-30", 
        "operating_revenue": 279113, 
        "short_term_average": 303855
    }, 
    {
        "accumulated_operating_revenue_yoy": -4.160205820319827, 
        "accumulated_operating_revenue": 3888346, 
        "long_term_average": 324028, 
        "date": "2014-12-31", 
        "operating_revenue": 265390, 
        "short_term_average": 283823
    }, 
    {
        "accumulated_operating_revenue_yoy": -37.538981142696315, 
        "accumulated_operating_revenue": 221924, 
        "long_term_average": 312914, 
        "date": "2015-01-31", 
        "operating_revenue": 221924, 
        "short_term_average": 255475
    }, 
    {
        "accumulated_operating_revenue_yoy": -29.47872194865472, 
        "accumulated_operating_revenue": 458712, 
        "long_term_average": 308049, 
        "date": "2015-02-28", 
        "operating_revenue": 236788, 
        "short_term_average": 241367
    }, 
    {
        "accumulated_operating_revenue_yoy": -26.268455117927363, 
        "accumulated_operating_revenue": 723827, 
        "long_term_average": 302538, 
        "date": "2015-03-31", 
        "operating_revenue": 265115, 
        "short_term_average": 241275
    }, 
    {
        "accumulated_operating_revenue_yoy": -24.855545692061725, 
        "accumulated_operating_revenue": 982779, 
        "long_term_average": 296939, 
        "date": "2015-04-30", 
        "operating_revenue": 258952, 
        "short_term_average": 253618
    }, 
    {
        "accumulated_operating_revenue_yoy": -22.916197434059033, 
        "accumulated_operating_revenue": 1269719, 
        "long_term_average": 292572, 
        "date": "2015-05-31", 
        "operating_revenue": 286940, 
        "short_term_average": 270335
    }, 
    {
        "accumulated_operating_revenue_yoy": -21.03208808529481, 
        "accumulated_operating_revenue": 1571159, 
        "long_term_average": 289157, 
        "date": "2015-06-30", 
        "operating_revenue": 301440, 
        "short_term_average": 282444
    }, 
    {
        "accumulated_operating_revenue_yoy": -20.04984281581812, 
        "accumulated_operating_revenue": 1886037, 
        "long_term_average": 284613, 
        "date": "2015-07-31", 
        "operating_revenue": 314878, 
        "short_term_average": 301086
    }, 
    {
        "accumulated_operating_revenue_yoy": -19.50209320603336, 
        "accumulated_operating_revenue": 2182613, 
        "long_term_average": 279964, 
        "date": "2015-08-31", 
        "operating_revenue": 296576, 
        "short_term_average": 304298
    }
]