[
    {
        "date": "2012-01-31", 
        "operating_revenue": 198785, 
        "accumulated_operating_revenue": 198785, 
        "long_term_average": 198785, 
        "short_term_average": 198785
    }, 
    {
        "date": "2012-02-29", 
        "operating_revenue": 241023, 
        "accumulated_operating_revenue": 439808, 
        "long_term_average": 219904, 
        "short_term_average": 219904
    }, 
    {
        "date": "2012-03-31", 
        "operating_revenue": 330854, 
        "accumulated_operating_revenue": 770662, 
        "long_term_average": 256887, 
        "short_term_average": 256887
    }, 
    {
        "date": "2012-04-30", 
        "operating_revenue": 255813, 
        "accumulated_operating_revenue": 1026475, 
        "long_term_average": 256618, 
        "short_term_average": 275896
    }, 
    {
        "date": "2012-05-31", 
        "operating_revenue": 230777, 
        "accumulated_operating_revenue": 1257252, 
        "long_term_average": 251450, 
        "short_term_average": 272481
    }, 
    {
        "date": "2012-06-30", 
        "operating_revenue": 160297, 
        "accumulated_operating_revenue": 1417549, 
        "long_term_average": 236258, 
        "short_term_average": 215629
    }, 
    {
        "date": "2012-07-31", 
        "operating_revenue": 137046, 
        "accumulated_operating_revenue": 1554595, 
        "long_term_average": 222085, 
        "short_term_average": 176040
    }, 
    {
        "date": "2012-08-31", 
        "operating_revenue": 135968, 
        "accumulated_operating_revenue": 1690563, 
        "long_term_average": 211320, 
        "short_term_average": 144437
    }, 
    {
        "date": "2012-09-30", 
        "operating_revenue": 132523, 
        "accumulated_operating_revenue": 1823086, 
        "long_term_average": 202565, 
        "short_term_average": 135179
    }, 
    {
        "date": "2012-10-31", 
        "operating_revenue": 148186, 
        "accumulated_operating_revenue": 1971272, 
        "long_term_average": 197127, 
        "short_term_average": 138892
    }, 
    {
        "date": "2012-11-30", 
        "operating_revenue": 221646, 
        "accumulated_operating_revenue": 2192918, 
        "long_term_average": 199356, 
        "short_term_average": 167451
    }, 
    {
        "date": "2012-12-31", 
        "operating_revenue": 225890, 
        "accumulated_operating_revenue": 2418808, 
        "long_term_average": 201567, 
        "short_term_average": 198574
    }, 
    {
        "accumulated_operating_revenue_yoy": -3.0419800286741956, 
        "accumulated_operating_revenue": 192738, 
        "long_term_average": 201063, 
        "date": "2013-01-31", 
        "operating_revenue": 192738, 
        "short_term_average": 213424
    }, 
    {
        "accumulated_operating_revenue_yoy": -19.859575087310827, 
        "accumulated_operating_revenue": 352464, 
        "long_term_average": 194288, 
        "date": "2013-02-28", 
        "operating_revenue": 159726, 
        "short_term_average": 192784
    }, 
    {
        "accumulated_operating_revenue_yoy": -36.14230362986627, 
        "accumulated_operating_revenue": 492127, 
        "long_term_average": 178356, 
        "date": "2013-03-31", 
        "operating_revenue": 139663, 
        "short_term_average": 164042
    }, 
    {
        "accumulated_operating_revenue_yoy": -39.211476168440534, 
        "accumulated_operating_revenue": 623979, 
        "long_term_average": 168026, 
        "date": "2013-04-30", 
        "operating_revenue": 131852, 
        "short_term_average": 143747
    }, 
    {
        "accumulated_operating_revenue_yoy": -38.29995895810864, 
        "accumulated_operating_revenue": 775725, 
        "long_term_average": 161440, 
        "date": "2013-05-31", 
        "operating_revenue": 151746, 
        "short_term_average": 141087
    }, 
    {
        "accumulated_operating_revenue_yoy": -34.29560459638432, 
        "accumulated_operating_revenue": 931392, 
        "long_term_average": 161054, 
        "date": "2013-06-30", 
        "operating_revenue": 155667, 
        "short_term_average": 146421
    }, 
    {
        "accumulated_operating_revenue_yoy": -29.956612493929285, 
        "accumulated_operating_revenue": 1088891, 
        "long_term_average": 162758, 
        "date": "2013-07-31", 
        "operating_revenue": 157499, 
        "short_term_average": 154970
    }, 
    {
        "accumulated_operating_revenue_yoy": -23.305076474523574, 
        "accumulated_operating_revenue": 1296576, 
        "long_term_average": 168735, 
        "date": "2013-08-31", 
        "operating_revenue": 207685, 
        "short_term_average": 173617
    }, 
    {
        "accumulated_operating_revenue_yoy": -20.948051819826382, 
        "accumulated_operating_revenue": 1441185, 
        "long_term_average": 169742, 
        "date": "2013-09-30", 
        "operating_revenue": 144609, 
        "short_term_average": 169931
    }, 
    {
        "accumulated_operating_revenue_yoy": -17.202293747387472, 
        "accumulated_operating_revenue": 1632168, 
        "long_term_average": 173308, 
        "date": "2013-10-31", 
        "operating_revenue": 190983, 
        "short_term_average": 181092
    }, 
    {
        "accumulated_operating_revenue_yoy": -14.57715245166486, 
        "accumulated_operating_revenue": 1873253, 
        "long_term_average": 174928, 
        "date": "2013-11-30", 
        "operating_revenue": 241085, 
        "short_term_average": 192225
    }, 
    {
        "accumulated_operating_revenue_yoy": -14.599877294932048, 
        "accumulated_operating_revenue": 2065665, 
        "long_term_average": 172138, 
        "date": "2013-12-31", 
        "operating_revenue": 192412, 
        "short_term_average": 208160
    }, 
    {
        "accumulated_operating_revenue_yoy": -19.960256929095458, 
        "accumulated_operating_revenue": 154267, 
        "long_term_average": 168932, 
        "date": "2014-01-31", 
        "operating_revenue": 154267, 
        "short_term_average": 195921
    }, 
    {
        "accumulated_operating_revenue_yoy": -13.641393163557131, 
        "accumulated_operating_revenue": 304383, 
        "long_term_average": 168132, 
        "date": "2014-02-28", 
        "operating_revenue": 150116, 
        "short_term_average": 165598
    }, 
    {
        "accumulated_operating_revenue_yoy": 8.771109896429174, 
        "accumulated_operating_revenue": 535292, 
        "long_term_average": 175735, 
        "date": "2014-03-31", 
        "operating_revenue": 230909, 
        "short_term_average": 178430
    }, 
    {
        "accumulated_operating_revenue_yoy": 19.996185769072355, 
        "accumulated_operating_revenue": 748751, 
        "long_term_average": 182536, 
        "date": "2014-04-30", 
        "operating_revenue": 213459, 
        "short_term_average": 198161
    }, 
    {
        "accumulated_operating_revenue_yoy": 26.49714782944987, 
        "accumulated_operating_revenue": 981270, 
        "long_term_average": 189267, 
        "date": "2014-05-31", 
        "operating_revenue": 232519, 
        "short_term_average": 225629
    }, 
    {
        "accumulated_operating_revenue_yoy": 20.080481687624545, 
        "accumulated_operating_revenue": 1118420, 
        "long_term_average": 187724, 
        "date": "2014-06-30", 
        "operating_revenue": 137150, 
        "short_term_average": 194376
    }, 
    {
        "accumulated_operating_revenue_yoy": 10.580581527443977, 
        "accumulated_operating_revenue": 1204102, 
        "long_term_average": 181739, 
        "date": "2014-07-31", 
        "operating_revenue": 85682, 
        "short_term_average": 151783
    }, 
    {
        "accumulated_operating_revenue_yoy": -3.1880121180709806, 
        "accumulated_operating_revenue": 1255241, 
        "long_term_average": 168694, 
        "date": "2014-08-31", 
        "operating_revenue": 51139, 
        "short_term_average": 91323
    }, 
    {
        "accumulated_operating_revenue_yoy": -6.876355221571137, 
        "accumulated_operating_revenue": 1342084, 
        "long_term_average": 163880, 
        "date": "2014-09-30", 
        "operating_revenue": 86843, 
        "short_term_average": 74554
    }, 
    {
        "accumulated_operating_revenue_yoy": -1.875235882580715, 
        "accumulated_operating_revenue": 1601561, 
        "long_term_average": 169588, 
        "date": "2014-10-31", 
        "operating_revenue": 259477, 
        "short_term_average": 132486
    }, 
    {
        "accumulated_operating_revenue_yoy": 1.4551157798759697, 
        "accumulated_operating_revenue": 1900511, 
        "long_term_average": 174410, 
        "date": "2014-11-30", 
        "operating_revenue": 298950, 
        "short_term_average": 215090
    }, 
    {
        "accumulated_operating_revenue_yoy": 4.823047299537921, 
        "accumulated_operating_revenue": 2165293, 
        "long_term_average": 180441, 
        "date": "2014-12-31", 
        "operating_revenue": 264782, 
        "short_term_average": 274403
    }, 
    {
        "accumulated_operating_revenue_yoy": 37.65225226393201, 
        "accumulated_operating_revenue": 212352, 
        "long_term_average": 185281, 
        "date": "2015-01-31", 
        "operating_revenue": 212352, 
        "short_term_average": 258694
    }, 
    {
        "accumulated_operating_revenue_yoy": 32.717661630248735, 
        "accumulated_operating_revenue": 403970, 
        "long_term_average": 188740, 
        "date": "2015-02-28", 
        "operating_revenue": 191618, 
        "short_term_average": 222917
    }, 
    {
        "accumulated_operating_revenue_yoy": 27.02319481703444, 
        "accumulated_operating_revenue": 679945, 
        "long_term_average": 192495, 
        "date": "2015-03-31", 
        "operating_revenue": 275975, 
        "short_term_average": 226648
    }, 
    {
        "accumulated_operating_revenue_yoy": 10.839651633186467, 
        "accumulated_operating_revenue": 829913, 
        "long_term_average": 187204, 
        "date": "2015-04-30", 
        "operating_revenue": 149968, 
        "short_term_average": 205853
    }, 
    {
        "accumulated_operating_revenue_yoy": -4.935338897551133, 
        "accumulated_operating_revenue": 932841, 
        "long_term_average": 176405, 
        "date": "2015-05-31", 
        "operating_revenue": 102928, 
        "short_term_average": 176290
    }, 
    {
        "accumulated_operating_revenue_yoy": -11.167092863146225, 
        "accumulated_operating_revenue": 993525, 
        "long_term_average": 170033, 
        "date": "2015-06-30", 
        "operating_revenue": 60684, 
        "short_term_average": 104526
    }, 
    {
        "accumulated_operating_revenue_yoy": -13.499603854158535, 
        "accumulated_operating_revenue": 1041553, 
        "long_term_average": 166895, 
        "date": "2015-07-31", 
        "operating_revenue": 48028, 
        "short_term_average": 70546
    }, 
    {
        "accumulated_operating_revenue_yoy": -6.984953487019624, 
        "accumulated_operating_revenue": 1167563, 
        "long_term_average": 173134, 
        "date": "2015-08-31", 
        "operating_revenue": 126010, 
        "short_term_average": 78240
    }, 
    {
        "accumulated_operating_revenue_yoy": 1.8610608575916263, 
        "accumulated_operating_revenue": 1367061, 
        "long_term_average": 182522, 
        "date": "2015-09-30", 
        "operating_revenue": 199498, 
        "short_term_average": 124512
    }, 
    {
        "accumulated_operating_revenue_yoy": -3.8115313747025557, 
        "accumulated_operating_revenue": 1540517, 
        "long_term_average": 175354, 
        "date": "2015-10-31", 
        "operating_revenue": 173456, 
        "short_term_average": 166321
    }
]