[
    {
        "date": "2012-01-31", 
        "operating_revenue": 111266, 
        "accumulated_operating_revenue": 111266, 
        "long_term_average": 111266, 
        "short_term_average": 111266
    }, 
    {
        "date": "2012-02-29", 
        "operating_revenue": 104229, 
        "accumulated_operating_revenue": 215495, 
        "long_term_average": 107747, 
        "short_term_average": 107747
    }, 
    {
        "date": "2012-03-31", 
        "operating_revenue": 153091, 
        "accumulated_operating_revenue": 368586, 
        "long_term_average": 122862, 
        "short_term_average": 122862
    }, 
    {
        "date": "2012-04-30", 
        "operating_revenue": 147638, 
        "accumulated_operating_revenue": 516224, 
        "long_term_average": 129056, 
        "short_term_average": 134986
    }, 
    {
        "date": "2012-05-31", 
        "operating_revenue": 127171, 
        "accumulated_operating_revenue": 643395, 
        "long_term_average": 128679, 
        "short_term_average": 142633
    }, 
    {
        "date": "2012-06-30", 
        "operating_revenue": 125244, 
        "accumulated_operating_revenue": 768639, 
        "long_term_average": 128106, 
        "short_term_average": 133351
    }, 
    {
        "date": "2012-07-31", 
        "operating_revenue": 105529, 
        "accumulated_operating_revenue": 874168, 
        "long_term_average": 124881, 
        "short_term_average": 119314
    }, 
    {
        "date": "2012-08-31", 
        "operating_revenue": 107337, 
        "accumulated_operating_revenue": 981505, 
        "long_term_average": 122688, 
        "short_term_average": 112703
    }, 
    {
        "date": "2012-09-30", 
        "operating_revenue": 101420, 
        "accumulated_operating_revenue": 1082925, 
        "long_term_average": 120325, 
        "short_term_average": 104762
    }, 
    {
        "date": "2012-10-31", 
        "operating_revenue": 94350, 
        "accumulated_operating_revenue": 1177275, 
        "long_term_average": 117727, 
        "short_term_average": 101035
    }, 
    {
        "date": "2012-11-30", 
        "operating_revenue": 123605, 
        "accumulated_operating_revenue": 1300880, 
        "long_term_average": 118261, 
        "short_term_average": 106458
    }, 
    {
        "date": "2012-12-31", 
        "operating_revenue": 151969, 
        "accumulated_operating_revenue": 1452849, 
        "long_term_average": 121070, 
        "short_term_average": 123308
    }, 
    {
        "accumulated_operating_revenue_yoy": 1.413729261409595, 
        "accumulated_operating_revenue": 112839, 
        "long_term_average": 121201, 
        "date": "2013-01-31", 
        "operating_revenue": 112839, 
        "short_term_average": 129471
    }, 
    {
        "accumulated_operating_revenue_yoy": -10.400705352792409, 
        "accumulated_operating_revenue": 193082, 
        "long_term_average": 119203, 
        "date": "2013-02-28", 
        "operating_revenue": 80243, 
        "short_term_average": 115017
    }, 
    {
        "accumulated_operating_revenue_yoy": -20.117693021438686, 
        "accumulated_operating_revenue": 294435, 
        "long_term_average": 114891, 
        "date": "2013-03-31", 
        "operating_revenue": 101353, 
        "short_term_average": 98145
    }, 
    {
        "accumulated_operating_revenue_yoy": -22.301365298785022, 
        "accumulated_operating_revenue": 401099, 
        "long_term_average": 111477, 
        "date": "2013-04-30", 
        "operating_revenue": 106664, 
        "short_term_average": 96086
    }, 
    {
        "accumulated_operating_revenue_yoy": -18.285656556236837, 
        "accumulated_operating_revenue": 525746, 
        "long_term_average": 111266, 
        "date": "2013-05-31", 
        "operating_revenue": 124647, 
        "short_term_average": 110888
    }, 
    {
        "accumulated_operating_revenue_yoy": -17.211070476517584, 
        "accumulated_operating_revenue": 636348, 
        "long_term_average": 110046, 
        "date": "2013-06-30", 
        "operating_revenue": 110602, 
        "short_term_average": 113971
    }, 
    {
        "accumulated_operating_revenue_yoy": -15.161730925863221, 
        "accumulated_operating_revenue": 741629, 
        "long_term_average": 110025, 
        "date": "2013-07-31", 
        "operating_revenue": 105281, 
        "short_term_average": 113510
    }, 
    {
        "accumulated_operating_revenue_yoy": -14.698549676262473, 
        "accumulated_operating_revenue": 837238, 
        "long_term_average": 109048, 
        "date": "2013-08-31", 
        "operating_revenue": 95609, 
        "short_term_average": 103830
    }, 
    {
        "accumulated_operating_revenue_yoy": -12.513331948195857, 
        "accumulated_operating_revenue": 947415, 
        "long_term_average": 109778, 
        "date": "2013-09-30", 
        "operating_revenue": 110177, 
        "short_term_average": 103689
    }, 
    {
        "accumulated_operating_revenue_yoy": -9.880614130088553, 
        "accumulated_operating_revenue": 1060953, 
        "long_term_average": 111377, 
        "date": "2013-10-31", 
        "operating_revenue": 113538, 
        "short_term_average": 106441
    }, 
    {
        "accumulated_operating_revenue_yoy": -9.794446835987946, 
        "accumulated_operating_revenue": 1173466, 
        "long_term_average": 110452, 
        "date": "2013-11-30", 
        "operating_revenue": 112513, 
        "short_term_average": 112076
    }, 
    {
        "accumulated_operating_revenue_yoy": -9.652482811358922, 
        "accumulated_operating_revenue": 1312613, 
        "long_term_average": 109384, 
        "date": "2013-12-31", 
        "operating_revenue": 139147, 
        "short_term_average": 121732
    }, 
    {
        "accumulated_operating_revenue_yoy": -0.25434468579126013, 
        "accumulated_operating_revenue": 112552, 
        "long_term_average": 109360, 
        "date": "2014-01-31", 
        "operating_revenue": 112552, 
        "short_term_average": 121404
    }, 
    {
        "accumulated_operating_revenue_yoy": 7.708641924156575, 
        "accumulated_operating_revenue": 207966, 
        "long_term_average": 110624, 
        "date": "2014-02-28", 
        "operating_revenue": 95414, 
        "short_term_average": 115704
    }, 
    {
        "accumulated_operating_revenue_yoy": 6.184047412841544, 
        "accumulated_operating_revenue": 312643, 
        "long_term_average": 110901, 
        "date": "2014-03-31", 
        "operating_revenue": 104677, 
        "short_term_average": 104214
    }, 
    {
        "accumulated_operating_revenue_yoy": 2.69235276078973, 
        "accumulated_operating_revenue": 411898, 
        "long_term_average": 110284, 
        "date": "2014-04-30", 
        "operating_revenue": 99255, 
        "short_term_average": 99782
    }, 
    {
        "accumulated_operating_revenue_yoy": -0.9441821716189948, 
        "accumulated_operating_revenue": 520782, 
        "long_term_average": 108970, 
        "date": "2014-05-31", 
        "operating_revenue": 108884, 
        "short_term_average": 104272
    }, 
    {
        "accumulated_operating_revenue_yoy": -4.597327248612395, 
        "accumulated_operating_revenue": 607093, 
        "long_term_average": 106946, 
        "date": "2014-06-30", 
        "operating_revenue": 86311, 
        "short_term_average": 98150
    }, 
    {
        "accumulated_operating_revenue_yoy": -5.049155305415511, 
        "accumulated_operating_revenue": 704183, 
        "long_term_average": 106263, 
        "date": "2014-07-31", 
        "operating_revenue": 97090, 
        "short_term_average": 97428
    }, 
    {
        "accumulated_operating_revenue_yoy": -3.880855861774071, 
        "accumulated_operating_revenue": 804746, 
        "long_term_average": 106676, 
        "date": "2014-08-31", 
        "operating_revenue": 100563, 
        "short_term_average": 94654
    }, 
    {
        "accumulated_operating_revenue_yoy": -3.1683053360987525, 
        "accumulated_operating_revenue": 917398, 
        "long_term_average": 106883, 
        "date": "2014-09-30", 
        "operating_revenue": 112652, 
        "short_term_average": 103435
    }, 
    {
        "accumulated_operating_revenue_yoy": -5.217479002368625, 
        "accumulated_operating_revenue": 1005598, 
        "long_term_average": 104771, 
        "date": "2014-10-31", 
        "operating_revenue": 88200, 
        "short_term_average": 100471
    }, 
    {
        "accumulated_operating_revenue_yoy": -5.598287466360338, 
        "accumulated_operating_revenue": 1107772, 
        "long_term_average": 103909, 
        "date": "2014-11-30", 
        "operating_revenue": 102174, 
        "short_term_average": 101008
    }, 
    {
        "accumulated_operating_revenue_yoy": -5.013815953369348, 
        "accumulated_operating_revenue": 1246801, 
        "long_term_average": 103900, 
        "date": "2014-12-31", 
        "operating_revenue": 139029, 
        "short_term_average": 109801
    }, 
    {
        "accumulated_operating_revenue_yoy": 13.630144288862036, 
        "accumulated_operating_revenue": 127893, 
        "long_term_average": 105178, 
        "date": "2015-01-31", 
        "operating_revenue": 127893, 
        "short_term_average": 123032
    }, 
    {
        "accumulated_operating_revenue_yoy": 4.755585047555851, 
        "accumulated_operating_revenue": 217856, 
        "long_term_average": 104724, 
        "date": "2015-02-28", 
        "operating_revenue": 89963, 
        "short_term_average": 118961
    }, 
    {
        "accumulated_operating_revenue_yoy": 3.8922988840306676, 
        "accumulated_operating_revenue": 324812, 
        "long_term_average": 104914, 
        "date": "2015-03-31", 
        "operating_revenue": 106956, 
        "short_term_average": 108270
    }, 
    {
        "accumulated_operating_revenue_yoy": 3.2792099014804634, 
        "accumulated_operating_revenue": 425405, 
        "long_term_average": 105025, 
        "date": "2015-04-30", 
        "operating_revenue": 100593, 
        "short_term_average": 99170
    }, 
    {
        "accumulated_operating_revenue_yoy": 4.272613108747998, 
        "accumulated_operating_revenue": 543033, 
        "long_term_average": 105754, 
        "date": "2015-05-31", 
        "operating_revenue": 117628, 
        "short_term_average": 108392
    }, 
    {
        "accumulated_operating_revenue_yoy": 10.310446669620635, 
        "accumulated_operating_revenue": 669687, 
        "long_term_average": 109116, 
        "date": "2015-06-30", 
        "operating_revenue": 126654, 
        "short_term_average": 114958
    }, 
    {
        "accumulated_operating_revenue_yoy": 10.704887791951807, 
        "accumulated_operating_revenue": 779565, 
        "long_term_average": 110181, 
        "date": "2015-07-31", 
        "operating_revenue": 109878, 
        "short_term_average": 118053
    }, 
    {
        "accumulated_operating_revenue_yoy": 8.71616634316915, 
        "accumulated_operating_revenue": 874889, 
        "long_term_average": 109745, 
        "date": "2015-08-31", 
        "operating_revenue": 95324, 
        "short_term_average": 110618
    }
]