[
    {
        "date": "2011-09-30", 
        "operating_revenue": 136690, 
        "accumulated_operating_revenue": 136690, 
        "long_term_average": 136690, 
        "short_term_average": 136690
    }, 
    {
        "date": "2011-10-31", 
        "operating_revenue": 130835, 
        "accumulated_operating_revenue": 267525, 
        "long_term_average": 133762, 
        "short_term_average": 133762
    }, 
    {
        "date": "2011-11-30", 
        "operating_revenue": 141843, 
        "accumulated_operating_revenue": 409368, 
        "long_term_average": 136456, 
        "short_term_average": 136456
    }, 
    {
        "date": "2011-12-31", 
        "operating_revenue": 116023, 
        "accumulated_operating_revenue": 525391, 
        "long_term_average": 131347, 
        "short_term_average": 129567
    }, 
    {
        "date": "2012-01-31", 
        "operating_revenue": 92447, 
        "accumulated_operating_revenue": 92447, 
        "long_term_average": 123567, 
        "short_term_average": 116771
    }, 
    {
        "date": "2012-02-29", 
        "operating_revenue": 127655, 
        "accumulated_operating_revenue": 220102, 
        "long_term_average": 124248, 
        "short_term_average": 112041
    }, 
    {
        "date": "2012-03-31", 
        "operating_revenue": 135004, 
        "accumulated_operating_revenue": 355106, 
        "long_term_average": 125785, 
        "short_term_average": 118368
    }, 
    {
        "date": "2012-04-30", 
        "operating_revenue": 119597, 
        "accumulated_operating_revenue": 474703, 
        "long_term_average": 125011, 
        "short_term_average": 127418
    }, 
    {
        "date": "2012-05-31", 
        "operating_revenue": 134998, 
        "accumulated_operating_revenue": 609701, 
        "long_term_average": 126121, 
        "short_term_average": 129866
    }, 
    {
        "date": "2012-06-30", 
        "operating_revenue": 115564, 
        "accumulated_operating_revenue": 725265, 
        "long_term_average": 125065, 
        "short_term_average": 123386
    }, 
    {
        "date": "2012-07-31", 
        "operating_revenue": 119059, 
        "accumulated_operating_revenue": 844324, 
        "long_term_average": 124519, 
        "short_term_average": 123207
    }, 
    {
        "date": "2012-08-31", 
        "operating_revenue": 120811, 
        "accumulated_operating_revenue": 965135, 
        "long_term_average": 124210, 
        "short_term_average": 118478
    }, 
    {
        "accumulated_operating_revenue_yoy": 688.8426366230156, 
        "accumulated_operating_revenue": 1078269, 
        "long_term_average": 122247, 
        "date": "2012-09-30", 
        "operating_revenue": 113134, 
        "short_term_average": 117668
    }, 
    {
        "accumulated_operating_revenue_yoy": 342.884964022054, 
        "accumulated_operating_revenue": 1184828, 
        "long_term_average": 120224, 
        "date": "2012-10-31", 
        "operating_revenue": 106559, 
        "short_term_average": 113501
    }, 
    {
        "accumulated_operating_revenue_yoy": 220.0355181645854, 
        "accumulated_operating_revenue": 1310123, 
        "long_term_average": 118845, 
        "date": "2012-11-30", 
        "operating_revenue": 125295, 
        "short_term_average": 114996
    }, 
    {
        "accumulated_operating_revenue_yoy": 167.08717888201357, 
        "accumulated_operating_revenue": 1403252, 
        "long_term_average": 116937, 
        "date": "2012-12-31", 
        "operating_revenue": 93129, 
        "short_term_average": 108327
    }, 
    {
        "accumulated_operating_revenue_yoy": 27.82242798576482, 
        "accumulated_operating_revenue": 118168, 
        "long_term_average": 119081, 
        "date": "2013-01-31", 
        "operating_revenue": 118168, 
        "short_term_average": 112197
    }, 
    {
        "accumulated_operating_revenue_yoy": -12.261133474480014, 
        "accumulated_operating_revenue": 193115, 
        "long_term_average": 114688, 
        "date": "2013-02-28", 
        "operating_revenue": 74947, 
        "short_term_average": 95414
    }, 
    {
        "accumulated_operating_revenue_yoy": -11.690312188473301, 
        "accumulated_operating_revenue": 313593, 
        "long_term_average": 113478, 
        "date": "2013-03-31", 
        "operating_revenue": 120478, 
        "short_term_average": 104531
    }, 
    {
        "accumulated_operating_revenue_yoy": -6.279505290676486, 
        "accumulated_operating_revenue": 444894, 
        "long_term_average": 114453, 
        "date": "2013-04-30", 
        "operating_revenue": 131301, 
        "short_term_average": 108908
    }, 
    {
        "accumulated_operating_revenue_yoy": -8.077565888853718, 
        "accumulated_operating_revenue": 560452, 
        "long_term_average": 112833, 
        "date": "2013-05-31", 
        "operating_revenue": 115558, 
        "short_term_average": 122445
    }, 
    {
        "accumulated_operating_revenue_yoy": -7.9774978800852105, 
        "accumulated_operating_revenue": 667407, 
        "long_term_average": 112116, 
        "date": "2013-06-30", 
        "operating_revenue": 106955, 
        "short_term_average": 117938
    }, 
    {
        "accumulated_operating_revenue_yoy": -8.506805444355486, 
        "accumulated_operating_revenue": 772499, 
        "long_term_average": 110952, 
        "date": "2013-07-31", 
        "operating_revenue": 105092, 
        "short_term_average": 109201
    }, 
    {
        "accumulated_operating_revenue_yoy": -4.941070420200283, 
        "accumulated_operating_revenue": 917447, 
        "long_term_average": 112963, 
        "date": "2013-08-31", 
        "operating_revenue": 144948, 
        "short_term_average": 118998
    }, 
    {
        "accumulated_operating_revenue_yoy": -2.618827027392979, 
        "accumulated_operating_revenue": 1050031, 
        "long_term_average": 114584, 
        "date": "2013-09-30", 
        "operating_revenue": 132584, 
        "short_term_average": 127541
    }, 
    {
        "accumulated_operating_revenue_yoy": -1.2845746386817327, 
        "accumulated_operating_revenue": 1169608, 
        "long_term_average": 115669, 
        "date": "2013-10-31", 
        "operating_revenue": 119577, 
        "short_term_average": 132369
    }, 
    {
        "accumulated_operating_revenue_yoy": -2.1146106128966515, 
        "accumulated_operating_revenue": 1282419, 
        "long_term_average": 114629, 
        "date": "2013-11-30", 
        "operating_revenue": 112811, 
        "short_term_average": 121657
    }, 
    {
        "accumulated_operating_revenue_yoy": -0.4505961865723334, 
        "accumulated_operating_revenue": 1396929, 
        "long_term_average": 116410, 
        "date": "2013-12-31", 
        "operating_revenue": 114510, 
        "short_term_average": 115632
    }, 
    {
        "accumulated_operating_revenue_yoy": -19.996107237153883, 
        "accumulated_operating_revenue": 94539, 
        "long_term_average": 114441, 
        "date": "2014-01-31", 
        "operating_revenue": 94539, 
        "short_term_average": 107286
    }, 
    {
        "accumulated_operating_revenue_yoy": 9.056261812909407, 
        "accumulated_operating_revenue": 210604, 
        "long_term_average": 117868, 
        "date": "2014-02-28", 
        "operating_revenue": 116065, 
        "short_term_average": 108371
    }, 
    {
        "accumulated_operating_revenue_yoy": 5.2077055291412755, 
        "accumulated_operating_revenue": 329924, 
        "long_term_average": 117771, 
        "date": "2014-03-31", 
        "operating_revenue": 119320, 
        "short_term_average": 109974
    }, 
    {
        "accumulated_operating_revenue_yoy": 1.6702855062104682, 
        "accumulated_operating_revenue": 452325, 
        "long_term_average": 117030, 
        "date": "2014-04-30", 
        "operating_revenue": 122401, 
        "short_term_average": 119262
    }, 
    {
        "accumulated_operating_revenue_yoy": 1.6748981179476565, 
        "accumulated_operating_revenue": 569839, 
        "long_term_average": 117193, 
        "date": "2014-05-31", 
        "operating_revenue": 117514, 
        "short_term_average": 119745
    }, 
    {
        "accumulated_operating_revenue_yoy": 7.390992303047465, 
        "accumulated_operating_revenue": 716735, 
        "long_term_average": 120521, 
        "date": "2014-06-30", 
        "operating_revenue": 146896, 
        "short_term_average": 128937
    }, 
    {
        "accumulated_operating_revenue_yoy": 5.921172713492186, 
        "accumulated_operating_revenue": 818240, 
        "long_term_average": 120222, 
        "date": "2014-07-31", 
        "operating_revenue": 101505, 
        "short_term_average": 121971
    }, 
    {
        "accumulated_operating_revenue_yoy": 1.5568201759883677, 
        "accumulated_operating_revenue": 931730, 
        "long_term_average": 117601, 
        "date": "2014-08-31", 
        "operating_revenue": 113490, 
        "short_term_average": 120630
    }, 
    {
        "accumulated_operating_revenue_yoy": 0.9081636637394515, 
        "accumulated_operating_revenue": 1059567, 
        "long_term_average": 117205, 
        "date": "2014-09-30", 
        "operating_revenue": 127837, 
        "short_term_average": 114277
    }, 
    {
        "accumulated_operating_revenue_yoy": -0.056771157516022464, 
        "accumulated_operating_revenue": 1168944, 
        "long_term_average": 116355, 
        "date": "2014-10-31", 
        "operating_revenue": 109377, 
        "short_term_average": 116901
    }, 
    {
        "accumulated_operating_revenue_yoy": -1.5873127269636522, 
        "accumulated_operating_revenue": 1262063, 
        "long_term_average": 114714, 
        "date": "2014-11-30", 
        "operating_revenue": 93119, 
        "short_term_average": 110111
    }, 
    {
        "accumulated_operating_revenue_yoy": -1.273293059275024, 
        "accumulated_operating_revenue": 1379142, 
        "long_term_average": 114928, 
        "date": "2014-12-31", 
        "operating_revenue": 117079, 
        "short_term_average": 106525
    }, 
    {
        "accumulated_operating_revenue_yoy": 24.46715112281704, 
        "accumulated_operating_revenue": 117670, 
        "long_term_average": 116856, 
        "date": "2015-01-31", 
        "operating_revenue": 117670, 
        "short_term_average": 109289
    }, 
    {
        "accumulated_operating_revenue_yoy": -17.763670205694098, 
        "accumulated_operating_revenue": 173193, 
        "long_term_average": 111810, 
        "date": "2015-02-28", 
        "operating_revenue": 55523, 
        "short_term_average": 96757
    }, 
    {
        "accumulated_operating_revenue_yoy": -14.194784253343192, 
        "accumulated_operating_revenue": 283092, 
        "long_term_average": 111025, 
        "date": "2015-03-31", 
        "operating_revenue": 109899, 
        "short_term_average": 94364
    }, 
    {
        "accumulated_operating_revenue_yoy": -14.256784391753715, 
        "accumulated_operating_revenue": 387838, 
        "long_term_average": 109554, 
        "date": "2015-04-30", 
        "operating_revenue": 104746, 
        "short_term_average": 90056
    }, 
    {
        "accumulated_operating_revenue_yoy": -15.766207648125171, 
        "accumulated_operating_revenue": 479997, 
        "long_term_average": 107441, 
        "date": "2015-05-31", 
        "operating_revenue": 92159, 
        "short_term_average": 102268
    }, 
    {
        "accumulated_operating_revenue_yoy": -19.567622622029063, 
        "accumulated_operating_revenue": 576487, 
        "long_term_average": 103241, 
        "date": "2015-06-30", 
        "operating_revenue": 96490, 
        "short_term_average": 97798
    }, 
    {
        "accumulated_operating_revenue_yoy": -18.69793703558858, 
        "accumulated_operating_revenue": 665246, 
        "long_term_average": 102179, 
        "date": "2015-07-31", 
        "operating_revenue": 88759, 
        "short_term_average": 92469
    }, 
    {
        "accumulated_operating_revenue_yoy": -19.9012589484078, 
        "accumulated_operating_revenue": 746304, 
        "long_term_average": 99476, 
        "date": "2015-08-31", 
        "operating_revenue": 81058, 
        "short_term_average": 88769
    }, 
    {
        "accumulated_operating_revenue_yoy": -21.479340145550022, 
        "accumulated_operating_revenue": 831979, 
        "long_term_average": 95962, 
        "date": "2015-09-30", 
        "operating_revenue": 85675, 
        "short_term_average": 85164
    }, 
    {
        "accumulated_operating_revenue_yoy": -22.057172969791537, 
        "accumulated_operating_revenue": 911108, 
        "long_term_average": 93442, 
        "date": "2015-10-31", 
        "operating_revenue": 79129, 
        "short_term_average": 81954
    }
]