[
    {
        "date": "2011-09-30", 
        "operating_revenue": 115609, 
        "accumulated_operating_revenue": 115609, 
        "long_term_average": 115609, 
        "short_term_average": 115609
    }, 
    {
        "date": "2011-10-31", 
        "operating_revenue": 83350, 
        "accumulated_operating_revenue": 198959, 
        "long_term_average": 99479, 
        "short_term_average": 99479
    }, 
    {
        "date": "2011-11-30", 
        "operating_revenue": 85873, 
        "accumulated_operating_revenue": 284832, 
        "long_term_average": 94944, 
        "short_term_average": 94944
    }, 
    {
        "date": "2011-12-31", 
        "operating_revenue": 88691, 
        "accumulated_operating_revenue": 373523, 
        "long_term_average": 93380, 
        "short_term_average": 85971
    }, 
    {
        "date": "2012-01-31", 
        "operating_revenue": 71828, 
        "accumulated_operating_revenue": 71828, 
        "long_term_average": 89070, 
        "short_term_average": 82130
    }, 
    {
        "date": "2012-02-29", 
        "operating_revenue": 90307, 
        "accumulated_operating_revenue": 162135, 
        "long_term_average": 89276, 
        "short_term_average": 83608
    }, 
    {
        "date": "2012-03-31", 
        "operating_revenue": 100260, 
        "accumulated_operating_revenue": 262395, 
        "long_term_average": 90845, 
        "short_term_average": 87465
    }, 
    {
        "date": "2012-04-30", 
        "operating_revenue": 91943, 
        "accumulated_operating_revenue": 354338, 
        "long_term_average": 90982, 
        "short_term_average": 94170
    }, 
    {
        "date": "2012-05-31", 
        "operating_revenue": 97800, 
        "accumulated_operating_revenue": 452138, 
        "long_term_average": 91740, 
        "short_term_average": 96667
    }, 
    {
        "date": "2012-06-30", 
        "operating_revenue": 104297, 
        "accumulated_operating_revenue": 556435, 
        "long_term_average": 92995, 
        "short_term_average": 98013
    }, 
    {
        "date": "2012-07-31", 
        "operating_revenue": 113577, 
        "accumulated_operating_revenue": 670012, 
        "long_term_average": 94866, 
        "short_term_average": 105224
    }, 
    {
        "date": "2012-08-31", 
        "operating_revenue": 117376, 
        "accumulated_operating_revenue": 787388, 
        "long_term_average": 96742, 
        "short_term_average": 111750
    }, 
    {
        "accumulated_operating_revenue_yoy": 677.1972770286051, 
        "accumulated_operating_revenue": 898510, 
        "long_term_average": 96368, 
        "date": "2012-09-30", 
        "operating_revenue": 111122, 
        "short_term_average": 114025
    }, 
    {
        "accumulated_operating_revenue_yoy": 406.20630381133805, 
        "accumulated_operating_revenue": 1007143, 
        "long_term_average": 98475, 
        "date": "2012-10-31", 
        "operating_revenue": 108633, 
        "short_term_average": 112377
    }, 
    {
        "accumulated_operating_revenue_yoy": 289.64091113358046, 
        "accumulated_operating_revenue": 1109822, 
        "long_term_average": 99876, 
        "date": "2012-11-30", 
        "operating_revenue": 102679, 
        "short_term_average": 107478
    }, 
    {
        "accumulated_operating_revenue_yoy": 225.19978689397976, 
        "accumulated_operating_revenue": 1214696, 
        "long_term_average": 101224, 
        "date": "2012-12-31", 
        "operating_revenue": 104874, 
        "short_term_average": 105395
    }, 
    {
        "accumulated_operating_revenue_yoy": 52.60065712535501, 
        "accumulated_operating_revenue": 109610, 
        "long_term_average": 104373, 
        "date": "2013-01-31", 
        "operating_revenue": 109610, 
        "short_term_average": 105721
    }, 
    {
        "accumulated_operating_revenue_yoy": 17.213433250069386, 
        "accumulated_operating_revenue": 190044, 
        "long_term_average": 103550, 
        "date": "2013-02-28", 
        "operating_revenue": 80434, 
        "short_term_average": 98306
    }, 
    {
        "accumulated_operating_revenue_yoy": 16.148173555136342, 
        "accumulated_operating_revenue": 304767, 
        "long_term_average": 104755, 
        "date": "2013-03-31", 
        "operating_revenue": 114723, 
        "short_term_average": 101589
    }, 
    {
        "accumulated_operating_revenue_yoy": 16.6428664156822, 
        "accumulated_operating_revenue": 413310, 
        "long_term_average": 106139, 
        "date": "2013-04-30", 
        "operating_revenue": 108543, 
        "short_term_average": 101233
    }, 
    {
        "accumulated_operating_revenue_yoy": 15.372297838270615, 
        "accumulated_operating_revenue": 521642, 
        "long_term_average": 107016, 
        "date": "2013-05-31", 
        "operating_revenue": 108332, 
        "short_term_average": 110532
    }, 
    {
        "accumulated_operating_revenue_yoy": 13.790649401996639, 
        "accumulated_operating_revenue": 633171, 
        "long_term_average": 107619, 
        "date": "2013-06-30", 
        "operating_revenue": 111529, 
        "short_term_average": 109468
    }, 
    {
        "accumulated_operating_revenue_yoy": 11.528897989886747, 
        "accumulated_operating_revenue": 747257, 
        "long_term_average": 107661, 
        "date": "2013-07-31", 
        "operating_revenue": 114086, 
        "short_term_average": 111315
    }, 
    {
        "accumulated_operating_revenue_yoy": 9.427880536660451, 
        "accumulated_operating_revenue": 861622, 
        "long_term_average": 107410, 
        "date": "2013-08-31", 
        "operating_revenue": 114365, 
        "short_term_average": 113326
    }, 
    {
        "accumulated_operating_revenue_yoy": 7.9606236992354, 
        "accumulated_operating_revenue": 970037, 
        "long_term_average": 107185, 
        "date": "2013-09-30", 
        "operating_revenue": 108415, 
        "short_term_average": 112288
    }, 
    {
        "accumulated_operating_revenue_yoy": 7.948523695244866, 
        "accumulated_operating_revenue": 1087196, 
        "long_term_average": 107895, 
        "date": "2013-10-31", 
        "operating_revenue": 117159, 
        "short_term_average": 113313
    }, 
    {
        "accumulated_operating_revenue_yoy": 7.766470659258873, 
        "accumulated_operating_revenue": 1196016, 
        "long_term_average": 108407, 
        "date": "2013-11-30", 
        "operating_revenue": 108820, 
        "short_term_average": 111464
    }, 
    {
        "accumulated_operating_revenue_yoy": 8.179577441598557, 
        "accumulated_operating_revenue": 1314053, 
        "long_term_average": 109504, 
        "date": "2013-12-31", 
        "operating_revenue": 118037, 
        "short_term_average": 114672
    }, 
    {
        "accumulated_operating_revenue_yoy": 3.3975002280813795, 
        "accumulated_operating_revenue": 113334, 
        "long_term_average": 109814, 
        "date": "2014-01-31", 
        "operating_revenue": 113334, 
        "short_term_average": 113397
    }, 
    {
        "accumulated_operating_revenue_yoy": 9.449916861358423, 
        "accumulated_operating_revenue": 208003, 
        "long_term_average": 111001, 
        "date": "2014-02-28", 
        "operating_revenue": 94669, 
        "short_term_average": 108680
    }, 
    {
        "accumulated_operating_revenue_yoy": 5.913041766332969, 
        "accumulated_operating_revenue": 322788, 
        "long_term_average": 111006, 
        "date": "2014-03-31", 
        "operating_revenue": 114785, 
        "short_term_average": 107596
    }, 
    {
        "accumulated_operating_revenue_yoy": 4.81285233843846, 
        "accumulated_operating_revenue": 433202, 
        "long_term_average": 111162, 
        "date": "2014-04-30", 
        "operating_revenue": 110414, 
        "short_term_average": 106622
    }, 
    {
        "accumulated_operating_revenue_yoy": 5.68129100034123, 
        "accumulated_operating_revenue": 551278, 
        "long_term_average": 111974, 
        "date": "2014-05-31", 
        "operating_revenue": 118076, 
        "short_term_average": 114425
    }, 
    {
        "accumulated_operating_revenue_yoy": 6.844280612978168, 
        "accumulated_operating_revenue": 676507, 
        "long_term_average": 113115, 
        "date": "2014-06-30", 
        "operating_revenue": 125229, 
        "short_term_average": 117906
    }, 
    {
        "accumulated_operating_revenue_yoy": 7.693337098213868, 
        "accumulated_operating_revenue": 804746, 
        "long_term_average": 114295, 
        "date": "2014-07-31", 
        "operating_revenue": 128239, 
        "short_term_average": 123848
    }, 
    {
        "accumulated_operating_revenue_yoy": 7.379686219711195, 
        "accumulated_operating_revenue": 925207, 
        "long_term_average": 114803, 
        "date": "2014-08-31", 
        "operating_revenue": 120461, 
        "short_term_average": 124643
    }, 
    {
        "accumulated_operating_revenue_yoy": 7.688572703927789, 
        "accumulated_operating_revenue": 1044619, 
        "long_term_average": 115719, 
        "date": "2014-09-30", 
        "operating_revenue": 119412, 
        "short_term_average": 122704
    }, 
    {
        "accumulated_operating_revenue_yoy": 6.914484600752763, 
        "accumulated_operating_revenue": 1162370, 
        "long_term_average": 115768, 
        "date": "2014-10-31", 
        "operating_revenue": 117751, 
        "short_term_average": 119208
    }, 
    {
        "accumulated_operating_revenue_yoy": 6.356854757795882, 
        "accumulated_operating_revenue": 1272045, 
        "long_term_average": 115840, 
        "date": "2014-11-30", 
        "operating_revenue": 109675, 
        "short_term_average": 115612
    }, 
    {
        "accumulated_operating_revenue_yoy": 6.020990020950449, 
        "accumulated_operating_revenue": 1393172, 
        "long_term_average": 116097, 
        "date": "2014-12-31", 
        "operating_revenue": 121127, 
        "short_term_average": 116184
    }, 
    {
        "accumulated_operating_revenue_yoy": 6.7534896853547925, 
        "accumulated_operating_revenue": 120988, 
        "long_term_average": 116735, 
        "date": "2015-01-31", 
        "operating_revenue": 120988, 
        "short_term_average": 117263
    }, 
    {
        "accumulated_operating_revenue_yoy": 2.19131454834786, 
        "accumulated_operating_revenue": 212561, 
        "long_term_average": 116477, 
        "date": "2015-02-28", 
        "operating_revenue": 91573, 
        "short_term_average": 111229
    }, 
    {
        "accumulated_operating_revenue_yoy": 4.198111453957396, 
        "accumulated_operating_revenue": 336339, 
        "long_term_average": 117226, 
        "date": "2015-03-31", 
        "operating_revenue": 123778, 
        "short_term_average": 112113
    }, 
    {
        "accumulated_operating_revenue_yoy": 3.270991361997405, 
        "accumulated_operating_revenue": 447372, 
        "long_term_average": 117278, 
        "date": "2015-04-30", 
        "operating_revenue": 111033, 
        "short_term_average": 108794
    }, 
    {
        "accumulated_operating_revenue_yoy": -0.16361980706648915, 
        "accumulated_operating_revenue": 550376, 
        "long_term_average": 116022, 
        "date": "2015-05-31", 
        "operating_revenue": 103004, 
        "short_term_average": 112605
    }, 
    {
        "accumulated_operating_revenue_yoy": -1.2657666513428538, 
        "accumulated_operating_revenue": 667944, 
        "long_term_average": 115384, 
        "date": "2015-06-30", 
        "operating_revenue": 117568, 
        "short_term_average": 110535
    }, 
    {
        "accumulated_operating_revenue_yoy": -2.1134618873532767, 
        "accumulated_operating_revenue": 787738, 
        "long_term_average": 114680, 
        "date": "2015-07-31", 
        "operating_revenue": 119794, 
        "short_term_average": 113455
    }, 
    {
        "accumulated_operating_revenue_yoy": -2.1859972957403047, 
        "accumulated_operating_revenue": 904982, 
        "long_term_average": 114412, 
        "date": "2015-08-31", 
        "operating_revenue": 117244, 
        "short_term_average": 118202
    }
]