[
    {
        "date": "2011-09-30", 
        "operating_revenue": 61336, 
        "accumulated_operating_revenue": 61336, 
        "long_term_average": 61336, 
        "short_term_average": 61336
    }, 
    {
        "date": "2011-10-31", 
        "operating_revenue": 71243, 
        "accumulated_operating_revenue": 132579, 
        "long_term_average": 66289, 
        "short_term_average": 66289
    }, 
    {
        "date": "2011-11-30", 
        "operating_revenue": 66946, 
        "accumulated_operating_revenue": 199525, 
        "long_term_average": 66508, 
        "short_term_average": 66508
    }, 
    {
        "date": "2011-12-31", 
        "operating_revenue": 63567, 
        "accumulated_operating_revenue": 263092, 
        "long_term_average": 65773, 
        "short_term_average": 67252
    }, 
    {
        "date": "2012-01-31", 
        "operating_revenue": 60175, 
        "accumulated_operating_revenue": 60175, 
        "long_term_average": 64653, 
        "short_term_average": 63562
    }, 
    {
        "date": "2012-02-29", 
        "operating_revenue": 64032, 
        "accumulated_operating_revenue": 124207, 
        "long_term_average": 64549, 
        "short_term_average": 62591
    }, 
    {
        "date": "2012-03-31", 
        "operating_revenue": 112258, 
        "accumulated_operating_revenue": 236465, 
        "long_term_average": 71365, 
        "short_term_average": 78821
    }, 
    {
        "date": "2012-04-30", 
        "operating_revenue": 108648, 
        "accumulated_operating_revenue": 345113, 
        "long_term_average": 76025, 
        "short_term_average": 94979
    }, 
    {
        "date": "2012-05-31", 
        "operating_revenue": 123313, 
        "accumulated_operating_revenue": 468426, 
        "long_term_average": 81279, 
        "short_term_average": 114739
    }, 
    {
        "date": "2012-06-30", 
        "operating_revenue": 89376, 
        "accumulated_operating_revenue": 557802, 
        "long_term_average": 82089, 
        "short_term_average": 107112
    }, 
    {
        "date": "2012-07-31", 
        "operating_revenue": 98508, 
        "accumulated_operating_revenue": 656310, 
        "long_term_average": 83582, 
        "short_term_average": 103732
    }, 
    {
        "date": "2012-08-31", 
        "operating_revenue": 82903, 
        "accumulated_operating_revenue": 739213, 
        "long_term_average": 83525, 
        "short_term_average": 90262
    }, 
    {
        "accumulated_operating_revenue_yoy": 1229.10199556541, 
        "accumulated_operating_revenue": 815218, 
        "long_term_average": 84747, 
        "date": "2012-09-30", 
        "operating_revenue": 76005, 
        "short_term_average": 85805
    }, 
    {
        "accumulated_operating_revenue_yoy": 576.6124348501648, 
        "accumulated_operating_revenue": 897046, 
        "long_term_average": 85629, 
        "date": "2012-10-31", 
        "operating_revenue": 81828, 
        "short_term_average": 80245
    }, 
    {
        "accumulated_operating_revenue_yoy": 387.56947750908404, 
        "accumulated_operating_revenue": 972823, 
        "long_term_average": 86365, 
        "date": "2012-11-30", 
        "operating_revenue": 75777, 
        "short_term_average": 77870
    }, 
    {
        "accumulated_operating_revenue_yoy": 297.1682909400514, 
        "accumulated_operating_revenue": 1044918, 
        "long_term_average": 87076, 
        "date": "2012-12-31", 
        "operating_revenue": 72095, 
        "short_term_average": 76566
    }, 
    {
        "accumulated_operating_revenue_yoy": 36.894058994599085, 
        "accumulated_operating_revenue": 82376, 
        "long_term_average": 88926, 
        "date": "2013-01-31", 
        "operating_revenue": 82376, 
        "short_term_average": 76749
    }, 
    {
        "accumulated_operating_revenue_yoy": -0.773708406128479, 
        "accumulated_operating_revenue": 123246, 
        "long_term_average": 86996, 
        "date": "2013-02-28", 
        "operating_revenue": 40870, 
        "short_term_average": 65113
    }, 
    {
        "accumulated_operating_revenue_yoy": 1.8205654113716618, 
        "accumulated_operating_revenue": 240770, 
        "long_term_average": 87435, 
        "date": "2013-03-31", 
        "operating_revenue": 117524, 
        "short_term_average": 80256
    }, 
    {
        "accumulated_operating_revenue_yoy": 14.14377319892325, 
        "accumulated_operating_revenue": 393925, 
        "long_term_average": 91144, 
        "date": "2013-04-30", 
        "operating_revenue": 153155, 
        "short_term_average": 103849
    }, 
    {
        "accumulated_operating_revenue_yoy": 19.326638572581366, 
        "accumulated_operating_revenue": 558957, 
        "long_term_average": 94620, 
        "date": "2013-05-31", 
        "operating_revenue": 165032, 
        "short_term_average": 145237
    }, 
    {
        "accumulated_operating_revenue_yoy": 21.662525412243053, 
        "accumulated_operating_revenue": 678636, 
        "long_term_average": 97146, 
        "date": "2013-06-30", 
        "operating_revenue": 119679, 
        "short_term_average": 145955
    }, 
    {
        "accumulated_operating_revenue_yoy": 19.499474333775197, 
        "accumulated_operating_revenue": 784287, 
        "long_term_average": 97741, 
        "date": "2013-07-31", 
        "operating_revenue": 105651, 
        "short_term_average": 130120
    }, 
    {
        "accumulated_operating_revenue_yoy": 16.723461302763887, 
        "accumulated_operating_revenue": 862835, 
        "long_term_average": 97378, 
        "date": "2013-08-31", 
        "operating_revenue": 78548, 
        "short_term_average": 101292
    }, 
    {
        "accumulated_operating_revenue_yoy": 17.413133664860197, 
        "accumulated_operating_revenue": 957173, 
        "long_term_average": 98906, 
        "date": "2013-09-30", 
        "operating_revenue": 94338, 
        "short_term_average": 92845
    }, 
    {
        "accumulated_operating_revenue_yoy": 15.828396760032373, 
        "accumulated_operating_revenue": 1039034, 
        "long_term_average": 98908, 
        "date": "2013-10-31", 
        "operating_revenue": 81861, 
        "short_term_average": 84915
    }, 
    {
        "accumulated_operating_revenue_yoy": 13.913527949071927, 
        "accumulated_operating_revenue": 1108177, 
        "long_term_average": 98356, 
        "date": "2013-11-30", 
        "operating_revenue": 69143, 
        "short_term_average": 81780
    }, 
    {
        "accumulated_operating_revenue_yoy": 12.874790174922818, 
        "accumulated_operating_revenue": 1179449, 
        "long_term_average": 98287, 
        "date": "2013-12-31", 
        "operating_revenue": 71272, 
        "short_term_average": 74092
    }, 
    {
        "accumulated_operating_revenue_yoy": -8.063028066427115, 
        "accumulated_operating_revenue": 75734, 
        "long_term_average": 97733, 
        "date": "2014-01-31", 
        "operating_revenue": 75734, 
        "short_term_average": 72049
    }, 
    {
        "accumulated_operating_revenue_yoy": 35.89000860068481, 
        "accumulated_operating_revenue": 167479, 
        "long_term_average": 101973, 
        "date": "2014-02-28", 
        "operating_revenue": 91745, 
        "short_term_average": 79583
    }, 
    {
        "accumulated_operating_revenue_yoy": 30.85724965734934, 
        "accumulated_operating_revenue": 315065, 
        "long_term_average": 104478, 
        "date": "2014-03-31", 
        "operating_revenue": 147586, 
        "short_term_average": 105021
    }, 
    {
        "accumulated_operating_revenue_yoy": 17.832074633496223, 
        "accumulated_operating_revenue": 464170, 
        "long_term_average": 104141, 
        "date": "2014-04-30", 
        "operating_revenue": 149105, 
        "short_term_average": 129478
    }, 
    {
        "accumulated_operating_revenue_yoy": 5.949652656644429, 
        "accumulated_operating_revenue": 592213, 
        "long_term_average": 101058, 
        "date": "2014-05-31", 
        "operating_revenue": 128043, 
        "short_term_average": 141578
    }, 
    {
        "accumulated_operating_revenue_yoy": 1.4645553728361007, 
        "accumulated_operating_revenue": 688575, 
        "long_term_average": 99115, 
        "date": "2014-06-30", 
        "operating_revenue": 96362, 
        "short_term_average": 124503
    }, 
    {
        "accumulated_operating_revenue_yoy": -0.3939884251555872, 
        "accumulated_operating_revenue": 781197, 
        "long_term_average": 98029, 
        "date": "2014-07-31", 
        "operating_revenue": 92622, 
        "short_term_average": 105675
    }, 
    {
        "accumulated_operating_revenue_yoy": -1.8307092317766431, 
        "accumulated_operating_revenue": 847039, 
        "long_term_average": 96971, 
        "date": "2014-08-31", 
        "operating_revenue": 65842, 
        "short_term_average": 84942
    }, 
    {
        "accumulated_operating_revenue_yoy": -2.7304363996895025, 
        "accumulated_operating_revenue": 931038, 
        "long_term_average": 96109, 
        "date": "2014-09-30", 
        "operating_revenue": 83999, 
        "short_term_average": 80821
    }, 
    {
        "accumulated_operating_revenue_yoy": -3.9457804075708784, 
        "accumulated_operating_revenue": 998036, 
        "long_term_average": 94870, 
        "date": "2014-10-31", 
        "operating_revenue": 66998, 
        "short_term_average": 72279
    }, 
    {
        "accumulated_operating_revenue_yoy": -3.29053932720134, 
        "accumulated_operating_revenue": 1071712, 
        "long_term_average": 95248, 
        "date": "2014-11-30", 
        "operating_revenue": 73676, 
        "short_term_average": 74891
    }, 
    {
        "accumulated_operating_revenue_yoy": -2.3120965806914926, 
        "accumulated_operating_revenue": 1152179, 
        "long_term_average": 96014, 
        "date": "2014-12-31", 
        "operating_revenue": 80467, 
        "short_term_average": 73713
    }, 
    {
        "accumulated_operating_revenue_yoy": 24.670557477486994, 
        "accumulated_operating_revenue": 94418, 
        "long_term_average": 97571, 
        "date": "2015-01-31", 
        "operating_revenue": 94418, 
        "short_term_average": 82853
    }, 
    {
        "accumulated_operating_revenue_yoy": -11.566226213435714, 
        "accumulated_operating_revenue": 148108, 
        "long_term_average": 94400, 
        "date": "2015-02-28", 
        "operating_revenue": 53690, 
        "short_term_average": 76191
    }, 
    {
        "accumulated_operating_revenue_yoy": -9.161918969101613, 
        "accumulated_operating_revenue": 286199, 
        "long_term_average": 93609, 
        "date": "2015-03-31", 
        "operating_revenue": 138091, 
        "short_term_average": 95399
    }, 
    {
        "accumulated_operating_revenue_yoy": -4.336988603313442, 
        "accumulated_operating_revenue": 444039, 
        "long_term_average": 94337, 
        "date": "2015-04-30", 
        "operating_revenue": 157840, 
        "short_term_average": 116540
    }, 
    {
        "accumulated_operating_revenue_yoy": -1.5024999451210967, 
        "accumulated_operating_revenue": 583315, 
        "long_term_average": 95273, 
        "date": "2015-05-31", 
        "operating_revenue": 139276, 
        "short_term_average": 145069
    }, 
    {
        "accumulated_operating_revenue_yoy": 0.03979232472860618, 
        "accumulated_operating_revenue": 688849, 
        "long_term_average": 96037, 
        "date": "2015-06-30", 
        "operating_revenue": 105534, 
        "short_term_average": 134216
    }, 
    {
        "accumulated_operating_revenue_yoy": -0.3005643902882371, 
        "accumulated_operating_revenue": 778849, 
        "long_term_average": 95819, 
        "date": "2015-07-31", 
        "operating_revenue": 90000, 
        "short_term_average": 111603
    }, 
    {
        "accumulated_operating_revenue_yoy": 2.152793436901961, 
        "accumulated_operating_revenue": 865274, 
        "long_term_average": 97534, 
        "date": "2015-08-31", 
        "operating_revenue": 86425, 
        "short_term_average": 93986
    }, 
    {
        "accumulated_operating_revenue_yoy": 2.7476859161495018, 
        "accumulated_operating_revenue": 956620, 
        "long_term_average": 98146, 
        "date": "2015-09-30", 
        "operating_revenue": 91346, 
        "short_term_average": 89257
    }
]