[
    {
        "date": "2012-01-31", 
        "operating_revenue": 373145, 
        "accumulated_operating_revenue": 373145, 
        "long_term_average": 373145, 
        "short_term_average": 373145
    }, 
    {
        "date": "2012-02-29", 
        "operating_revenue": 373694, 
        "accumulated_operating_revenue": 746839, 
        "long_term_average": 373419, 
        "short_term_average": 373419
    }, 
    {
        "date": "2012-03-31", 
        "operating_revenue": 482419, 
        "accumulated_operating_revenue": 1229258, 
        "long_term_average": 409752, 
        "short_term_average": 409752
    }, 
    {
        "date": "2012-04-30", 
        "operating_revenue": 374643, 
        "accumulated_operating_revenue": 1603901, 
        "long_term_average": 400975, 
        "short_term_average": 410252
    }, 
    {
        "date": "2012-05-31", 
        "operating_revenue": 397701, 
        "accumulated_operating_revenue": 2001602, 
        "long_term_average": 400320, 
        "short_term_average": 418254
    }, 
    {
        "date": "2012-06-30", 
        "operating_revenue": 394861, 
        "accumulated_operating_revenue": 2396463, 
        "long_term_average": 399410, 
        "short_term_average": 389068
    }, 
    {
        "date": "2012-07-31", 
        "operating_revenue": 342221, 
        "accumulated_operating_revenue": 2738684, 
        "long_term_average": 391240, 
        "short_term_average": 378261
    }, 
    {
        "date": "2012-08-31", 
        "operating_revenue": 409308, 
        "accumulated_operating_revenue": 3147992, 
        "long_term_average": 393499, 
        "short_term_average": 382130
    }, 
    {
        "date": "2012-09-30", 
        "operating_revenue": 426748, 
        "accumulated_operating_revenue": 3574740, 
        "long_term_average": 397193, 
        "short_term_average": 392759
    }, 
    {
        "date": "2012-10-31", 
        "operating_revenue": 397831, 
        "accumulated_operating_revenue": 3972571, 
        "long_term_average": 397257, 
        "short_term_average": 411295
    }, 
    {
        "date": "2012-11-30", 
        "operating_revenue": 540679, 
        "accumulated_operating_revenue": 4513250, 
        "long_term_average": 410295, 
        "short_term_average": 455086
    }, 
    {
        "date": "2012-12-31", 
        "operating_revenue": 575917, 
        "accumulated_operating_revenue": 5089167, 
        "long_term_average": 424097, 
        "short_term_average": 504809
    }, 
    {
        "accumulated_operating_revenue_yoy": 13.60650685390398, 
        "accumulated_operating_revenue": 423917, 
        "long_term_average": 428328, 
        "date": "2013-01-31", 
        "operating_revenue": 423917, 
        "short_term_average": 513504
    }, 
    {
        "accumulated_operating_revenue_yoy": 12.897826706960938, 
        "accumulated_operating_revenue": 843165, 
        "long_term_average": 432124, 
        "date": "2013-02-28", 
        "operating_revenue": 419248, 
        "short_term_average": 473027
    }, 
    {
        "accumulated_operating_revenue_yoy": 4.493523735456674, 
        "accumulated_operating_revenue": 1284495, 
        "long_term_average": 428700, 
        "date": "2013-03-31", 
        "operating_revenue": 441330, 
        "short_term_average": 428165
    }, 
    {
        "accumulated_operating_revenue_yoy": 6.351015430503503, 
        "accumulated_operating_revenue": 1705765, 
        "long_term_average": 432585, 
        "date": "2013-04-30", 
        "operating_revenue": 421270, 
        "short_term_average": 427282
    }, 
    {
        "accumulated_operating_revenue_yoy": 2.3181931273050287, 
        "accumulated_operating_revenue": 2048003, 
        "long_term_average": 427964, 
        "date": "2013-05-31", 
        "operating_revenue": 342238, 
        "short_term_average": 401612
    }, 
    {
        "accumulated_operating_revenue_yoy": -4.694293214625054, 
        "accumulated_operating_revenue": 2283966, 
        "long_term_average": 414722, 
        "date": "2013-06-30", 
        "operating_revenue": 235963, 
        "short_term_average": 333157
    }, 
    {
        "accumulated_operating_revenue_yoy": -1.2982877907783446, 
        "accumulated_operating_revenue": 2703128, 
        "long_term_average": 421134, 
        "date": "2013-07-31", 
        "operating_revenue": 419162, 
        "short_term_average": 332454
    }, 
    {
        "accumulated_operating_revenue_yoy": -4.531587119662311, 
        "accumulated_operating_revenue": 3005338, 
        "long_term_average": 412209, 
        "date": "2013-08-31", 
        "operating_revenue": 302210, 
        "short_term_average": 319111
    }, 
    {
        "accumulated_operating_revenue_yoy": -5.315267683803578, 
        "accumulated_operating_revenue": 3384733, 
        "long_term_average": 408263, 
        "date": "2013-09-30", 
        "operating_revenue": 379395, 
        "short_term_average": 366922
    }, 
    {
        "accumulated_operating_revenue_yoy": -2.2914379629715866, 
        "accumulated_operating_revenue": 3881542, 
        "long_term_average": 416511, 
        "date": "2013-10-31", 
        "operating_revenue": 496809, 
        "short_term_average": 392804
    }, 
    {
        "accumulated_operating_revenue_yoy": -5.7675732565224616, 
        "accumulated_operating_revenue": 4252945, 
        "long_term_average": 402405, 
        "date": "2013-11-30", 
        "operating_revenue": 371403, 
        "short_term_average": 415869
    }, 
    {
        "accumulated_operating_revenue_yoy": -6.536158078522478, 
        "accumulated_operating_revenue": 4756531, 
        "long_term_average": 396377, 
        "date": "2013-12-31", 
        "operating_revenue": 503586, 
        "short_term_average": 457266
    }, 
    {
        "accumulated_operating_revenue_yoy": -0.8492228431508998, 
        "accumulated_operating_revenue": 420317, 
        "long_term_average": 396077, 
        "date": "2014-01-31", 
        "operating_revenue": 420317, 
        "short_term_average": 431768
    }, 
    {
        "accumulated_operating_revenue_yoy": -7.670266199379718, 
        "accumulated_operating_revenue": 778492, 
        "long_term_average": 390988, 
        "date": "2014-02-28", 
        "operating_revenue": 358175, 
        "short_term_average": 427359
    }, 
    {
        "accumulated_operating_revenue_yoy": -9.07383835670828, 
        "accumulated_operating_revenue": 1167942, 
        "long_term_average": 386664, 
        "date": "2014-03-31", 
        "operating_revenue": 389450, 
        "short_term_average": 389314
    }, 
    {
        "accumulated_operating_revenue_yoy": -11.422265083408325, 
        "accumulated_operating_revenue": 1510928, 
        "long_term_average": 380141, 
        "date": "2014-04-30", 
        "operating_revenue": 342986, 
        "short_term_average": 363537
    }, 
    {
        "accumulated_operating_revenue_yoy": -15.310768587741327, 
        "accumulated_operating_revenue": 1734438, 
        "long_term_average": 370247, 
        "date": "2014-05-31", 
        "operating_revenue": 223510, 
        "short_term_average": 318648
    }, 
    {
        "accumulated_operating_revenue_yoy": -14.484278662642089, 
        "accumulated_operating_revenue": 1953150, 
        "long_term_average": 368809, 
        "date": "2014-06-30", 
        "operating_revenue": 218712, 
        "short_term_average": 261736
    }, 
    {
        "accumulated_operating_revenue_yoy": -19.44103275908503, 
        "accumulated_operating_revenue": 2177612, 
        "long_term_average": 352584, 
        "date": "2014-07-31", 
        "operating_revenue": 224462, 
        "short_term_average": 222228
    }, 
    {
        "accumulated_operating_revenue_yoy": -15.164916558470296, 
        "accumulated_operating_revenue": 2549581, 
        "long_term_average": 358397, 
        "date": "2014-08-31", 
        "operating_revenue": 371969, 
        "short_term_average": 271714
    }, 
    {
        "accumulated_operating_revenue_yoy": -14.590870239986433, 
        "accumulated_operating_revenue": 2890871, 
        "long_term_average": 355222, 
        "date": "2014-09-30", 
        "operating_revenue": 341290, 
        "short_term_average": 312573
    }, 
    {
        "accumulated_operating_revenue_yoy": -17.286016742830558, 
        "accumulated_operating_revenue": 3210578, 
        "long_term_average": 340463, 
        "date": "2014-10-31", 
        "operating_revenue": 319707, 
        "short_term_average": 344322
    }, 
    {
        "accumulated_operating_revenue_yoy": -12.511189305293154, 
        "accumulated_operating_revenue": 3720851, 
        "long_term_average": 352036, 
        "date": "2014-11-30", 
        "operating_revenue": 510273, 
        "short_term_average": 390423
    }, 
    {
        "accumulated_operating_revenue_yoy": -7.535554798234259, 
        "accumulated_operating_revenue": 4398100, 
        "long_term_average": 366508, 
        "date": "2014-12-31", 
        "operating_revenue": 677249, 
        "short_term_average": 502409
    }, 
    {
        "accumulated_operating_revenue_yoy": 15.869926745765694, 
        "accumulated_operating_revenue": 487021, 
        "long_term_average": 372067, 
        "date": "2015-01-31", 
        "operating_revenue": 487021, 
        "short_term_average": 558181
    }, 
    {
        "accumulated_operating_revenue_yoy": 21.778386932685244, 
        "accumulated_operating_revenue": 948035, 
        "long_term_average": 380636, 
        "date": "2015-02-28", 
        "operating_revenue": 461014, 
        "short_term_average": 541761
    }, 
    {
        "accumulated_operating_revenue_yoy": 27.59443534011107, 
        "accumulated_operating_revenue": 1490229, 
        "long_term_average": 393365, 
        "date": "2015-03-31", 
        "operating_revenue": 542194, 
        "short_term_average": 496743
    }, 
    {
        "accumulated_operating_revenue_yoy": 32.09338896360382, 
        "accumulated_operating_revenue": 1995836, 
        "long_term_average": 406917, 
        "date": "2015-04-30", 
        "operating_revenue": 505607, 
        "short_term_average": 502938
    }, 
    {
        "accumulated_operating_revenue_yoy": 34.81473537826085, 
        "accumulated_operating_revenue": 2338278, 
        "long_term_average": 416828, 
        "date": "2015-05-31", 
        "operating_revenue": 342442, 
        "short_term_average": 463414
    }, 
    {
        "accumulated_operating_revenue_yoy": 41.00125438394389, 
        "accumulated_operating_revenue": 2753966, 
        "long_term_average": 433243, 
        "date": "2015-06-30", 
        "operating_revenue": 415688, 
        "short_term_average": 421245
    }, 
    {
        "accumulated_operating_revenue_yoy": 50.04413091037338, 
        "accumulated_operating_revenue": 3267379, 
        "long_term_average": 457322, 
        "date": "2015-07-31", 
        "operating_revenue": 513413, 
        "short_term_average": 423847
    }, 
    {
        "accumulated_operating_revenue_yoy": 47.9392104035918, 
        "accumulated_operating_revenue": 3771830, 
        "long_term_average": 468362, 
        "date": "2015-08-31", 
        "operating_revenue": 504451, 
        "short_term_average": 477850
    }
]