[
    {
        "date": "2011-09-30", 
        "operating_revenue": 67513, 
        "accumulated_operating_revenue": 67513, 
        "long_term_average": 67513, 
        "short_term_average": 67513
    }, 
    {
        "date": "2011-10-31", 
        "operating_revenue": 60492, 
        "accumulated_operating_revenue": 128005, 
        "long_term_average": 64002, 
        "short_term_average": 64002
    }, 
    {
        "date": "2011-11-30", 
        "operating_revenue": 57703, 
        "accumulated_operating_revenue": 185708, 
        "long_term_average": 61902, 
        "short_term_average": 61902
    }, 
    {
        "date": "2011-12-31", 
        "operating_revenue": 44982, 
        "accumulated_operating_revenue": 230690, 
        "long_term_average": 57672, 
        "short_term_average": 54392
    }, 
    {
        "date": "2012-01-31", 
        "operating_revenue": 56309, 
        "accumulated_operating_revenue": 56309, 
        "long_term_average": 57399, 
        "short_term_average": 52998
    }, 
    {
        "date": "2012-02-29", 
        "operating_revenue": 50142, 
        "accumulated_operating_revenue": 106451, 
        "long_term_average": 56190, 
        "short_term_average": 50477
    }, 
    {
        "date": "2012-03-31", 
        "operating_revenue": 39713, 
        "accumulated_operating_revenue": 146164, 
        "long_term_average": 53836, 
        "short_term_average": 48721
    }, 
    {
        "date": "2012-04-30", 
        "operating_revenue": 61075, 
        "accumulated_operating_revenue": 207239, 
        "long_term_average": 54741, 
        "short_term_average": 50310
    }, 
    {
        "date": "2012-05-31", 
        "operating_revenue": 51127, 
        "accumulated_operating_revenue": 258366, 
        "long_term_average": 54339, 
        "short_term_average": 50638
    }, 
    {
        "date": "2012-06-30", 
        "operating_revenue": 31298, 
        "accumulated_operating_revenue": 289664, 
        "long_term_average": 52035, 
        "short_term_average": 47833
    }, 
    {
        "date": "2012-07-31", 
        "operating_revenue": 58544, 
        "accumulated_operating_revenue": 348208, 
        "long_term_average": 52627, 
        "short_term_average": 46989
    }, 
    {
        "date": "2012-08-31", 
        "operating_revenue": 78263, 
        "accumulated_operating_revenue": 426471, 
        "long_term_average": 54763, 
        "short_term_average": 56035
    }, 
    {
        "accumulated_operating_revenue_yoy": 595.6067720290907, 
        "accumulated_operating_revenue": 469625, 
        "long_term_average": 52733, 
        "date": "2012-09-30", 
        "operating_revenue": 43154, 
        "short_term_average": 59987
    }, 
    {
        "accumulated_operating_revenue_yoy": 312.154993945549, 
        "accumulated_operating_revenue": 527579, 
        "long_term_average": 52522, 
        "date": "2012-10-31", 
        "operating_revenue": 57954, 
        "short_term_average": 59790
    }, 
    {
        "accumulated_operating_revenue_yoy": 217.09619402502852, 
        "accumulated_operating_revenue": 588873, 
        "long_term_average": 52821, 
        "date": "2012-11-30", 
        "operating_revenue": 61294, 
        "short_term_average": 54134
    }, 
    {
        "accumulated_operating_revenue_yoy": 184.22385018856474, 
        "accumulated_operating_revenue": 655676, 
        "long_term_average": 54639, 
        "date": "2012-12-31", 
        "operating_revenue": 66803, 
        "short_term_average": 62017
    }, 
    {
        "accumulated_operating_revenue_yoy": -3.095419915111261, 
        "accumulated_operating_revenue": 54566, 
        "long_term_average": 54494, 
        "date": "2013-01-31", 
        "operating_revenue": 54566, 
        "short_term_average": 60887
    }, 
    {
        "accumulated_operating_revenue_yoy": -5.5170923711378945, 
        "accumulated_operating_revenue": 100578, 
        "long_term_average": 54150, 
        "date": "2013-02-28", 
        "operating_revenue": 46012, 
        "short_term_average": 55793
    }, 
    {
        "accumulated_operating_revenue_yoy": 4.164500150515859, 
        "accumulated_operating_revenue": 152251, 
        "long_term_average": 55146, 
        "date": "2013-03-31", 
        "operating_revenue": 51673, 
        "short_term_average": 50750
    }, 
    {
        "accumulated_operating_revenue_yoy": -2.211938872509518, 
        "accumulated_operating_revenue": 202655, 
        "long_term_average": 54257, 
        "date": "2013-04-30", 
        "operating_revenue": 50404, 
        "short_term_average": 49363
    }, 
    {
        "accumulated_operating_revenue_yoy": -0.918851551674756, 
        "accumulated_operating_revenue": 255992, 
        "long_term_average": 54441, 
        "date": "2013-05-31", 
        "operating_revenue": 53337, 
        "short_term_average": 51804
    }, 
    {
        "accumulated_operating_revenue_yoy": 7.988220835174547, 
        "accumulated_operating_revenue": 312803, 
        "long_term_average": 56567, 
        "date": "2013-06-30", 
        "operating_revenue": 56811, 
        "short_term_average": 53517
    }, 
    {
        "accumulated_operating_revenue_yoy": 5.594070210908423, 
        "accumulated_operating_revenue": 367687, 
        "long_term_average": 56262, 
        "date": "2013-07-31", 
        "operating_revenue": 54884, 
        "short_term_average": 55010
    }, 
    {
        "accumulated_operating_revenue_yoy": 3.443141503173721, 
        "accumulated_operating_revenue": 441155, 
        "long_term_average": 55863, 
        "date": "2013-08-31", 
        "operating_revenue": 73468, 
        "short_term_average": 61721
    }, 
    {
        "accumulated_operating_revenue_yoy": 6.76475911631621, 
        "accumulated_operating_revenue": 501394, 
        "long_term_average": 57287, 
        "date": "2013-09-30", 
        "operating_revenue": 60239, 
        "short_term_average": 62863
    }, 
    {
        "accumulated_operating_revenue_yoy": 2.78062621901175, 
        "accumulated_operating_revenue": 542249, 
        "long_term_average": 55862, 
        "date": "2013-10-31", 
        "operating_revenue": 40855, 
        "short_term_average": 58187
    }, 
    {
        "accumulated_operating_revenue_yoy": 0.9974986117549964, 
        "accumulated_operating_revenue": 594747, 
        "long_term_average": 55129, 
        "date": "2013-11-30", 
        "operating_revenue": 52498, 
        "short_term_average": 51197
    }, 
    {
        "accumulated_operating_revenue_yoy": 0.6160054661143614, 
        "accumulated_operating_revenue": 659715, 
        "long_term_average": 54976, 
        "date": "2013-12-31", 
        "operating_revenue": 64968, 
        "short_term_average": 52773
    }, 
    {
        "accumulated_operating_revenue_yoy": -12.846827694901586, 
        "accumulated_operating_revenue": 47556, 
        "long_term_average": 54392, 
        "date": "2014-01-31", 
        "operating_revenue": 47556, 
        "short_term_average": 55007
    }, 
    {
        "accumulated_operating_revenue_yoy": 11.540297082861063, 
        "accumulated_operating_revenue": 112185, 
        "long_term_average": 55943, 
        "date": "2014-02-28", 
        "operating_revenue": 64629, 
        "short_term_average": 59051
    }, 
    {
        "accumulated_operating_revenue_yoy": 14.544403649237115, 
        "accumulated_operating_revenue": 174395, 
        "long_term_average": 56821, 
        "date": "2014-03-31", 
        "operating_revenue": 62210, 
        "short_term_average": 58131
    }, 
    {
        "accumulated_operating_revenue_yoy": 11.224988280575362, 
        "accumulated_operating_revenue": 225403, 
        "long_term_average": 56871, 
        "date": "2014-04-30", 
        "operating_revenue": 51008, 
        "short_term_average": 59282
    }, 
    {
        "accumulated_operating_revenue_yoy": 8.445185787055845, 
        "accumulated_operating_revenue": 277611, 
        "long_term_average": 56777, 
        "date": "2014-05-31", 
        "operating_revenue": 52208, 
        "short_term_average": 55142
    }, 
    {
        "accumulated_operating_revenue_yoy": 6.78606023599518, 
        "accumulated_operating_revenue": 334030, 
        "long_term_average": 56745, 
        "date": "2014-06-30", 
        "operating_revenue": 56419, 
        "short_term_average": 53211
    }, 
    {
        "accumulated_operating_revenue_yoy": 7.2703141530704105, 
        "accumulated_operating_revenue": 394419, 
        "long_term_average": 57203, 
        "date": "2014-07-31", 
        "operating_revenue": 60389, 
        "short_term_average": 56338
    }, 
    {
        "accumulated_operating_revenue_yoy": 3.173714454103433, 
        "accumulated_operating_revenue": 455156, 
        "long_term_average": 56143, 
        "date": "2014-08-31", 
        "operating_revenue": 60737, 
        "short_term_average": 59181
    }, 
    {
        "accumulated_operating_revenue_yoy": 2.528949289381205, 
        "accumulated_operating_revenue": 514074, 
        "long_term_average": 56032, 
        "date": "2014-09-30", 
        "operating_revenue": 58918, 
        "short_term_average": 60014
    }, 
    {
        "accumulated_operating_revenue_yoy": 4.12485776829464, 
        "accumulated_operating_revenue": 564616, 
        "long_term_average": 56840, 
        "date": "2014-10-31", 
        "operating_revenue": 50542, 
        "short_term_average": 56732
    }, 
    {
        "accumulated_operating_revenue_yoy": 4.08493023083765, 
        "accumulated_operating_revenue": 619042, 
        "long_term_average": 57000, 
        "date": "2014-11-30", 
        "operating_revenue": 54426, 
        "short_term_average": 54628
    }, 
    {
        "accumulated_operating_revenue_yoy": 4.398262886246334, 
        "accumulated_operating_revenue": 688731, 
        "long_term_average": 57394, 
        "date": "2014-12-31", 
        "operating_revenue": 69689, 
        "short_term_average": 58219
    }, 
    {
        "accumulated_operating_revenue_yoy": 16.10732609975608, 
        "accumulated_operating_revenue": 55216, 
        "long_term_average": 58032, 
        "date": "2015-01-31", 
        "operating_revenue": 55216, 
        "short_term_average": 59777
    }, 
    {
        "accumulated_operating_revenue_yoy": -5.867985916120694, 
        "accumulated_operating_revenue": 105602, 
        "long_term_average": 56845, 
        "date": "2015-02-28", 
        "operating_revenue": 50386, 
        "short_term_average": 58430
    }, 
    {
        "accumulated_operating_revenue_yoy": 0.7024283953094986, 
        "accumulated_operating_revenue": 175620, 
        "long_term_average": 57496, 
        "date": "2015-03-31", 
        "operating_revenue": 70018, 
        "short_term_average": 58540
    }, 
    {
        "accumulated_operating_revenue_yoy": 1.086498405078903, 
        "accumulated_operating_revenue": 227852, 
        "long_term_average": 57598, 
        "date": "2015-04-30", 
        "operating_revenue": 52232, 
        "short_term_average": 57545
    }, 
    {
        "accumulated_operating_revenue_yoy": 0.16281775578057064, 
        "accumulated_operating_revenue": 278063, 
        "long_term_average": 57431, 
        "date": "2015-05-31", 
        "operating_revenue": 50211, 
        "short_term_average": 57487
    }, 
    {
        "accumulated_operating_revenue_yoy": 0.21614825015717154, 
        "accumulated_operating_revenue": 334752, 
        "long_term_average": 57454, 
        "date": "2015-06-30", 
        "operating_revenue": 56689, 
        "short_term_average": 53044
    }, 
    {
        "accumulated_operating_revenue_yoy": -0.0005070749634272183, 
        "accumulated_operating_revenue": 394417, 
        "long_term_average": 57394, 
        "date": "2015-07-31", 
        "operating_revenue": 59665, 
        "short_term_average": 55521
    }, 
    {
        "accumulated_operating_revenue_yoy": -2.2089129880744185, 
        "accumulated_operating_revenue": 445102, 
        "long_term_average": 56556, 
        "date": "2015-08-31", 
        "operating_revenue": 50685, 
        "short_term_average": 55679
    }, 
    {
        "accumulated_operating_revenue_yoy": -3.087493240272801, 
        "accumulated_operating_revenue": 498202, 
        "long_term_average": 56071, 
        "date": "2015-09-30", 
        "operating_revenue": 53100, 
        "short_term_average": 54483
    }
]