[
    {
        "date": "2011-09-30", 
        "operating_revenue": 78141, 
        "accumulated_operating_revenue": 78141, 
        "long_term_average": 78141, 
        "short_term_average": 78141
    }, 
    {
        "date": "2011-10-31", 
        "operating_revenue": 99944, 
        "accumulated_operating_revenue": 178085, 
        "long_term_average": 89042, 
        "short_term_average": 89042
    }, 
    {
        "date": "2011-11-30", 
        "operating_revenue": 121359, 
        "accumulated_operating_revenue": 299444, 
        "long_term_average": 99814, 
        "short_term_average": 99814
    }, 
    {
        "date": "2011-12-31", 
        "operating_revenue": 67924, 
        "accumulated_operating_revenue": 367368, 
        "long_term_average": 91842, 
        "short_term_average": 96409
    }, 
    {
        "date": "2012-01-31", 
        "operating_revenue": 100947, 
        "accumulated_operating_revenue": 100947, 
        "long_term_average": 93663, 
        "short_term_average": 96743
    }, 
    {
        "date": "2012-02-29", 
        "operating_revenue": 100701, 
        "accumulated_operating_revenue": 201648, 
        "long_term_average": 94836, 
        "short_term_average": 89857
    }, 
    {
        "date": "2012-03-31", 
        "operating_revenue": 97530, 
        "accumulated_operating_revenue": 299178, 
        "long_term_average": 95220, 
        "short_term_average": 99726
    }, 
    {
        "date": "2012-04-30", 
        "operating_revenue": 90557, 
        "accumulated_operating_revenue": 389735, 
        "long_term_average": 94637, 
        "short_term_average": 96262
    }, 
    {
        "date": "2012-05-31", 
        "operating_revenue": 62101, 
        "accumulated_operating_revenue": 451836, 
        "long_term_average": 91022, 
        "short_term_average": 83396
    }, 
    {
        "date": "2012-06-30", 
        "operating_revenue": 62825, 
        "accumulated_operating_revenue": 514661, 
        "long_term_average": 88202, 
        "short_term_average": 71827
    }, 
    {
        "date": "2012-07-31", 
        "operating_revenue": 51221, 
        "accumulated_operating_revenue": 565882, 
        "long_term_average": 84840, 
        "short_term_average": 58715
    }, 
    {
        "date": "2012-08-31", 
        "operating_revenue": 71007, 
        "accumulated_operating_revenue": 636889, 
        "long_term_average": 83688, 
        "short_term_average": 61684
    }, 
    {
        "accumulated_operating_revenue_yoy": 806.3871719071933, 
        "accumulated_operating_revenue": 708260, 
        "long_term_average": 83123, 
        "date": "2012-09-30", 
        "operating_revenue": 71371, 
        "short_term_average": 64533
    }, 
    {
        "accumulated_operating_revenue_yoy": 339.74731167700816, 
        "accumulated_operating_revenue": 783124, 
        "long_term_average": 81033, 
        "date": "2012-10-31", 
        "operating_revenue": 74864, 
        "short_term_average": 72414
    }, 
    {
        "accumulated_operating_revenue_yoy": 184.44583962276752, 
        "accumulated_operating_revenue": 851756, 
        "long_term_average": 76640, 
        "date": "2012-11-30", 
        "operating_revenue": 68632, 
        "short_term_average": 71622
    }, 
    {
        "accumulated_operating_revenue_yoy": 151.5611049410945, 
        "accumulated_operating_revenue": 924155, 
        "long_term_average": 77012, 
        "date": "2012-12-31", 
        "operating_revenue": 72399, 
        "short_term_average": 71965
    }, 
    {
        "accumulated_operating_revenue_yoy": -6.480628448591835, 
        "accumulated_operating_revenue": 94405, 
        "long_term_average": 76467, 
        "date": "2013-01-31", 
        "operating_revenue": 94405, 
        "short_term_average": 78478
    }, 
    {
        "accumulated_operating_revenue_yoy": -11.835971594064905, 
        "accumulated_operating_revenue": 177781, 
        "long_term_average": 75024, 
        "date": "2013-02-28", 
        "operating_revenue": 83376, 
        "short_term_average": 83393
    }, 
    {
        "accumulated_operating_revenue_yoy": -13.853291351636818, 
        "accumulated_operating_revenue": 257732, 
        "long_term_average": 73559, 
        "date": "2013-03-31", 
        "operating_revenue": 79951, 
        "short_term_average": 85910
    }, 
    {
        "accumulated_operating_revenue_yoy": -11.141673188191977, 
        "accumulated_operating_revenue": 346312, 
        "long_term_average": 73394, 
        "date": "2013-04-30", 
        "operating_revenue": 88580, 
        "short_term_average": 83969
    }, 
    {
        "accumulated_operating_revenue_yoy": -4.273895838313016, 
        "accumulated_operating_revenue": 432525, 
        "long_term_average": 75403, 
        "date": "2013-05-31", 
        "operating_revenue": 86213, 
        "short_term_average": 84914
    }, 
    {
        "accumulated_operating_revenue_yoy": -5.237428132304565, 
        "accumulated_operating_revenue": 487706, 
        "long_term_average": 74766, 
        "date": "2013-06-30", 
        "operating_revenue": 55181, 
        "short_term_average": 76658
    }, 
    {
        "accumulated_operating_revenue_yoy": -2.74474183663732, 
        "accumulated_operating_revenue": 550350, 
        "long_term_average": 75718, 
        "date": "2013-07-31", 
        "operating_revenue": 62644, 
        "short_term_average": 68012
    }, 
    {
        "accumulated_operating_revenue_yoy": -3.749475968339852, 
        "accumulated_operating_revenue": 613009, 
        "long_term_average": 75022, 
        "date": "2013-08-31", 
        "operating_revenue": 62659, 
        "short_term_average": 60161
    }, 
    {
        "accumulated_operating_revenue_yoy": -3.1262530709061647, 
        "accumulated_operating_revenue": 686118, 
        "long_term_average": 75167, 
        "date": "2013-09-30", 
        "operating_revenue": 73109, 
        "short_term_average": 66137
    }, 
    {
        "accumulated_operating_revenue_yoy": -4.06525658771791, 
        "accumulated_operating_revenue": 751288, 
        "long_term_average": 74359, 
        "date": "2013-10-31", 
        "operating_revenue": 65170, 
        "short_term_average": 66979
    }, 
    {
        "accumulated_operating_revenue_yoy": -3.322195558352392, 
        "accumulated_operating_revenue": 823459, 
        "long_term_average": 74654, 
        "date": "2013-11-30", 
        "operating_revenue": 72171, 
        "short_term_average": 70150
    }, 
    {
        "accumulated_operating_revenue_yoy": -3.4759320676726304, 
        "accumulated_operating_revenue": 892032, 
        "long_term_average": 74336, 
        "date": "2013-12-31", 
        "operating_revenue": 68573, 
        "short_term_average": 68638
    }, 
    {
        "accumulated_operating_revenue_yoy": -36.519252158254325, 
        "accumulated_operating_revenue": 59929, 
        "long_term_average": 71463, 
        "date": "2014-01-31", 
        "operating_revenue": 59929, 
        "short_term_average": 66891
    }, 
    {
        "accumulated_operating_revenue_yoy": -35.9678480827535, 
        "accumulated_operating_revenue": 113837, 
        "long_term_average": 69007, 
        "date": "2014-02-28", 
        "operating_revenue": 53908, 
        "short_term_average": 60803
    }, 
    {
        "accumulated_operating_revenue_yoy": -37.97859792342433, 
        "accumulated_operating_revenue": 159849, 
        "long_term_average": 66179, 
        "date": "2014-03-31", 
        "operating_revenue": 46012, 
        "short_term_average": 53283
    }, 
    {
        "accumulated_operating_revenue_yoy": -39.78811014345446, 
        "accumulated_operating_revenue": 208521, 
        "long_term_average": 62853, 
        "date": "2014-04-30", 
        "operating_revenue": 48672, 
        "short_term_average": 49530
    }, 
    {
        "accumulated_operating_revenue_yoy": -41.25125715276574, 
        "accumulated_operating_revenue": 254103, 
        "long_term_average": 59467, 
        "date": "2014-05-31", 
        "operating_revenue": 45582, 
        "short_term_average": 46755
    }, 
    {
        "accumulated_operating_revenue_yoy": -38.529359901251986, 
        "accumulated_operating_revenue": 299796, 
        "long_term_average": 58676, 
        "date": "2014-06-30", 
        "operating_revenue": 45693, 
        "short_term_average": 46649
    }, 
    {
        "accumulated_operating_revenue_yoy": -33.39184155537385, 
        "accumulated_operating_revenue": 366578, 
        "long_term_average": 59021, 
        "date": "2014-07-31", 
        "operating_revenue": 66782, 
        "short_term_average": 52685
    }, 
    {
        "accumulated_operating_revenue_yoy": -27.92096037741697, 
        "accumulated_operating_revenue": 441851, 
        "long_term_average": 60072, 
        "date": "2014-08-31", 
        "operating_revenue": 75273, 
        "short_term_average": 62582
    }, 
    {
        "accumulated_operating_revenue_yoy": -22.891980679708155, 
        "accumulated_operating_revenue": 529052, 
        "long_term_average": 61247, 
        "date": "2014-09-30", 
        "operating_revenue": 87201, 
        "short_term_average": 76418
    }, 
    {
        "accumulated_operating_revenue_yoy": -20.331484064699556, 
        "accumulated_operating_revenue": 598540, 
        "long_term_average": 61607, 
        "date": "2014-10-31", 
        "operating_revenue": 69488, 
        "short_term_average": 77320
    }, 
    {
        "accumulated_operating_revenue_yoy": -18.98868067505486, 
        "accumulated_operating_revenue": 667095, 
        "long_term_average": 61305, 
        "date": "2014-11-30", 
        "operating_revenue": 68555, 
        "short_term_average": 75081
    }, 
    {
        "accumulated_operating_revenue_yoy": -16.819127564930405, 
        "accumulated_operating_revenue": 742000, 
        "long_term_average": 61833, 
        "date": "2014-12-31", 
        "operating_revenue": 74905, 
        "short_term_average": 70982
    }, 
    {
        "accumulated_operating_revenue_yoy": 40.336064342805656, 
        "accumulated_operating_revenue": 84102, 
        "long_term_average": 63847, 
        "date": "2015-01-31", 
        "operating_revenue": 84102, 
        "short_term_average": 75854
    }, 
    {
        "accumulated_operating_revenue_yoy": 16.096699667067828, 
        "accumulated_operating_revenue": 132161, 
        "long_term_average": 63360, 
        "date": "2015-02-28", 
        "operating_revenue": 48059, 
        "short_term_average": 69022
    }, 
    {
        "accumulated_operating_revenue_yoy": 22.337956446396287, 
        "accumulated_operating_revenue": 195556, 
        "long_term_average": 64808, 
        "date": "2015-03-31", 
        "operating_revenue": 63395, 
        "short_term_average": 65185
    }, 
    {
        "accumulated_operating_revenue_yoy": 15.718800504505543, 
        "accumulated_operating_revenue": 241298, 
        "long_term_average": 64564, 
        "date": "2015-04-30", 
        "operating_revenue": 45742, 
        "short_term_average": 52398
    }, 
    {
        "accumulated_operating_revenue_yoy": 13.13876656316533, 
        "accumulated_operating_revenue": 287489, 
        "long_term_average": 64615, 
        "date": "2015-05-31", 
        "operating_revenue": 46191, 
        "short_term_average": 51776
    }, 
    {
        "accumulated_operating_revenue_yoy": 16.249382913714662, 
        "accumulated_operating_revenue": 348511, 
        "long_term_average": 65892, 
        "date": "2015-06-30", 
        "operating_revenue": 61022, 
        "short_term_average": 50985
    }, 
    {
        "accumulated_operating_revenue_yoy": 14.277725340855152, 
        "accumulated_operating_revenue": 418917, 
        "long_term_average": 66194, 
        "date": "2015-07-31", 
        "operating_revenue": 70406, 
        "short_term_average": 59206
    }, 
    {
        "accumulated_operating_revenue_yoy": 10.458502979511193, 
        "accumulated_operating_revenue": 488062, 
        "long_term_average": 65684, 
        "date": "2015-08-31", 
        "operating_revenue": 69145, 
        "short_term_average": 66857
    }
]