[
    {
        "date": "2012-01-31", 
        "operating_revenue": 15675, 
        "accumulated_operating_revenue": 15675, 
        "long_term_average": 15675, 
        "short_term_average": 15675
    }, 
    {
        "date": "2012-02-29", 
        "operating_revenue": 26137, 
        "accumulated_operating_revenue": 41812, 
        "long_term_average": 20906, 
        "short_term_average": 20906
    }, 
    {
        "date": "2012-03-31", 
        "operating_revenue": 35531, 
        "accumulated_operating_revenue": 77343, 
        "long_term_average": 25781, 
        "short_term_average": 25781
    }, 
    {
        "date": "2012-04-30", 
        "operating_revenue": 33316, 
        "accumulated_operating_revenue": 110659, 
        "long_term_average": 27664, 
        "short_term_average": 31661
    }, 
    {
        "date": "2012-05-31", 
        "operating_revenue": 51531, 
        "accumulated_operating_revenue": 162190, 
        "long_term_average": 32438, 
        "short_term_average": 40126
    }, 
    {
        "date": "2012-06-30", 
        "operating_revenue": 15573, 
        "accumulated_operating_revenue": 177763, 
        "long_term_average": 29627, 
        "short_term_average": 33473
    }, 
    {
        "date": "2012-07-31", 
        "operating_revenue": 44354, 
        "accumulated_operating_revenue": 222117, 
        "long_term_average": 31731, 
        "short_term_average": 37152
    }, 
    {
        "date": "2012-08-31", 
        "operating_revenue": 56438, 
        "accumulated_operating_revenue": 278555, 
        "long_term_average": 34819, 
        "short_term_average": 38788
    }, 
    {
        "date": "2012-09-30", 
        "operating_revenue": 41904, 
        "accumulated_operating_revenue": 320459, 
        "long_term_average": 35606, 
        "short_term_average": 47565
    }, 
    {
        "date": "2012-10-31", 
        "operating_revenue": 17846, 
        "accumulated_operating_revenue": 338305, 
        "long_term_average": 33830, 
        "short_term_average": 38729
    }, 
    {
        "date": "2012-11-30", 
        "operating_revenue": 26445, 
        "accumulated_operating_revenue": 364750, 
        "long_term_average": 33159, 
        "short_term_average": 28731
    }, 
    {
        "date": "2012-12-31", 
        "operating_revenue": 53161, 
        "accumulated_operating_revenue": 417911, 
        "long_term_average": 34825, 
        "short_term_average": 32484
    }, 
    {
        "accumulated_operating_revenue_yoy": 188.39553429027114, 
        "accumulated_operating_revenue": 45206, 
        "long_term_average": 37286, 
        "date": "2013-01-31", 
        "operating_revenue": 45206, 
        "short_term_average": 41604
    }, 
    {
        "accumulated_operating_revenue_yoy": 49.210752893906054, 
        "accumulated_operating_revenue": 62388, 
        "long_term_average": 36540, 
        "date": "2013-02-28", 
        "operating_revenue": 17182, 
        "short_term_average": 38516
    }, 
    {
        "accumulated_operating_revenue_yoy": 27.478892724616323, 
        "accumulated_operating_revenue": 98596, 
        "long_term_average": 36597, 
        "date": "2013-03-31", 
        "operating_revenue": 36208, 
        "short_term_average": 32865
    }, 
    {
        "accumulated_operating_revenue_yoy": 45.40977236374809, 
        "accumulated_operating_revenue": 160909, 
        "long_term_average": 39013, 
        "date": "2013-04-30", 
        "operating_revenue": 62313, 
        "short_term_average": 38567
    }, 
    {
        "accumulated_operating_revenue_yoy": 31.820087551636966, 
        "accumulated_operating_revenue": 213799, 
        "long_term_average": 39126, 
        "date": "2013-05-31", 
        "operating_revenue": 52890, 
        "short_term_average": 50470
    }, 
    {
        "accumulated_operating_revenue_yoy": 38.215489162536635, 
        "accumulated_operating_revenue": 245696, 
        "long_term_average": 40487, 
        "date": "2013-06-30", 
        "operating_revenue": 31897, 
        "short_term_average": 49033
    }, 
    {
        "accumulated_operating_revenue_yoy": 26.233471548778347, 
        "accumulated_operating_revenue": 280386, 
        "long_term_average": 39681, 
        "date": "2013-07-31", 
        "operating_revenue": 34690, 
        "short_term_average": 39825
    }, 
    {
        "accumulated_operating_revenue_yoy": 8.00954928111145, 
        "accumulated_operating_revenue": 300866, 
        "long_term_average": 36685, 
        "date": "2013-08-31", 
        "operating_revenue": 20480, 
        "short_term_average": 29022
    }, 
    {
        "accumulated_operating_revenue_yoy": 8.102128509419302, 
        "accumulated_operating_revenue": 346423, 
        "long_term_average": 36989, 
        "date": "2013-09-30", 
        "operating_revenue": 45557, 
        "short_term_average": 33575
    }, 
    {
        "accumulated_operating_revenue_yoy": 9.293684692806787, 
        "accumulated_operating_revenue": 369746, 
        "long_term_average": 37446, 
        "date": "2013-10-31", 
        "operating_revenue": 23323, 
        "short_term_average": 29786
    }, 
    {
        "accumulated_operating_revenue_yoy": 7.101028101439343, 
        "accumulated_operating_revenue": 390651, 
        "long_term_average": 36984, 
        "date": "2013-11-30", 
        "operating_revenue": 20905, 
        "short_term_average": 29928
    }, 
    {
        "accumulated_operating_revenue_yoy": 0.7085240637360587, 
        "accumulated_operating_revenue": 420872, 
        "long_term_average": 35072, 
        "date": "2013-12-31", 
        "operating_revenue": 30221, 
        "short_term_average": 24816
    }, 
    {
        "accumulated_operating_revenue_yoy": -40.649471309118255, 
        "accumulated_operating_revenue": 26830, 
        "long_term_average": 33541, 
        "date": "2014-01-31", 
        "operating_revenue": 26830, 
        "short_term_average": 25985
    }, 
    {
        "accumulated_operating_revenue_yoy": 7.791562479964095, 
        "accumulated_operating_revenue": 67249, 
        "long_term_average": 35477, 
        "date": "2014-02-28", 
        "operating_revenue": 40419, 
        "short_term_average": 32490
    }, 
    {
        "accumulated_operating_revenue_yoy": 11.49032415108118, 
        "accumulated_operating_revenue": 109925, 
        "long_term_average": 36016, 
        "date": "2014-03-31", 
        "operating_revenue": 42676, 
        "short_term_average": 36641
    }, 
    {
        "accumulated_operating_revenue_yoy": -6.560229695045025, 
        "accumulated_operating_revenue": 150353, 
        "long_term_average": 34193, 
        "date": "2014-04-30", 
        "operating_revenue": 40428, 
        "short_term_average": 41174
    }, 
    {
        "accumulated_operating_revenue_yoy": 7.551485273551327, 
        "accumulated_operating_revenue": 229944, 
        "long_term_average": 36418, 
        "date": "2014-05-31", 
        "operating_revenue": 79591, 
        "short_term_average": 54231
    }, 
    {
        "accumulated_operating_revenue_yoy": 20.48751302422506, 
        "accumulated_operating_revenue": 296033, 
        "long_term_average": 39267, 
        "date": "2014-06-30", 
        "operating_revenue": 66089, 
        "short_term_average": 62036
    }, 
    {
        "accumulated_operating_revenue_yoy": 21.34700020685769, 
        "accumulated_operating_revenue": 340240, 
        "long_term_average": 40060, 
        "date": "2014-07-31", 
        "operating_revenue": 44207, 
        "short_term_average": 63295
    }, 
    {
        "accumulated_operating_revenue_yoy": 23.168453730232063, 
        "accumulated_operating_revenue": 370572, 
        "long_term_average": 40881, 
        "date": "2014-08-31", 
        "operating_revenue": 30332, 
        "short_term_average": 46876
    }, 
    {
        "accumulated_operating_revenue_yoy": 13.898037947826788, 
        "accumulated_operating_revenue": 394569, 
        "long_term_average": 39084, 
        "date": "2014-09-30", 
        "operating_revenue": 23997, 
        "short_term_average": 32845
    }, 
    {
        "accumulated_operating_revenue_yoy": 11.611484640807474, 
        "accumulated_operating_revenue": 412679, 
        "long_term_average": 38650, 
        "date": "2014-10-31", 
        "operating_revenue": 18110, 
        "short_term_average": 24146
    }, 
    {
        "accumulated_operating_revenue_yoy": 11.590396543206085, 
        "accumulated_operating_revenue": 435929, 
        "long_term_average": 38845, 
        "date": "2014-11-30", 
        "operating_revenue": 23250, 
        "short_term_average": 21785
    }, 
    {
        "accumulated_operating_revenue_yoy": 12.035013020585831, 
        "accumulated_operating_revenue": 471524, 
        "long_term_average": 39293, 
        "date": "2014-12-31", 
        "operating_revenue": 35595, 
        "short_term_average": 25651
    }, 
    {
        "accumulated_operating_revenue_yoy": -35.628028326500186, 
        "accumulated_operating_revenue": 17271, 
        "long_term_average": 38497, 
        "date": "2015-01-31", 
        "operating_revenue": 17271, 
        "short_term_average": 25372
    }, 
    {
        "accumulated_operating_revenue_yoy": -43.85344019985427, 
        "accumulated_operating_revenue": 37758, 
        "long_term_average": 36836, 
        "date": "2015-02-28", 
        "operating_revenue": 20487, 
        "short_term_average": 24451
    }, 
    {
        "accumulated_operating_revenue_yoy": -25.796679554241532, 
        "accumulated_operating_revenue": 81568, 
        "long_term_average": 36930, 
        "date": "2015-03-31", 
        "operating_revenue": 43810, 
        "short_term_average": 27189
    }, 
    {
        "accumulated_operating_revenue_yoy": -24.092635331519823, 
        "accumulated_operating_revenue": 114129, 
        "long_term_average": 36275, 
        "date": "2015-04-30", 
        "operating_revenue": 32561, 
        "short_term_average": 32286
    }, 
    {
        "accumulated_operating_revenue_yoy": -36.35928747869047, 
        "accumulated_operating_revenue": 146338, 
        "long_term_average": 32326, 
        "date": "2015-05-31", 
        "operating_revenue": 32209, 
        "short_term_average": 36193
    }, 
    {
        "accumulated_operating_revenue_yoy": -32.637915367543485, 
        "accumulated_operating_revenue": 199414, 
        "long_term_average": 31242, 
        "date": "2015-06-30", 
        "operating_revenue": 53076, 
        "short_term_average": 39282
    }, 
    {
        "accumulated_operating_revenue_yoy": -26.642370091699973, 
        "accumulated_operating_revenue": 249592, 
        "long_term_average": 31739, 
        "date": "2015-07-31", 
        "operating_revenue": 50178, 
        "short_term_average": 45154
    }, 
    {
        "accumulated_operating_revenue_yoy": -21.240406722580225, 
        "accumulated_operating_revenue": 291861, 
        "long_term_average": 32734, 
        "date": "2015-08-31", 
        "operating_revenue": 42269, 
        "short_term_average": 48507
    }, 
    {
        "accumulated_operating_revenue_yoy": -13.127995356959113, 
        "accumulated_operating_revenue": 342770, 
        "long_term_average": 34977, 
        "date": "2015-09-30", 
        "operating_revenue": 50909, 
        "short_term_average": 47785
    }, 
    {
        "accumulated_operating_revenue_yoy": -12.182107642986438, 
        "accumulated_operating_revenue": 362406, 
        "long_term_average": 35104, 
        "date": "2015-10-31", 
        "operating_revenue": 19636, 
        "short_term_average": 37604
    }
]