[
    {
        "date": "2011-09-30", 
        "operating_revenue": 567164, 
        "accumulated_operating_revenue": 567164, 
        "long_term_average": 567164, 
        "short_term_average": 567164
    }, 
    {
        "date": "2011-10-31", 
        "operating_revenue": 620747, 
        "accumulated_operating_revenue": 1187911, 
        "long_term_average": 593955, 
        "short_term_average": 593955
    }, 
    {
        "date": "2011-11-30", 
        "operating_revenue": 850012, 
        "accumulated_operating_revenue": 2037923, 
        "long_term_average": 679307, 
        "short_term_average": 679307
    }, 
    {
        "date": "2011-12-31", 
        "operating_revenue": 1232108, 
        "accumulated_operating_revenue": 3270031, 
        "long_term_average": 817507, 
        "short_term_average": 900955
    }, 
    {
        "date": "2012-01-31", 
        "operating_revenue": 1239963, 
        "accumulated_operating_revenue": 1239963, 
        "long_term_average": 901998, 
        "short_term_average": 1107361
    }, 
    {
        "date": "2012-02-29", 
        "operating_revenue": 1416959, 
        "accumulated_operating_revenue": 2656922, 
        "long_term_average": 987825, 
        "short_term_average": 1296343
    }, 
    {
        "date": "2012-03-31", 
        "operating_revenue": 1314297, 
        "accumulated_operating_revenue": 3971219, 
        "long_term_average": 1034464, 
        "short_term_average": 1323739
    }, 
    {
        "date": "2012-04-30", 
        "operating_revenue": 1438654, 
        "accumulated_operating_revenue": 5409873, 
        "long_term_average": 1084988, 
        "short_term_average": 1389970
    }, 
    {
        "date": "2012-05-31", 
        "operating_revenue": 1017616, 
        "accumulated_operating_revenue": 6427489, 
        "long_term_average": 1077502, 
        "short_term_average": 1256855
    }, 
    {
        "date": "2012-06-30", 
        "operating_revenue": 747523, 
        "accumulated_operating_revenue": 7175012, 
        "long_term_average": 1044504, 
        "short_term_average": 1067931
    }, 
    {
        "date": "2012-07-31", 
        "operating_revenue": 621182, 
        "accumulated_operating_revenue": 7796194, 
        "long_term_average": 1006020, 
        "short_term_average": 795440
    }, 
    {
        "date": "2012-08-31", 
        "operating_revenue": 700703, 
        "accumulated_operating_revenue": 8496897, 
        "long_term_average": 980577, 
        "short_term_average": 689802
    }, 
    {
        "accumulated_operating_revenue_yoy": 1505.2339358633483, 
        "accumulated_operating_revenue": 9104309, 
        "long_term_average": 983931, 
        "date": "2012-09-30", 
        "operating_revenue": 607412, 
        "short_term_average": 643099
    }, 
    {
        "accumulated_operating_revenue_yoy": 733.8730763499959, 
        "accumulated_operating_revenue": 9905670, 
        "long_term_average": 998982, 
        "date": "2012-10-31", 
        "operating_revenue": 801361, 
        "short_term_average": 703158
    }, 
    {
        "accumulated_operating_revenue_yoy": 446.1889384436998, 
        "accumulated_operating_revenue": 11130910, 
        "long_term_average": 1030251, 
        "date": "2012-11-30", 
        "operating_revenue": 1225240, 
        "short_term_average": 878004
    }, 
    {
        "accumulated_operating_revenue_yoy": 274.3705487807302, 
        "accumulated_operating_revenue": 12242033, 
        "long_term_average": 1020169, 
        "date": "2012-12-31", 
        "operating_revenue": 1111123, 
        "short_term_average": 1045908
    }, 
    {
        "accumulated_operating_revenue_yoy": 54.63614640114262, 
        "accumulated_operating_revenue": 1917431, 
        "long_term_average": 1076625, 
        "date": "2013-01-31", 
        "operating_revenue": 1917431, 
        "short_term_average": 1417931
    }, 
    {
        "accumulated_operating_revenue_yoy": 6.781794873918015, 
        "accumulated_operating_revenue": 2837109, 
        "long_term_average": 1035185, 
        "date": "2013-02-28", 
        "operating_revenue": 919678, 
        "short_term_average": 1316077
    }, 
    {
        "accumulated_operating_revenue_yoy": -4.7934148179689915, 
        "accumulated_operating_revenue": 3780862, 
        "long_term_average": 1004306, 
        "date": "2013-03-31", 
        "operating_revenue": 943753, 
        "short_term_average": 1260287
    }, 
    {
        "accumulated_operating_revenue_yoy": -6.112490995629657, 
        "accumulated_operating_revenue": 5079195, 
        "long_term_average": 992612, 
        "date": "2013-04-30", 
        "operating_revenue": 1298333, 
        "short_term_average": 1053921
    }, 
    {
        "accumulated_operating_revenue_yoy": -10.218127172212975, 
        "accumulated_operating_revenue": 5770720, 
        "long_term_average": 965438, 
        "date": "2013-05-31", 
        "operating_revenue": 691525, 
        "short_term_average": 977870
    }, 
    {
        "accumulated_operating_revenue_yoy": -12.612592146187351, 
        "accumulated_operating_revenue": 6270057, 
        "long_term_average": 944756, 
        "date": "2013-06-30", 
        "operating_revenue": 499337, 
        "short_term_average": 829731
    }, 
    {
        "accumulated_operating_revenue_yoy": -11.435874992336004, 
        "accumulated_operating_revenue": 6904631, 
        "long_term_average": 945872, 
        "date": "2013-07-31", 
        "operating_revenue": 634574, 
        "short_term_average": 608478
    }, 
    {
        "accumulated_operating_revenue_yoy": -10.626620518055004, 
        "accumulated_operating_revenue": 7593964, 
        "long_term_average": 944925, 
        "date": "2013-08-31", 
        "operating_revenue": 689333, 
        "short_term_average": 607748
    }, 
    {
        "accumulated_operating_revenue_yoy": -9.149821254968389, 
        "accumulated_operating_revenue": 8271281, 
        "long_term_average": 950750, 
        "date": "2013-09-30", 
        "operating_revenue": 677317, 
        "short_term_average": 667074
    }, 
    {
        "accumulated_operating_revenue_yoy": -7.781129393569541, 
        "accumulated_operating_revenue": 9134897, 
        "long_term_average": 955938, 
        "date": "2013-10-31", 
        "operating_revenue": 863616, 
        "short_term_average": 743422
    }, 
    {
        "accumulated_operating_revenue_yoy": -6.954292146823575, 
        "accumulated_operating_revenue": 10356834, 
        "long_term_average": 955663, 
        "date": "2013-11-30", 
        "operating_revenue": 1221937, 
        "short_term_average": 920956
    }, 
    {
        "accumulated_operating_revenue_yoy": -6.242198497586145, 
        "accumulated_operating_revenue": 11477861, 
        "long_term_average": 956488, 
        "date": "2013-12-31", 
        "operating_revenue": 1121027, 
        "short_term_average": 1068860
    }, 
    {
        "accumulated_operating_revenue_yoy": -25.151622144421363, 
        "accumulated_operating_revenue": 1435166, 
        "long_term_average": 916299, 
        "date": "2014-01-31", 
        "operating_revenue": 1435166, 
        "short_term_average": 1259376
    }, 
    {
        "accumulated_operating_revenue_yoy": -17.797377541715882, 
        "accumulated_operating_revenue": 2332178, 
        "long_term_average": 914410, 
        "date": "2014-02-28", 
        "operating_revenue": 897012, 
        "short_term_average": 1151068
    }, 
    {
        "accumulated_operating_revenue_yoy": -15.720594933113135, 
        "accumulated_operating_revenue": 3186488, 
        "long_term_average": 906957, 
        "date": "2014-03-31", 
        "operating_revenue": 854310, 
        "short_term_average": 1062162
    }, 
    {
        "accumulated_operating_revenue_yoy": -18.123895617317313, 
        "accumulated_operating_revenue": 4158647, 
        "long_term_average": 879776, 
        "date": "2014-04-30", 
        "operating_revenue": 972159, 
        "short_term_average": 907827
    }, 
    {
        "accumulated_operating_revenue_yoy": -16.011554883965953, 
        "accumulated_operating_revenue": 4846738, 
        "long_term_average": 879489, 
        "date": "2014-05-31", 
        "operating_revenue": 688091, 
        "short_term_average": 838186
    }, 
    {
        "accumulated_operating_revenue_yoy": -15.976936094839328, 
        "accumulated_operating_revenue": 5268294, 
        "long_term_average": 873008, 
        "date": "2014-06-30", 
        "operating_revenue": 421556, 
        "short_term_average": 693935
    }, 
    {
        "accumulated_operating_revenue_yoy": -15.527535070302816, 
        "accumulated_operating_revenue": 5832512, 
        "long_term_average": 867145, 
        "date": "2014-07-31", 
        "operating_revenue": 564218, 
        "short_term_average": 557955
    }, 
    {
        "accumulated_operating_revenue_yoy": -16.956216805873716, 
        "accumulated_operating_revenue": 6306315, 
        "long_term_average": 849184, 
        "date": "2014-08-31", 
        "operating_revenue": 473803, 
        "short_term_average": 486525
    }, 
    {
        "accumulated_operating_revenue_yoy": -16.6273035579374, 
        "accumulated_operating_revenue": 6895990, 
        "long_term_average": 841880, 
        "date": "2014-09-30", 
        "operating_revenue": 589675, 
        "short_term_average": 542565
    }, 
    {
        "accumulated_operating_revenue_yoy": -15.086847722530425, 
        "accumulated_operating_revenue": 7756729, 
        "long_term_average": 841641, 
        "date": "2014-10-31", 
        "operating_revenue": 860739, 
        "short_term_average": 641405
    }, 
    {
        "accumulated_operating_revenue_yoy": -16.71570674976542, 
        "accumulated_operating_revenue": 8625616, 
        "long_term_average": 812220, 
        "date": "2014-11-30", 
        "operating_revenue": 868887, 
        "short_term_average": 773100
    }, 
    {
        "accumulated_operating_revenue_yoy": -16.94665931221854, 
        "accumulated_operating_revenue": 9532747, 
        "long_term_average": 794395, 
        "date": "2014-12-31", 
        "operating_revenue": 907131, 
        "short_term_average": 878919
    }, 
    {
        "accumulated_operating_revenue_yoy": -12.485454644271115, 
        "accumulated_operating_revenue": 1255979, 
        "long_term_average": 779463, 
        "date": "2015-01-31", 
        "operating_revenue": 1255979, 
        "short_term_average": 1010665
    }, 
    {
        "accumulated_operating_revenue_yoy": -19.24651548895496, 
        "accumulated_operating_revenue": 1883315, 
        "long_term_average": 756990, 
        "date": "2015-02-28", 
        "operating_revenue": 627336, 
        "short_term_average": 930148
    }, 
    {
        "accumulated_operating_revenue_yoy": -21.024055323603918, 
        "accumulated_operating_revenue": 2516559, 
        "long_term_average": 738568, 
        "date": "2015-03-31", 
        "operating_revenue": 633244, 
        "short_term_average": 838853
    }, 
    {
        "accumulated_operating_revenue_yoy": -20.902182849373848, 
        "accumulated_operating_revenue": 3289399, 
        "long_term_average": 721958, 
        "date": "2015-04-30", 
        "operating_revenue": 772840, 
        "short_term_average": 677806
    }, 
    {
        "accumulated_operating_revenue_yoy": -22.407359341478745, 
        "accumulated_operating_revenue": 3760712, 
        "long_term_average": 703893, 
        "date": "2015-05-31", 
        "operating_revenue": 471313, 
        "short_term_average": 625799
    }, 
    {
        "accumulated_operating_revenue_yoy": -21.244391448161398, 
        "accumulated_operating_revenue": 4149077, 
        "long_term_average": 701127, 
        "date": "2015-06-30", 
        "operating_revenue": 388365, 
        "short_term_average": 544172
    }, 
    {
        "accumulated_operating_revenue_yoy": -19.404726471201432, 
        "accumulated_operating_revenue": 4700729, 
        "long_term_average": 700080, 
        "date": "2015-07-31", 
        "operating_revenue": 551652, 
        "short_term_average": 470443
    }, 
    {
        "accumulated_operating_revenue_yoy": -14.42144897614534, 
        "accumulated_operating_revenue": 5396853, 
        "long_term_average": 718607, 
        "date": "2015-08-31", 
        "operating_revenue": 696124, 
        "short_term_average": 545380
    }
]