[
    {
        "date": "2012-01-31", 
        "operating_revenue": 211080, 
        "accumulated_operating_revenue": 211080, 
        "long_term_average": 211080, 
        "short_term_average": 211080
    }, 
    {
        "date": "2012-02-29", 
        "operating_revenue": 110615, 
        "accumulated_operating_revenue": 321695, 
        "long_term_average": 160847, 
        "short_term_average": 160847
    }, 
    {
        "date": "2012-03-31", 
        "operating_revenue": 141848, 
        "accumulated_operating_revenue": 463543, 
        "long_term_average": 154514, 
        "short_term_average": 154514
    }, 
    {
        "date": "2012-04-30", 
        "operating_revenue": 95111, 
        "accumulated_operating_revenue": 558654, 
        "long_term_average": 139663, 
        "short_term_average": 115858
    }, 
    {
        "date": "2012-05-31", 
        "operating_revenue": 85734, 
        "accumulated_operating_revenue": 644388, 
        "long_term_average": 128877, 
        "short_term_average": 107564
    }, 
    {
        "date": "2012-06-30", 
        "operating_revenue": 109345, 
        "accumulated_operating_revenue": 753733, 
        "long_term_average": 125622, 
        "short_term_average": 96730
    }, 
    {
        "date": "2012-07-31", 
        "operating_revenue": 116782, 
        "accumulated_operating_revenue": 870515, 
        "long_term_average": 124359, 
        "short_term_average": 103953
    }, 
    {
        "date": "2012-08-31", 
        "operating_revenue": 77792, 
        "accumulated_operating_revenue": 948307, 
        "long_term_average": 118538, 
        "short_term_average": 101306
    }, 
    {
        "date": "2012-09-30", 
        "operating_revenue": 79149, 
        "accumulated_operating_revenue": 1027456, 
        "long_term_average": 114161, 
        "short_term_average": 91241
    }, 
    {
        "date": "2012-10-31", 
        "operating_revenue": 116927, 
        "accumulated_operating_revenue": 1144383, 
        "long_term_average": 114438, 
        "short_term_average": 91289
    }, 
    {
        "date": "2012-11-30", 
        "operating_revenue": 128251, 
        "accumulated_operating_revenue": 1272634, 
        "long_term_average": 115694, 
        "short_term_average": 108109
    }, 
    {
        "date": "2012-12-31", 
        "operating_revenue": 133119, 
        "accumulated_operating_revenue": 1405753, 
        "long_term_average": 117146, 
        "short_term_average": 126099
    }, 
    {
        "accumulated_operating_revenue_yoy": -24.148190259617206, 
        "accumulated_operating_revenue": 160108, 
        "long_term_average": 112898, 
        "date": "2013-01-31", 
        "operating_revenue": 160108, 
        "short_term_average": 140492
    }, 
    {
        "accumulated_operating_revenue_yoy": -18.85357248325277, 
        "accumulated_operating_revenue": 261044, 
        "long_term_average": 112091, 
        "date": "2013-02-28", 
        "operating_revenue": 100936, 
        "short_term_average": 131387
    }, 
    {
        "accumulated_operating_revenue_yoy": -14.169343512899557, 
        "accumulated_operating_revenue": 397862, 
        "long_term_average": 111672, 
        "date": "2013-03-31", 
        "operating_revenue": 136818, 
        "short_term_average": 132620
    }, 
    {
        "accumulated_operating_revenue_yoy": -15.87207824521081, 
        "accumulated_operating_revenue": 469984, 
        "long_term_average": 109756, 
        "date": "2013-04-30", 
        "operating_revenue": 72122, 
        "short_term_average": 103292
    }, 
    {
        "accumulated_operating_revenue_yoy": -12.779102031695189, 
        "accumulated_operating_revenue": 562041, 
        "long_term_average": 110283, 
        "date": "2013-05-31", 
        "operating_revenue": 92057, 
        "short_term_average": 100332
    }, 
    {
        "accumulated_operating_revenue_yoy": -13.3807329651216, 
        "accumulated_operating_revenue": 652878, 
        "long_term_average": 108741, 
        "date": "2013-06-30", 
        "operating_revenue": 90837, 
        "short_term_average": 85005
    }, 
    {
        "accumulated_operating_revenue_yoy": -15.619030114357594, 
        "accumulated_operating_revenue": 734549, 
        "long_term_average": 105815, 
        "date": "2013-07-31", 
        "operating_revenue": 81671, 
        "short_term_average": 88188
    }, 
    {
        "accumulated_operating_revenue_yoy": -16.67666694435452, 
        "accumulated_operating_revenue": 790161, 
        "long_term_average": 103967, 
        "date": "2013-08-31", 
        "operating_revenue": 55612, 
        "short_term_average": 76040
    }, 
    {
        "accumulated_operating_revenue_yoy": -12.153707798679457, 
        "accumulated_operating_revenue": 902582, 
        "long_term_average": 106739, 
        "date": "2013-09-30", 
        "operating_revenue": 112421, 
        "short_term_average": 83234
    }, 
    {
        "accumulated_operating_revenue_yoy": -12.974589800792216, 
        "accumulated_operating_revenue": 995904, 
        "long_term_average": 104772, 
        "date": "2013-10-31", 
        "operating_revenue": 93322, 
        "short_term_average": 87118
    }, 
    {
        "accumulated_operating_revenue_yoy": -11.362261262861121, 
        "accumulated_operating_revenue": 1128034, 
        "long_term_average": 105096, 
        "date": "2013-11-30", 
        "operating_revenue": 132130, 
        "short_term_average": 112624
    }, 
    {
        "accumulated_operating_revenue_yoy": -7.753638085780361, 
        "accumulated_operating_revenue": 1296756, 
        "long_term_average": 108063, 
        "date": "2013-12-31", 
        "operating_revenue": 168722, 
        "short_term_average": 131391
    }, 
    {
        "accumulated_operating_revenue_yoy": 64.49771404302096, 
        "accumulated_operating_revenue": 263374, 
        "long_term_average": 116668, 
        "date": "2014-01-31", 
        "operating_revenue": 263374, 
        "short_term_average": 188075
    }, 
    {
        "accumulated_operating_revenue_yoy": 38.96048175786457, 
        "accumulated_operating_revenue": 362748, 
        "long_term_average": 116538, 
        "date": "2014-02-28", 
        "operating_revenue": 99374, 
        "short_term_average": 177156
    }, 
    {
        "accumulated_operating_revenue_yoy": 24.586414384887224, 
        "accumulated_operating_revenue": 495682, 
        "long_term_average": 116214, 
        "date": "2014-03-31", 
        "operating_revenue": 132934, 
        "short_term_average": 165227
    }, 
    {
        "accumulated_operating_revenue_yoy": 25.491506093824473, 
        "accumulated_operating_revenue": 589790, 
        "long_term_average": 118046, 
        "date": "2014-04-30", 
        "operating_revenue": 94108, 
        "short_term_average": 108805
    }, 
    {
        "accumulated_operating_revenue_yoy": 34.24269759679454, 
        "accumulated_operating_revenue": 754499, 
        "long_term_average": 124101, 
        "date": "2014-05-31", 
        "operating_revenue": 164709, 
        "short_term_average": 130583
    }, 
    {
        "accumulated_operating_revenue_yoy": 32.31936135081899, 
        "accumulated_operating_revenue": 863884, 
        "long_term_average": 125646, 
        "date": "2014-06-30", 
        "operating_revenue": 109385, 
        "short_term_average": 122734
    }, 
    {
        "accumulated_operating_revenue_yoy": 28.515728698834252, 
        "accumulated_operating_revenue": 944011, 
        "long_term_average": 125518, 
        "date": "2014-07-31", 
        "operating_revenue": 80127, 
        "short_term_average": 118073
    }, 
    {
        "accumulated_operating_revenue_yoy": 28.584174617577933, 
        "accumulated_operating_revenue": 1016022, 
        "long_term_average": 126884, 
        "date": "2014-08-31", 
        "operating_revenue": 72011, 
        "short_term_average": 87174
    }, 
    {
        "accumulated_operating_revenue_yoy": 24.911753170349066, 
        "accumulated_operating_revenue": 1127431, 
        "long_term_average": 126800, 
        "date": "2014-09-30", 
        "operating_revenue": 111409, 
        "short_term_average": 87849
    }, 
    {
        "accumulated_operating_revenue_yoy": 27.258551024998397, 
        "accumulated_operating_revenue": 1267373, 
        "long_term_average": 130685, 
        "date": "2014-10-31", 
        "operating_revenue": 139942, 
        "short_term_average": 107787
    }, 
    {
        "accumulated_operating_revenue_yoy": 26.206834191168, 
        "accumulated_operating_revenue": 1423656, 
        "long_term_average": 132698, 
        "date": "2014-11-30", 
        "operating_revenue": 156283, 
        "short_term_average": 135878
    }, 
    {
        "accumulated_operating_revenue_yoy": 21.37248641995873, 
        "accumulated_operating_revenue": 1573905, 
        "long_term_average": 131158, 
        "date": "2014-12-31", 
        "operating_revenue": 150249, 
        "short_term_average": 148824
    }, 
    {
        "accumulated_operating_revenue_yoy": -18.228071108006105, 
        "accumulated_operating_revenue": 215366, 
        "long_term_average": 127158, 
        "date": "2015-01-31", 
        "operating_revenue": 215366, 
        "short_term_average": 173966
    }, 
    {
        "accumulated_operating_revenue_yoy": 8.873377661627355, 
        "accumulated_operating_revenue": 394936, 
        "long_term_average": 133841, 
        "date": "2015-02-28", 
        "operating_revenue": 179570, 
        "short_term_average": 181728
    }, 
    {
        "accumulated_operating_revenue_yoy": 6.039154135110817, 
        "accumulated_operating_revenue": 525617, 
        "long_term_average": 133653, 
        "date": "2015-03-31", 
        "operating_revenue": 130681, 
        "short_term_average": 175205
    }, 
    {
        "accumulated_operating_revenue_yoy": 3.074145034673358, 
        "accumulated_operating_revenue": 607921, 
        "long_term_average": 132669, 
        "date": "2015-04-30", 
        "operating_revenue": 82304, 
        "short_term_average": 130851
    }, 
    {
        "accumulated_operating_revenue_yoy": 5.927244436374336, 
        "accumulated_operating_revenue": 799220, 
        "long_term_average": 134885, 
        "date": "2015-05-31", 
        "operating_revenue": 191299, 
        "short_term_average": 134761
    }, 
    {
        "accumulated_operating_revenue_yoy": 4.233207236156706, 
        "accumulated_operating_revenue": 900454, 
        "long_term_average": 134206, 
        "date": "2015-06-30", 
        "operating_revenue": 101234, 
        "short_term_average": 124945
    }, 
    {
        "accumulated_operating_revenue_yoy": 4.51244741851525, 
        "accumulated_operating_revenue": 986609, 
        "long_term_average": 134708, 
        "date": "2015-07-31", 
        "operating_revenue": 86155, 
        "short_term_average": 126229
    }, 
    {
        "accumulated_operating_revenue_yoy": 2.447880065589131, 
        "accumulated_operating_revenue": 1040893, 
        "long_term_average": 133231, 
        "date": "2015-08-31", 
        "operating_revenue": 54284, 
        "short_term_average": 80557
    }, 
    {
        "accumulated_operating_revenue_yoy": 1.0695111275102425, 
        "accumulated_operating_revenue": 1139489, 
        "long_term_average": 132163, 
        "date": "2015-09-30", 
        "operating_revenue": 98596, 
        "short_term_average": 79678
    }, 
    {
        "accumulated_operating_revenue_yoy": 6.140812531117517, 
        "accumulated_operating_revenue": 1345200, 
        "long_term_average": 137644, 
        "date": "2015-10-31", 
        "operating_revenue": 205711, 
        "short_term_average": 119530
    }
]