[
    {
        "date": "2012-01-31", 
        "operating_revenue": 213071, 
        "accumulated_operating_revenue": 213071, 
        "long_term_average": 213071, 
        "short_term_average": 213071
    }, 
    {
        "date": "2012-02-29", 
        "operating_revenue": 260710, 
        "accumulated_operating_revenue": 473781, 
        "long_term_average": 236890, 
        "short_term_average": 236890
    }, 
    {
        "date": "2012-03-31", 
        "operating_revenue": 320506, 
        "accumulated_operating_revenue": 794287, 
        "long_term_average": 264762, 
        "short_term_average": 264762
    }, 
    {
        "date": "2012-04-30", 
        "operating_revenue": 303395, 
        "accumulated_operating_revenue": 1097682, 
        "long_term_average": 274420, 
        "short_term_average": 294870
    }, 
    {
        "date": "2012-05-31", 
        "operating_revenue": 311875, 
        "accumulated_operating_revenue": 1409557, 
        "long_term_average": 281911, 
        "short_term_average": 311925
    }, 
    {
        "date": "2012-06-30", 
        "operating_revenue": 389594, 
        "accumulated_operating_revenue": 1799151, 
        "long_term_average": 299858, 
        "short_term_average": 334954
    }, 
    {
        "date": "2012-07-31", 
        "operating_revenue": 269473, 
        "accumulated_operating_revenue": 2068624, 
        "long_term_average": 295517, 
        "short_term_average": 323647
    }, 
    {
        "date": "2012-08-31", 
        "operating_revenue": 326576, 
        "accumulated_operating_revenue": 2395200, 
        "long_term_average": 299400, 
        "short_term_average": 328547
    }, 
    {
        "date": "2012-09-30", 
        "operating_revenue": 258363, 
        "accumulated_operating_revenue": 2653563, 
        "long_term_average": 294840, 
        "short_term_average": 284804
    }, 
    {
        "date": "2012-10-31", 
        "operating_revenue": 175643, 
        "accumulated_operating_revenue": 2829206, 
        "long_term_average": 282920, 
        "short_term_average": 253527
    }, 
    {
        "date": "2012-11-30", 
        "operating_revenue": 189526, 
        "accumulated_operating_revenue": 3018732, 
        "long_term_average": 274430, 
        "short_term_average": 207844
    }, 
    {
        "date": "2012-12-31", 
        "operating_revenue": 282450, 
        "accumulated_operating_revenue": 3301182, 
        "long_term_average": 275098, 
        "short_term_average": 215873
    }, 
    {
        "accumulated_operating_revenue_yoy": 49.777304278855404, 
        "accumulated_operating_revenue": 319132, 
        "long_term_average": 283936, 
        "date": "2013-01-31", 
        "operating_revenue": 319132, 
        "short_term_average": 263702
    }, 
    {
        "accumulated_operating_revenue_yoy": 13.325777099545993, 
        "accumulated_operating_revenue": 536916, 
        "long_term_average": 280359, 
        "date": "2013-02-28", 
        "operating_revenue": 217784, 
        "short_term_average": 273122
    }, 
    {
        "accumulated_operating_revenue_yoy": 18.014017603208917, 
        "accumulated_operating_revenue": 937370, 
        "long_term_average": 287022, 
        "date": "2013-03-31", 
        "operating_revenue": 400454, 
        "short_term_average": 312456
    }, 
    {
        "accumulated_operating_revenue_yoy": 14.989222743927657, 
        "accumulated_operating_revenue": 1262216, 
        "long_term_average": 288809, 
        "date": "2013-04-30", 
        "operating_revenue": 324846, 
        "short_term_average": 314361
    }, 
    {
        "accumulated_operating_revenue_yoy": 10.565447158220632, 
        "accumulated_operating_revenue": 1558483, 
        "long_term_average": 287509, 
        "date": "2013-05-31", 
        "operating_revenue": 296267, 
        "short_term_average": 340522
    }, 
    {
        "accumulated_operating_revenue_yoy": -0.8149955173301184, 
        "accumulated_operating_revenue": 1784488, 
        "long_term_average": 273876, 
        "date": "2013-06-30", 
        "operating_revenue": 226005, 
        "short_term_average": 282372
    }, 
    {
        "accumulated_operating_revenue_yoy": -3.0976629875704815, 
        "accumulated_operating_revenue": 2004545, 
        "long_term_average": 269758, 
        "date": "2013-07-31", 
        "operating_revenue": 220057, 
        "short_term_average": 247443
    }, 
    {
        "accumulated_operating_revenue_yoy": -6.9960754843019375, 
        "accumulated_operating_revenue": 2227630, 
        "long_term_average": 261134, 
        "date": "2013-08-31", 
        "operating_revenue": 223085, 
        "short_term_average": 223049
    }, 
    {
        "accumulated_operating_revenue_yoy": -7.2533797011791314, 
        "accumulated_operating_revenue": 2461090, 
        "long_term_average": 259059, 
        "date": "2013-09-30", 
        "operating_revenue": 233460, 
        "short_term_average": 225534
    }, 
    {
        "accumulated_operating_revenue_yoy": -4.68880668286438, 
        "accumulated_operating_revenue": 2696550, 
        "long_term_average": 264043, 
        "date": "2013-10-31", 
        "operating_revenue": 235460, 
        "short_term_average": 230668
    }, 
    {
        "accumulated_operating_revenue_yoy": -2.039763715361284, 
        "accumulated_operating_revenue": 2957157, 
        "long_term_average": 269967, 
        "date": "2013-11-30", 
        "operating_revenue": 260607, 
        "short_term_average": 243175
    }, 
    {
        "accumulated_operating_revenue_yoy": 1.089942935590949, 
        "accumulated_operating_revenue": 3337163, 
        "long_term_average": 278096, 
        "date": "2013-12-31", 
        "operating_revenue": 380006, 
        "short_term_average": 292024
    }, 
    {
        "accumulated_operating_revenue_yoy": 0.6605417194139102, 
        "accumulated_operating_revenue": 321240, 
        "long_term_average": 278272, 
        "date": "2014-01-31", 
        "operating_revenue": 321240, 
        "short_term_average": 320617
    }, 
    {
        "accumulated_operating_revenue_yoy": 11.853437036705929, 
        "accumulated_operating_revenue": 600559, 
        "long_term_average": 283400, 
        "date": "2014-02-28", 
        "operating_revenue": 279319, 
        "short_term_average": 326855
    }, 
    {
        "accumulated_operating_revenue_yoy": -1.0604137107012173, 
        "accumulated_operating_revenue": 927430, 
        "long_term_average": 277268, 
        "date": "2014-03-31", 
        "operating_revenue": 326871, 
        "short_term_average": 309143
    }, 
    {
        "accumulated_operating_revenue_yoy": 2.2538931529944164, 
        "accumulated_operating_revenue": 1290665, 
        "long_term_average": 280467, 
        "date": "2014-04-30", 
        "operating_revenue": 363235, 
        "short_term_average": 323141
    }, 
    {
        "accumulated_operating_revenue_yoy": 6.136287659217329, 
        "accumulated_operating_revenue": 1654116, 
        "long_term_average": 286066, 
        "date": "2014-05-31", 
        "operating_revenue": 363451, 
        "short_term_average": 351185
    }, 
    {
        "accumulated_operating_revenue_yoy": 10.011667212107898, 
        "accumulated_operating_revenue": 1963145, 
        "long_term_average": 292985, 
        "date": "2014-06-30", 
        "operating_revenue": 309029, 
        "short_term_average": 345238
    }, 
    {
        "accumulated_operating_revenue_yoy": 11.965159175773056, 
        "accumulated_operating_revenue": 2244392, 
        "long_term_average": 298084, 
        "date": "2014-07-31", 
        "operating_revenue": 281247, 
        "short_term_average": 317909
    }, 
    {
        "accumulated_operating_revenue_yoy": 8.368939186489676, 
        "accumulated_operating_revenue": 2414059, 
        "long_term_average": 293632, 
        "date": "2014-08-31", 
        "operating_revenue": 169667, 
        "short_term_average": 253314
    }, 
    {
        "accumulated_operating_revenue_yoy": 7.61430910694042, 
        "accumulated_operating_revenue": 2648485, 
        "long_term_average": 293713, 
        "date": "2014-09-30", 
        "operating_revenue": 234426, 
        "short_term_average": 228446
    }, 
    {
        "accumulated_operating_revenue_yoy": 7.88199736700599, 
        "accumulated_operating_revenue": 2909092, 
        "long_term_average": 295808, 
        "date": "2014-10-31", 
        "operating_revenue": 260607, 
        "short_term_average": 221566
    }, 
    {
        "accumulated_operating_revenue_yoy": 9.23004764373349, 
        "accumulated_operating_revenue": 3230104, 
        "long_term_average": 300842, 
        "date": "2014-11-30", 
        "operating_revenue": 321012, 
        "short_term_average": 272015
    }, 
    {
        "accumulated_operating_revenue_yoy": 9.76335288387172, 
        "accumulated_operating_revenue": 3662982, 
        "long_term_average": 305248, 
        "date": "2014-12-31", 
        "operating_revenue": 432878, 
        "short_term_average": 338165
    }, 
    {
        "accumulated_operating_revenue_yoy": 48.262047067613004, 
        "accumulated_operating_revenue": 476277, 
        "long_term_average": 318168, 
        "date": "2015-01-31", 
        "operating_revenue": 476277, 
        "short_term_average": 410055
    }, 
    {
        "accumulated_operating_revenue_yoy": 35.27596788991589, 
        "accumulated_operating_revenue": 812412, 
        "long_term_average": 322902, 
        "date": "2015-02-28", 
        "operating_revenue": 336135, 
        "short_term_average": 415096
    }, 
    {
        "accumulated_operating_revenue_yoy": 42.84388040067714, 
        "accumulated_operating_revenue": 1324777, 
        "long_term_average": 338360, 
        "date": "2015-03-31", 
        "operating_revenue": 512365, 
        "short_term_average": 441592
    }, 
    {
        "accumulated_operating_revenue_yoy": 42.94018974714585, 
        "accumulated_operating_revenue": 1844879, 
        "long_term_average": 351433, 
        "date": "2015-04-30", 
        "operating_revenue": 520102, 
        "short_term_average": 456200
    }, 
    {
        "accumulated_operating_revenue_yoy": 38.44802903786675, 
        "accumulated_operating_revenue": 2290091, 
        "long_term_average": 358246, 
        "date": "2015-05-31", 
        "operating_revenue": 445212, 
        "short_term_average": 492559
    }, 
    {
        "accumulated_operating_revenue_yoy": 37.6967060507502, 
        "accumulated_operating_revenue": 2703186, 
        "long_term_average": 366918, 
        "date": "2015-06-30", 
        "operating_revenue": 413095, 
        "short_term_average": 459469
    }, 
    {
        "accumulated_operating_revenue_yoy": 38.34009388734232, 
        "accumulated_operating_revenue": 3104894, 
        "long_term_average": 376957, 
        "date": "2015-07-31", 
        "operating_revenue": 401708, 
        "short_term_average": 420005
    }, 
    {
        "accumulated_operating_revenue_yoy": 41.150485551513036, 
        "accumulated_operating_revenue": 3407456, 
        "long_term_average": 388031, 
        "date": "2015-08-31", 
        "operating_revenue": 302562, 
        "short_term_average": 372455
    }
]