[
    {
        "date": "2012-01-31", 
        "operating_revenue": 114493, 
        "accumulated_operating_revenue": 114493, 
        "long_term_average": 114493, 
        "short_term_average": 114493
    }, 
    {
        "date": "2012-02-29", 
        "operating_revenue": 106265, 
        "accumulated_operating_revenue": 220758, 
        "long_term_average": 110379, 
        "short_term_average": 110379
    }, 
    {
        "date": "2012-03-31", 
        "operating_revenue": 154746, 
        "accumulated_operating_revenue": 375504, 
        "long_term_average": 125168, 
        "short_term_average": 125168
    }, 
    {
        "date": "2012-04-30", 
        "operating_revenue": 135166, 
        "accumulated_operating_revenue": 510670, 
        "long_term_average": 127667, 
        "short_term_average": 132059
    }, 
    {
        "date": "2012-05-31", 
        "operating_revenue": 142058, 
        "accumulated_operating_revenue": 652728, 
        "long_term_average": 130545, 
        "short_term_average": 143990
    }, 
    {
        "date": "2012-06-30", 
        "operating_revenue": 159773, 
        "accumulated_operating_revenue": 812501, 
        "long_term_average": 135416, 
        "short_term_average": 145665
    }, 
    {
        "date": "2012-07-31", 
        "operating_revenue": 131177, 
        "accumulated_operating_revenue": 943678, 
        "long_term_average": 134811, 
        "short_term_average": 144336
    }, 
    {
        "date": "2012-08-31", 
        "operating_revenue": 195762, 
        "accumulated_operating_revenue": 1139440, 
        "long_term_average": 142430, 
        "short_term_average": 162237
    }, 
    {
        "date": "2012-09-30", 
        "operating_revenue": 185559, 
        "accumulated_operating_revenue": 1324999, 
        "long_term_average": 147222, 
        "short_term_average": 170832
    }, 
    {
        "date": "2012-10-31", 
        "operating_revenue": 166298, 
        "accumulated_operating_revenue": 1491297, 
        "long_term_average": 149129, 
        "short_term_average": 182539
    }, 
    {
        "date": "2012-11-30", 
        "operating_revenue": 164720, 
        "accumulated_operating_revenue": 1656017, 
        "long_term_average": 150547, 
        "short_term_average": 172192
    }, 
    {
        "date": "2012-12-31", 
        "operating_revenue": 174815, 
        "accumulated_operating_revenue": 1830832, 
        "long_term_average": 152569, 
        "short_term_average": 168611
    }, 
    {
        "accumulated_operating_revenue_yoy": 58.211419038718525, 
        "accumulated_operating_revenue": 181141, 
        "long_term_average": 158123, 
        "date": "2013-01-31", 
        "operating_revenue": 181141, 
        "short_term_average": 173558
    }, 
    {
        "accumulated_operating_revenue_yoy": 55.88336549524819, 
        "accumulated_operating_revenue": 344125, 
        "long_term_average": 162849, 
        "date": "2013-02-28", 
        "operating_revenue": 162984, 
        "short_term_average": 172980
    }, 
    {
        "accumulated_operating_revenue_yoy": 50.84153564276279, 
        "accumulated_operating_revenue": 566416, 
        "long_term_average": 168478, 
        "date": "2013-03-31", 
        "operating_revenue": 222291, 
        "short_term_average": 188805
    }, 
    {
        "accumulated_operating_revenue_yoy": 49.5462823349717, 
        "accumulated_operating_revenue": 763688, 
        "long_term_average": 173654, 
        "date": "2013-04-30", 
        "operating_revenue": 197272, 
        "short_term_average": 194182
    }, 
    {
        "accumulated_operating_revenue_yoy": 49.779847041953154, 
        "accumulated_operating_revenue": 977655, 
        "long_term_average": 179646, 
        "date": "2013-05-31", 
        "operating_revenue": 213967, 
        "short_term_average": 211176
    }, 
    {
        "accumulated_operating_revenue_yoy": 43.14579305133163, 
        "accumulated_operating_revenue": 1163061, 
        "long_term_average": 181782, 
        "date": "2013-06-30", 
        "operating_revenue": 185406, 
        "short_term_average": 198881
    }, 
    {
        "accumulated_operating_revenue_yoy": 41.482687950762866, 
        "accumulated_operating_revenue": 1335141, 
        "long_term_average": 185191, 
        "date": "2013-07-31", 
        "operating_revenue": 172080, 
        "short_term_average": 190484
    }, 
    {
        "accumulated_operating_revenue_yoy": 35.93203679000211, 
        "accumulated_operating_revenue": 1548864, 
        "long_term_average": 186688, 
        "date": "2013-08-31", 
        "operating_revenue": 213723, 
        "short_term_average": 190403
    }, 
    {
        "accumulated_operating_revenue_yoy": 34.780026249076414, 
        "accumulated_operating_revenue": 1785834, 
        "long_term_average": 190972, 
        "date": "2013-09-30", 
        "operating_revenue": 236970, 
        "short_term_average": 207591
    }, 
    {
        "accumulated_operating_revenue_yoy": 32.55092714596757, 
        "accumulated_operating_revenue": 1976728, 
        "long_term_average": 193021, 
        "date": "2013-10-31", 
        "operating_revenue": 190894, 
        "short_term_average": 213862
    }, 
    {
        "accumulated_operating_revenue_yoy": 29.448067260179094, 
        "accumulated_operating_revenue": 2143682, 
        "long_term_average": 193208, 
        "date": "2013-11-30", 
        "operating_revenue": 166954, 
        "short_term_average": 198272
    }, 
    {
        "accumulated_operating_revenue_yoy": 26.92562725580501, 
        "accumulated_operating_revenue": 2323795, 
        "long_term_average": 193649, 
        "date": "2013-12-31", 
        "operating_revenue": 180113, 
        "short_term_average": 179320
    }, 
    {
        "accumulated_operating_revenue_yoy": -6.07813802507439, 
        "accumulated_operating_revenue": 170131, 
        "long_term_average": 192732, 
        "date": "2014-01-31", 
        "operating_revenue": 170131, 
        "short_term_average": 172399
    }, 
    {
        "accumulated_operating_revenue_yoy": -0.920305121685434, 
        "accumulated_operating_revenue": 340958, 
        "long_term_average": 193385, 
        "date": "2014-02-28", 
        "operating_revenue": 170827, 
        "short_term_average": 173690
    }, 
    {
        "accumulated_operating_revenue_yoy": -2.285599276856586, 
        "accumulated_operating_revenue": 553470, 
        "long_term_average": 192570, 
        "date": "2014-03-31", 
        "operating_revenue": 212512, 
        "short_term_average": 184490
    }, 
    {
        "accumulated_operating_revenue_yoy": 0.5502246990917757, 
        "accumulated_operating_revenue": 767890, 
        "long_term_average": 193999, 
        "date": "2014-04-30", 
        "operating_revenue": 214420, 
        "short_term_average": 199253
    }, 
    {
        "accumulated_operating_revenue_yoy": -0.047767361697122195, 
        "accumulated_operating_revenue": 977188, 
        "long_term_average": 193610, 
        "date": "2014-05-31", 
        "operating_revenue": 209298, 
        "short_term_average": 212076
    }, 
    {
        "accumulated_operating_revenue_yoy": 2.7211814341638143, 
        "accumulated_operating_revenue": 1194710, 
        "long_term_average": 196287, 
        "date": "2014-06-30", 
        "operating_revenue": 217522, 
        "short_term_average": 213746
    }, 
    {
        "accumulated_operating_revenue_yoy": 4.667522007038957, 
        "accumulated_operating_revenue": 1397459, 
        "long_term_average": 198842, 
        "date": "2014-07-31", 
        "operating_revenue": 202749, 
        "short_term_average": 209856
    }, 
    {
        "accumulated_operating_revenue_yoy": 1.7758821949506218, 
        "accumulated_operating_revenue": 1576370, 
        "long_term_average": 195941, 
        "date": "2014-08-31", 
        "operating_revenue": 178911, 
        "short_term_average": 199727
    }, 
    {
        "accumulated_operating_revenue_yoy": 1.4982355582881723, 
        "accumulated_operating_revenue": 1812590, 
        "long_term_average": 195879, 
        "date": "2014-09-30", 
        "operating_revenue": 236220, 
        "short_term_average": 205960
    }, 
    {
        "accumulated_operating_revenue_yoy": 2.2949034970921645, 
        "accumulated_operating_revenue": 2022092, 
        "long_term_average": 197429, 
        "date": "2014-10-31", 
        "operating_revenue": 209502, 
        "short_term_average": 208211
    }, 
    {
        "accumulated_operating_revenue_yoy": 1.4383663248560188, 
        "accumulated_operating_revenue": 2174516, 
        "long_term_average": 196219, 
        "date": "2014-11-30", 
        "operating_revenue": 152424, 
        "short_term_average": 199382
    }, 
    {
        "accumulated_operating_revenue_yoy": 0.4835194154389695, 
        "accumulated_operating_revenue": 2335031, 
        "long_term_average": 194585, 
        "date": "2014-12-31", 
        "operating_revenue": 160515, 
        "short_term_average": 174147
    }, 
    {
        "accumulated_operating_revenue_yoy": -15.668514262538869, 
        "accumulated_operating_revenue": 143474, 
        "long_term_average": 192364, 
        "date": "2015-01-31", 
        "operating_revenue": 143474, 
        "short_term_average": 152137
    }, 
    {
        "accumulated_operating_revenue_yoy": 5.581039306894104, 
        "accumulated_operating_revenue": 359987, 
        "long_term_average": 196171, 
        "date": "2015-02-28", 
        "operating_revenue": 216513, 
        "short_term_average": 173500
    }, 
    {
        "accumulated_operating_revenue_yoy": -0.41808950801308115, 
        "accumulated_operating_revenue": 551156, 
        "long_term_average": 194393, 
        "date": "2015-03-31", 
        "operating_revenue": 191169, 
        "short_term_average": 183718
    }, 
    {
        "accumulated_operating_revenue_yoy": -7.067027829506831, 
        "accumulated_operating_revenue": 713623, 
        "long_term_average": 190063, 
        "date": "2015-04-30", 
        "operating_revenue": 162467, 
        "short_term_average": 190049
    }, 
    {
        "accumulated_operating_revenue_yoy": -11.110451622410427, 
        "accumulated_operating_revenue": 868618, 
        "long_term_average": 185538, 
        "date": "2015-05-31", 
        "operating_revenue": 154995, 
        "short_term_average": 169543
    }, 
    {
        "accumulated_operating_revenue_yoy": -12.79833599785722, 
        "accumulated_operating_revenue": 1041807, 
        "long_term_average": 181844, 
        "date": "2015-06-30", 
        "operating_revenue": 173189, 
        "short_term_average": 163550
    }, 
    {
        "accumulated_operating_revenue_yoy": -13.111225445612357, 
        "accumulated_operating_revenue": 1214235, 
        "long_term_average": 179317, 
        "date": "2015-07-31", 
        "operating_revenue": 172428, 
        "short_term_average": 166870
    }, 
    {
        "accumulated_operating_revenue_yoy": -12.597359756909862, 
        "accumulated_operating_revenue": 1377789, 
        "long_term_average": 178037, 
        "date": "2015-08-31", 
        "operating_revenue": 163554, 
        "short_term_average": 169723
    }, 
    {
        "accumulated_operating_revenue_yoy": -12.730071334388912, 
        "accumulated_operating_revenue": 1581846, 
        "long_term_average": 175357, 
        "date": "2015-09-30", 
        "operating_revenue": 204057, 
        "short_term_average": 180013
    }
]