[
    {
        "date": "2011-10-31", 
        "operating_revenue": 559142, 
        "accumulated_operating_revenue": 559142, 
        "long_term_average": 559142, 
        "short_term_average": 559142
    }, 
    {
        "date": "2011-11-30", 
        "operating_revenue": 616580, 
        "accumulated_operating_revenue": 1175722, 
        "long_term_average": 587861, 
        "short_term_average": 587861
    }, 
    {
        "date": "2011-12-31", 
        "operating_revenue": 724077, 
        "accumulated_operating_revenue": 1899799, 
        "long_term_average": 633266, 
        "short_term_average": 633266
    }, 
    {
        "date": "2012-01-31", 
        "operating_revenue": 633055, 
        "accumulated_operating_revenue": 633055, 
        "long_term_average": 633213, 
        "short_term_average": 657904
    }, 
    {
        "date": "2012-02-29", 
        "operating_revenue": 489788, 
        "accumulated_operating_revenue": 1122843, 
        "long_term_average": 604528, 
        "short_term_average": 615640
    }, 
    {
        "date": "2012-03-31", 
        "operating_revenue": 442783, 
        "accumulated_operating_revenue": 1565626, 
        "long_term_average": 577570, 
        "short_term_average": 521875
    }, 
    {
        "date": "2012-04-30", 
        "operating_revenue": 342843, 
        "accumulated_operating_revenue": 1908469, 
        "long_term_average": 544038, 
        "short_term_average": 425138
    }, 
    {
        "date": "2012-05-31", 
        "operating_revenue": 530949, 
        "accumulated_operating_revenue": 2439418, 
        "long_term_average": 542402, 
        "short_term_average": 438858
    }, 
    {
        "date": "2012-06-30", 
        "operating_revenue": 517955, 
        "accumulated_operating_revenue": 2957373, 
        "long_term_average": 539685, 
        "short_term_average": 463915
    }, 
    {
        "date": "2012-07-31", 
        "operating_revenue": 534722, 
        "accumulated_operating_revenue": 3492095, 
        "long_term_average": 539189, 
        "short_term_average": 527875
    }, 
    {
        "date": "2012-08-31", 
        "operating_revenue": 505734, 
        "accumulated_operating_revenue": 3997829, 
        "long_term_average": 536148, 
        "short_term_average": 519470
    }, 
    {
        "date": "2012-09-30", 
        "operating_revenue": 422588, 
        "accumulated_operating_revenue": 4420417, 
        "long_term_average": 526684, 
        "short_term_average": 487681
    }, 
    {
        "accumulated_operating_revenue_yoy": 771.3384077747693, 
        "accumulated_operating_revenue": 4872019, 
        "long_term_average": 517723, 
        "date": "2012-10-31", 
        "operating_revenue": 451602, 
        "short_term_average": 459974
    }, 
    {
        "accumulated_operating_revenue_yoy": 357.4750663847406, 
        "accumulated_operating_revenue": 5378635, 
        "long_term_average": 508559, 
        "date": "2012-11-30", 
        "operating_revenue": 506616, 
        "short_term_average": 460268
    }, 
    {
        "accumulated_operating_revenue_yoy": 215.5655414072752, 
        "accumulated_operating_revenue": 5995111, 
        "long_term_average": 499592, 
        "date": "2012-12-31", 
        "operating_revenue": 616476, 
        "short_term_average": 524898
    }, 
    {
        "accumulated_operating_revenue_yoy": -1.4567454644541153, 
        "accumulated_operating_revenue": 623833, 
        "long_term_average": 498824, 
        "date": "2013-01-31", 
        "operating_revenue": 623833, 
        "short_term_average": 582308
    }, 
    {
        "accumulated_operating_revenue_yoy": -4.535896826181399, 
        "accumulated_operating_revenue": 1071912, 
        "long_term_average": 495348, 
        "date": "2013-02-28", 
        "operating_revenue": 448079, 
        "short_term_average": 562796
    }, 
    {
        "accumulated_operating_revenue_yoy": 9.353510991769426, 
        "accumulated_operating_revenue": 1712067, 
        "long_term_average": 511796, 
        "date": "2013-03-31", 
        "operating_revenue": 640155, 
        "short_term_average": 570689
    }, 
    {
        "accumulated_operating_revenue_yoy": 16.959877262874063, 
        "accumulated_operating_revenue": 2232143, 
        "long_term_average": 526565, 
        "date": "2013-04-30", 
        "operating_revenue": 520076, 
        "short_term_average": 536103
    }, 
    {
        "accumulated_operating_revenue_yoy": 10.892598152510148, 
        "accumulated_operating_revenue": 2705134, 
        "long_term_average": 521735, 
        "date": "2013-05-31", 
        "operating_revenue": 472991, 
        "short_term_average": 544407
    }, 
    {
        "accumulated_operating_revenue_yoy": 12.895025416137903, 
        "accumulated_operating_revenue": 3338727, 
        "long_term_average": 531372, 
        "date": "2013-06-30", 
        "operating_revenue": 633593, 
        "short_term_average": 542220
    }, 
    {
        "accumulated_operating_revenue_yoy": 14.140852410945293, 
        "accumulated_operating_revenue": 3985907, 
        "long_term_average": 540743, 
        "date": "2013-07-31", 
        "operating_revenue": 647180, 
        "short_term_average": 584588
    }, 
    {
        "accumulated_operating_revenue_yoy": 15.868762770993957, 
        "accumulated_operating_revenue": 4632235, 
        "long_term_average": 552459, 
        "date": "2013-08-31", 
        "operating_revenue": 646328, 
        "short_term_average": 642367
    }, 
    {
        "accumulated_operating_revenue_yoy": 19.145750276501065, 
        "accumulated_operating_revenue": 5266739, 
        "long_term_average": 570119, 
        "date": "2013-09-30", 
        "operating_revenue": 634504, 
        "short_term_average": 642670
    }, 
    {
        "accumulated_operating_revenue_yoy": 18.828395373663362, 
        "accumulated_operating_revenue": 5789342, 
        "long_term_average": 576036, 
        "date": "2013-10-31", 
        "operating_revenue": 522603, 
        "short_term_average": 601145
    }, 
    {
        "accumulated_operating_revenue_yoy": 17.691663405306365, 
        "accumulated_operating_revenue": 6330205, 
        "long_term_average": 578890, 
        "date": "2013-11-30", 
        "operating_revenue": 540863, 
        "short_term_average": 565990
    }, 
    {
        "accumulated_operating_revenue_yoy": 15.809448732475511, 
        "accumulated_operating_revenue": 6942905, 
        "long_term_average": 578575, 
        "date": "2013-12-31", 
        "operating_revenue": 612700, 
        "short_term_average": 558722
    }, 
    {
        "accumulated_operating_revenue_yoy": 19.31077708296932, 
        "accumulated_operating_revenue": 744300, 
        "long_term_average": 588614, 
        "date": "2014-01-31", 
        "operating_revenue": 744300, 
        "short_term_average": 632621
    }, 
    {
        "accumulated_operating_revenue_yoy": 20.01554232063826, 
        "accumulated_operating_revenue": 1286461, 
        "long_term_average": 596454, 
        "date": "2014-02-28", 
        "operating_revenue": 542161, 
        "short_term_average": 633053
    }, 
    {
        "accumulated_operating_revenue_yoy": 17.968572491613937, 
        "accumulated_operating_revenue": 2019701, 
        "long_term_average": 604211, 
        "date": "2014-03-31", 
        "operating_revenue": 733240, 
        "short_term_average": 673233
    }, 
    {
        "accumulated_operating_revenue_yoy": 24.783537613853593, 
        "accumulated_operating_revenue": 2785347, 
        "long_term_average": 624675, 
        "date": "2014-04-30", 
        "operating_revenue": 765646, 
        "short_term_average": 680349
    }, 
    {
        "accumulated_operating_revenue_yoy": 26.723925690926958, 
        "accumulated_operating_revenue": 3428052, 
        "long_term_average": 638818, 
        "date": "2014-05-31", 
        "operating_revenue": 642705, 
        "short_term_average": 713863
    }, 
    {
        "accumulated_operating_revenue_yoy": 28.66137303229644, 
        "accumulated_operating_revenue": 4295652, 
        "long_term_average": 658319, 
        "date": "2014-06-30", 
        "operating_revenue": 867600, 
        "short_term_average": 758650
    }, 
    {
        "accumulated_operating_revenue_yoy": 28.457638374402617, 
        "accumulated_operating_revenue": 5120202, 
        "long_term_average": 673100, 
        "date": "2014-07-31", 
        "operating_revenue": 824550, 
        "short_term_average": 778285
    }, 
    {
        "accumulated_operating_revenue_yoy": 24.091307975523694, 
        "accumulated_operating_revenue": 5748201, 
        "long_term_average": 671572, 
        "date": "2014-08-31", 
        "operating_revenue": 627999, 
        "short_term_average": 773383
    }, 
    {
        "accumulated_operating_revenue_yoy": 19.838290828537357, 
        "accumulated_operating_revenue": 6311570, 
        "long_term_average": 665644, 
        "date": "2014-09-30", 
        "operating_revenue": 563369, 
        "short_term_average": 671972
    }, 
    {
        "accumulated_operating_revenue_yoy": 18.407428685332462, 
        "accumulated_operating_revenue": 6855011, 
        "long_term_average": 667381, 
        "date": "2014-10-31", 
        "operating_revenue": 543441, 
        "short_term_average": 578269
    }, 
    {
        "accumulated_operating_revenue_yoy": 18.158163914122845, 
        "accumulated_operating_revenue": 7479654, 
        "long_term_average": 674362, 
        "date": "2014-11-30", 
        "operating_revenue": 624643, 
        "short_term_average": 577151
    }, 
    {
        "accumulated_operating_revenue_yoy": 23.285137849358446, 
        "accumulated_operating_revenue": 8559570, 
        "long_term_average": 713297, 
        "date": "2014-12-31", 
        "operating_revenue": 1079916, 
        "short_term_average": 749333
    }, 
    {
        "accumulated_operating_revenue_yoy": 43.84522370012092, 
        "accumulated_operating_revenue": 1070640, 
        "long_term_average": 740492, 
        "date": "2015-01-31", 
        "operating_revenue": 1070640, 
        "short_term_average": 925066
    }, 
    {
        "accumulated_operating_revenue_yoy": 32.82555786766952, 
        "accumulated_operating_revenue": 1708749, 
        "long_term_average": 748488, 
        "date": "2015-02-28", 
        "operating_revenue": 638109, 
        "short_term_average": 929555
    }, 
    {
        "accumulated_operating_revenue_yoy": 25.74851426027912, 
        "accumulated_operating_revenue": 2539744, 
        "long_term_average": 756634, 
        "date": "2015-03-31", 
        "operating_revenue": 830995, 
        "short_term_average": 846581
    }, 
    {
        "accumulated_operating_revenue_yoy": 12.18264726082603, 
        "accumulated_operating_revenue": 3124676, 
        "long_term_average": 741574, 
        "date": "2015-04-30", 
        "operating_revenue": 584932, 
        "short_term_average": 684678
    }, 
    {
        "accumulated_operating_revenue_yoy": 13.8880915458692, 
        "accumulated_operating_revenue": 3904143, 
        "long_term_average": 752971, 
        "date": "2015-05-31", 
        "operating_revenue": 779467, 
        "short_term_average": 731798
    }, 
    {
        "accumulated_operating_revenue_yoy": 9.660908285866732, 
        "accumulated_operating_revenue": 4710651, 
        "long_term_average": 747880, 
        "date": "2015-06-30", 
        "operating_revenue": 806508, 
        "short_term_average": 723635
    }, 
    {
        "accumulated_operating_revenue_yoy": 10.199831959754713, 
        "accumulated_operating_revenue": 5642454, 
        "long_term_average": 756818, 
        "date": "2015-07-31", 
        "operating_revenue": 931803, 
        "short_term_average": 839259
    }, 
    {
        "accumulated_operating_revenue_yoy": 12.678471055552858, 
        "accumulated_operating_revenue": 6476985, 
        "long_term_average": 774029, 
        "date": "2015-08-31", 
        "operating_revenue": 834531, 
        "short_term_average": 857614
    }
]