[
    {
        "date": "2012-01-31", 
        "operating_revenue": 29296, 
        "accumulated_operating_revenue": 29296, 
        "long_term_average": 29296, 
        "short_term_average": 29296
    }, 
    {
        "date": "2012-02-29", 
        "operating_revenue": 10250, 
        "accumulated_operating_revenue": 39546, 
        "long_term_average": 19773, 
        "short_term_average": 19773
    }, 
    {
        "date": "2012-03-31", 
        "operating_revenue": 17055, 
        "accumulated_operating_revenue": 56601, 
        "long_term_average": 18867, 
        "short_term_average": 18867
    }, 
    {
        "date": "2012-04-30", 
        "operating_revenue": 9853, 
        "accumulated_operating_revenue": 66454, 
        "long_term_average": 16613, 
        "short_term_average": 12386
    }, 
    {
        "date": "2012-05-31", 
        "operating_revenue": 5581, 
        "accumulated_operating_revenue": 72035, 
        "long_term_average": 14407, 
        "short_term_average": 10829
    }, 
    {
        "date": "2012-06-30", 
        "operating_revenue": 2156, 
        "accumulated_operating_revenue": 74191, 
        "long_term_average": 12365, 
        "short_term_average": 5863
    }, 
    {
        "date": "2012-07-31", 
        "operating_revenue": 3775, 
        "accumulated_operating_revenue": 77966, 
        "long_term_average": 11138, 
        "short_term_average": 3837
    }, 
    {
        "date": "2012-08-31", 
        "operating_revenue": 31065, 
        "accumulated_operating_revenue": 109031, 
        "long_term_average": 13628, 
        "short_term_average": 12332
    }, 
    {
        "date": "2012-09-30", 
        "operating_revenue": 1715, 
        "accumulated_operating_revenue": 110746, 
        "long_term_average": 12305, 
        "short_term_average": 12185
    }, 
    {
        "date": "2012-10-31", 
        "operating_revenue": 3769, 
        "accumulated_operating_revenue": 114515, 
        "long_term_average": 11451, 
        "short_term_average": 12183
    }, 
    {
        "date": "2012-11-30", 
        "operating_revenue": 8651, 
        "accumulated_operating_revenue": 123166, 
        "long_term_average": 11196, 
        "short_term_average": 4711
    }, 
    {
        "date": "2012-12-31", 
        "operating_revenue": 15996, 
        "accumulated_operating_revenue": 139162, 
        "long_term_average": 11596, 
        "short_term_average": 9472
    }, 
    {
        "accumulated_operating_revenue_yoy": -82.11701256144184, 
        "accumulated_operating_revenue": 5239, 
        "long_term_average": 9592, 
        "date": "2013-01-31", 
        "operating_revenue": 5239, 
        "short_term_average": 9962
    }, 
    {
        "accumulated_operating_revenue_yoy": -61.634552167096544, 
        "accumulated_operating_revenue": 15172, 
        "long_term_average": 9565, 
        "date": "2013-02-28", 
        "operating_revenue": 9933, 
        "short_term_average": 10389
    }, 
    {
        "accumulated_operating_revenue_yoy": -32.21851204042331, 
        "accumulated_operating_revenue": 38365, 
        "long_term_average": 10077, 
        "date": "2013-03-31", 
        "operating_revenue": 23193, 
        "short_term_average": 12788
    }, 
    {
        "accumulated_operating_revenue_yoy": 37.83368946940741, 
        "accumulated_operating_revenue": 91596, 
        "long_term_average": 13692, 
        "date": "2013-04-30", 
        "operating_revenue": 53231, 
        "short_term_average": 28785
    }, 
    {
        "accumulated_operating_revenue_yoy": 30.980773235232874, 
        "accumulated_operating_revenue": 94352, 
        "long_term_average": 13456, 
        "date": "2013-05-31", 
        "operating_revenue": 2756, 
        "short_term_average": 26393
    }, 
    {
        "accumulated_operating_revenue_yoy": 61.57754983758138, 
        "accumulated_operating_revenue": 119876, 
        "long_term_average": 15403, 
        "date": "2013-06-30", 
        "operating_revenue": 25524, 
        "short_term_average": 27170
    }, 
    {
        "accumulated_operating_revenue_yoy": 55.474181053279636, 
        "accumulated_operating_revenue": 121217, 
        "long_term_average": 15201, 
        "date": "2013-07-31", 
        "operating_revenue": 1341, 
        "short_term_average": 9873
    }, 
    {
        "accumulated_operating_revenue_yoy": 12.023186066348103, 
        "accumulated_operating_revenue": 122140, 
        "long_term_average": 12689, 
        "date": "2013-08-31", 
        "operating_revenue": 923, 
        "short_term_average": 9262
    }, 
    {
        "accumulated_operating_revenue_yoy": 10.83018799776064, 
        "accumulated_operating_revenue": 122740, 
        "long_term_average": 12596, 
        "date": "2013-09-30", 
        "operating_revenue": 600, 
        "short_term_average": 954
    }, 
    {
        "accumulated_operating_revenue_yoy": 8.211151377548791, 
        "accumulated_operating_revenue": 123918, 
        "long_term_average": 12380, 
        "date": "2013-10-31", 
        "operating_revenue": 1178, 
        "short_term_average": 900
    }, 
    {
        "accumulated_operating_revenue_yoy": 3.2476495136644856, 
        "accumulated_operating_revenue": 127166, 
        "long_term_average": 11930, 
        "date": "2013-11-30", 
        "operating_revenue": 3248, 
        "short_term_average": 1675
    }, 
    {
        "accumulated_operating_revenue_yoy": 19.401129618717754, 
        "accumulated_operating_revenue": 166161, 
        "long_term_average": 13846, 
        "date": "2013-12-31", 
        "operating_revenue": 38995, 
        "short_term_average": 14473
    }, 
    {
        "accumulated_operating_revenue_yoy": -75.9114334796717, 
        "accumulated_operating_revenue": 1262, 
        "long_term_average": 13515, 
        "date": "2014-01-31", 
        "operating_revenue": 1262, 
        "short_term_average": 14501
    }, 
    {
        "accumulated_operating_revenue_yoy": -82.13814922225151, 
        "accumulated_operating_revenue": 2710, 
        "long_term_average": 12808, 
        "date": "2014-02-28", 
        "operating_revenue": 1448, 
        "short_term_average": 13901
    }, 
    {
        "accumulated_operating_revenue_yoy": -80.3179981754203, 
        "accumulated_operating_revenue": 7551, 
        "long_term_average": 11278, 
        "date": "2014-03-31", 
        "operating_revenue": 4841, 
        "short_term_average": 2517
    }, 
    {
        "accumulated_operating_revenue_yoy": -83.5363989693873, 
        "accumulated_operating_revenue": 15080, 
        "long_term_average": 7470, 
        "date": "2014-04-30", 
        "operating_revenue": 7529, 
        "short_term_average": 4606
    }, 
    {
        "accumulated_operating_revenue_yoy": -75.8531880617263, 
        "accumulated_operating_revenue": 22783, 
        "long_term_average": 7882, 
        "date": "2014-05-31", 
        "operating_revenue": 7703, 
        "short_term_average": 6691
    }, 
    {
        "accumulated_operating_revenue_yoy": -73.48593546664887, 
        "accumulated_operating_revenue": 31784, 
        "long_term_average": 6505, 
        "date": "2014-06-30", 
        "operating_revenue": 9001, 
        "short_term_average": 8077
    }, 
    {
        "accumulated_operating_revenue_yoy": -66.0963396223302, 
        "accumulated_operating_revenue": 41097, 
        "long_term_average": 7170, 
        "date": "2014-07-31", 
        "operating_revenue": 9313, 
        "short_term_average": 8672
    }, 
    {
        "accumulated_operating_revenue_yoy": -61.09218929097757, 
        "accumulated_operating_revenue": 47522, 
        "long_term_average": 7628, 
        "date": "2014-08-31", 
        "operating_revenue": 6425, 
        "short_term_average": 8246
    }, 
    {
        "accumulated_operating_revenue_yoy": -27.733420237901257, 
        "accumulated_operating_revenue": 88700, 
        "long_term_average": 11010, 
        "date": "2014-09-30", 
        "operating_revenue": 41178, 
        "short_term_average": 18972
    }, 
    {
        "accumulated_operating_revenue_yoy": -13.436304653077036, 
        "accumulated_operating_revenue": 107268, 
        "long_term_average": 12459, 
        "date": "2014-10-31", 
        "operating_revenue": 18568, 
        "short_term_average": 22057
    }, 
    {
        "accumulated_operating_revenue_yoy": -9.201358853781672, 
        "accumulated_operating_revenue": 115465, 
        "long_term_average": 12871, 
        "date": "2014-11-30", 
        "operating_revenue": 8197, 
        "short_term_average": 22647
    }, 
    {
        "accumulated_operating_revenue_yoy": -8.068680376261577, 
        "accumulated_operating_revenue": 152754, 
        "long_term_average": 12729, 
        "date": "2014-12-31", 
        "operating_revenue": 37289, 
        "short_term_average": 21351
    }, 
    {
        "accumulated_operating_revenue_yoy": 928.6053882725832, 
        "accumulated_operating_revenue": 12981, 
        "long_term_average": 13706, 
        "date": "2015-01-31", 
        "operating_revenue": 12981, 
        "short_term_average": 19489
    }, 
    {
        "accumulated_operating_revenue_yoy": 690.2583025830259, 
        "accumulated_operating_revenue": 21416, 
        "long_term_average": 14288, 
        "date": "2015-02-28", 
        "operating_revenue": 8435, 
        "short_term_average": 19568
    }, 
    {
        "accumulated_operating_revenue_yoy": 269.07694345119853, 
        "accumulated_operating_revenue": 27869, 
        "long_term_average": 14422, 
        "date": "2015-03-31", 
        "operating_revenue": 6453, 
        "short_term_average": 9289
    }, 
    {
        "accumulated_operating_revenue_yoy": 135.4310344827586, 
        "accumulated_operating_revenue": 35503, 
        "long_term_average": 14431, 
        "date": "2015-04-30", 
        "operating_revenue": 7634, 
        "short_term_average": 7507
    }, 
    {
        "accumulated_operating_revenue_yoy": 97.8843874818944, 
        "accumulated_operating_revenue": 45084, 
        "long_term_average": 14587, 
        "date": "2015-05-31", 
        "operating_revenue": 9581, 
        "short_term_average": 7889
    }, 
    {
        "accumulated_operating_revenue_yoy": 78.08645859551976, 
        "accumulated_operating_revenue": 56603, 
        "long_term_average": 14797, 
        "date": "2015-06-30", 
        "operating_revenue": 11519, 
        "short_term_average": 9578
    }, 
    {
        "accumulated_operating_revenue_yoy": 53.106066136214324, 
        "accumulated_operating_revenue": 62922, 
        "long_term_average": 14548, 
        "date": "2015-07-31", 
        "operating_revenue": 6319, 
        "short_term_average": 9139
    }, 
    {
        "accumulated_operating_revenue_yoy": 48.48070367408779, 
        "accumulated_operating_revenue": 70561, 
        "long_term_average": 14649, 
        "date": "2015-08-31", 
        "operating_revenue": 7639, 
        "short_term_average": 8492
    }, 
    {
        "accumulated_operating_revenue_yoy": -16.225479143179257, 
        "accumulated_operating_revenue": 74308, 
        "long_term_average": 11530, 
        "date": "2015-09-30", 
        "operating_revenue": 3747, 
        "short_term_average": 5901
    }
]