[
    {
        "date": "2011-09-30", 
        "operating_revenue": 18832000, 
        "accumulated_operating_revenue": 18832000, 
        "long_term_average": 18832000, 
        "short_term_average": 18832000
    }, 
    {
        "date": "2011-10-31", 
        "operating_revenue": 19197000, 
        "accumulated_operating_revenue": 38029000, 
        "long_term_average": 19014500, 
        "short_term_average": 19014500
    }, 
    {
        "date": "2011-11-30", 
        "operating_revenue": 20334000, 
        "accumulated_operating_revenue": 58363000, 
        "long_term_average": 19454333, 
        "short_term_average": 19454333
    }, 
    {
        "date": "2011-12-31", 
        "operating_revenue": 20721000, 
        "accumulated_operating_revenue": 79084000, 
        "long_term_average": 19771000, 
        "short_term_average": 20084000
    }, 
    {
        "date": "2012-01-31", 
        "operating_revenue": 17715232, 
        "accumulated_operating_revenue": 17715232, 
        "long_term_average": 19359846, 
        "short_term_average": 19590077
    }, 
    {
        "date": "2012-02-29", 
        "operating_revenue": 19155583, 
        "accumulated_operating_revenue": 36870815, 
        "long_term_average": 19325802, 
        "short_term_average": 19197271
    }, 
    {
        "date": "2012-03-31", 
        "operating_revenue": 20360785, 
        "accumulated_operating_revenue": 57231600, 
        "long_term_average": 19473657, 
        "short_term_average": 19077200
    }, 
    {
        "date": "2012-04-30", 
        "operating_revenue": 18303959, 
        "accumulated_operating_revenue": 75535559, 
        "long_term_average": 19327444, 
        "short_term_average": 19273442
    }, 
    {
        "date": "2012-05-31", 
        "operating_revenue": 15646148, 
        "accumulated_operating_revenue": 91181707, 
        "long_term_average": 18918411, 
        "short_term_average": 18103630
    }, 
    {
        "date": "2012-06-30", 
        "operating_revenue": 19223329, 
        "accumulated_operating_revenue": 110405036, 
        "long_term_average": 18948903, 
        "short_term_average": 17724478
    }, 
    {
        "date": "2012-07-31", 
        "operating_revenue": 18949235, 
        "accumulated_operating_revenue": 129354271, 
        "long_term_average": 18948933, 
        "short_term_average": 17939570
    }, 
    {
        "date": "2012-08-31", 
        "operating_revenue": 20046473, 
        "accumulated_operating_revenue": 149400744, 
        "long_term_average": 19040395, 
        "short_term_average": 19406345
    }, 
    {
        "accumulated_operating_revenue_yoy": 796.8245486406117, 
        "accumulated_operating_revenue": 168889999, 
        "long_term_average": 19095166, 
        "date": "2012-09-30", 
        "operating_revenue": 19489255, 
        "short_term_average": 19494987
    }, 
    {
        "accumulated_operating_revenue_yoy": 391.7506876331221, 
        "accumulated_operating_revenue": 187007869, 
        "long_term_average": 19005239, 
        "date": "2012-10-31", 
        "operating_revenue": 18117870, 
        "short_term_average": 19217866
    }, 
    {
        "accumulated_operating_revenue_yoy": 250.0805458938026, 
        "accumulated_operating_revenue": 204317509, 
        "long_term_average": 18753209, 
        "date": "2012-11-30", 
        "operating_revenue": 17309640, 
        "short_term_average": 18305588
    }, 
    {
        "accumulated_operating_revenue_yoy": 249.132149360174, 
        "accumulated_operating_revenue": 276107669, 
        "long_term_average": 23008972, 
        "date": "2012-12-31", 
        "operating_revenue": 71790160, 
        "short_term_average": 35739223
    }, 
    {
        "accumulated_operating_revenue_yoy": 7.755405066103566, 
        "accumulated_operating_revenue": 19089120, 
        "long_term_average": 23123463, 
        "date": "2013-01-31", 
        "operating_revenue": 19089120, 
        "short_term_average": 36062973
    }, 
    {
        "accumulated_operating_revenue_yoy": -9.197963212909723, 
        "accumulated_operating_revenue": 33479451, 
        "long_term_average": 22726358, 
        "date": "2013-02-28", 
        "operating_revenue": 14390331, 
        "short_term_average": 35089870
    }, 
    {
        "accumulated_operating_revenue_yoy": -11.264878144241992, 
        "accumulated_operating_revenue": 50784530, 
        "long_term_average": 22471716, 
        "date": "2013-03-31", 
        "operating_revenue": 17305079, 
        "short_term_average": 16928176
    }, 
    {
        "accumulated_operating_revenue_yoy": -7.130924919745414, 
        "accumulated_operating_revenue": 70149175, 
        "long_term_average": 22560107, 
        "date": "2013-04-30", 
        "operating_revenue": 19364645, 
        "short_term_average": 17020018
    }, 
    {
        "accumulated_operating_revenue_yoy": -0.45490922866798267, 
        "accumulated_operating_revenue": 90766913, 
        "long_term_average": 22974406, 
        "date": "2013-05-31", 
        "operating_revenue": 20617738, 
        "short_term_average": 19095820
    }, 
    {
        "accumulated_operating_revenue_yoy": 0.24012401028518301, 
        "accumulated_operating_revenue": 110670145, 
        "long_term_average": 23031064, 
        "date": "2013-06-30", 
        "operating_revenue": 19903232, 
        "short_term_average": 19961871
    }, 
    {
        "accumulated_operating_revenue_yoy": 0.22235678634839975, 
        "accumulated_operating_revenue": 129641899, 
        "long_term_average": 23032941, 
        "date": "2013-07-31", 
        "operating_revenue": 18971754, 
        "short_term_average": 19830908
    }, 
    {
        "accumulated_operating_revenue_yoy": -1.1108083906195272, 
        "accumulated_operating_revenue": 147741188, 
        "long_term_average": 22870676, 
        "date": "2013-08-31", 
        "operating_revenue": 18099289, 
        "short_term_average": 18991425
    }, 
    {
        "accumulated_operating_revenue_yoy": -1.317282854623026, 
        "accumulated_operating_revenue": 166665240, 
        "long_term_average": 22823575, 
        "date": "2013-09-30", 
        "operating_revenue": 18924052, 
        "short_term_average": 18665031
    }, 
    {
        "accumulated_operating_revenue_yoy": -0.5292750541957141, 
        "accumulated_operating_revenue": 186018083, 
        "long_term_average": 22926490, 
        "date": "2013-10-31", 
        "operating_revenue": 19352843, 
        "short_term_average": 18792061
    }, 
    {
        "accumulated_operating_revenue_yoy": 0.44426491123675554, 
        "accumulated_operating_revenue": 205225220, 
        "long_term_average": 23084615, 
        "date": "2013-11-30", 
        "operating_revenue": 19207137, 
        "short_term_average": 19161344
    }, 
    {
        "accumulated_operating_revenue_yoy": -17.942800784718514, 
        "accumulated_operating_revenue": 226566220, 
        "long_term_average": 18880518, 
        "date": "2013-12-31", 
        "operating_revenue": 21341000, 
        "short_term_average": 19966993
    }, 
    {
        "accumulated_operating_revenue_yoy": 9.400166167953264, 
        "accumulated_operating_revenue": 20883529, 
        "long_term_average": 19030052, 
        "date": "2014-01-31", 
        "operating_revenue": 20883529, 
        "short_term_average": 20477222
    }, 
    {
        "accumulated_operating_revenue_yoy": 7.652093817189535, 
        "accumulated_operating_revenue": 36041330, 
        "long_term_average": 19094008, 
        "date": "2014-02-28", 
        "operating_revenue": 15157801, 
        "short_term_average": 19127443
    }, 
    {
        "accumulated_operating_revenue_yoy": 9.938875086566716, 
        "accumulated_operating_revenue": 55831941, 
        "long_term_average": 19301135, 
        "date": "2014-03-31", 
        "operating_revenue": 19790611, 
        "short_term_average": 18610647
    }, 
    {
        "accumulated_operating_revenue_yoy": 8.809711589623113, 
        "accumulated_operating_revenue": 76329115, 
        "long_term_average": 19395513, 
        "date": "2014-04-30", 
        "operating_revenue": 20497174, 
        "short_term_average": 18481862
    }, 
    {
        "accumulated_operating_revenue_yoy": 8.37021415501924, 
        "accumulated_operating_revenue": 98364298, 
        "long_term_average": 19513633, 
        "date": "2014-05-31", 
        "operating_revenue": 22035183, 
        "short_term_average": 20774322
    }, 
    {
        "accumulated_operating_revenue_yoy": 8.338276777354904, 
        "accumulated_operating_revenue": 119898128, 
        "long_term_average": 19649516, 
        "date": "2014-06-30", 
        "operating_revenue": 21533830, 
        "short_term_average": 21355395
    }, 
    {
        "accumulated_operating_revenue_yoy": 7.700957851597036, 
        "accumulated_operating_revenue": 139625567, 
        "long_term_average": 19712490, 
        "date": "2014-07-31", 
        "operating_revenue": 19727439, 
        "short_term_average": 21098817
    }, 
    {
        "accumulated_operating_revenue_yoy": 7.788204600060479, 
        "accumulated_operating_revenue": 159247574, 
        "long_term_average": 19839383, 
        "date": "2014-08-31", 
        "operating_revenue": 19622007, 
        "short_term_average": 20294425
    }, 
    {
        "accumulated_operating_revenue_yoy": 7.770197312888999, 
        "accumulated_operating_revenue": 179615458, 
        "long_term_average": 19959703, 
        "date": "2014-09-30", 
        "operating_revenue": 20367884, 
        "short_term_average": 19905776
    }, 
    {
        "accumulated_operating_revenue_yoy": 7.366261268266054, 
        "accumulated_operating_revenue": 199720661, 
        "long_term_average": 20022399, 
        "date": "2014-10-31", 
        "operating_revenue": 20105203, 
        "short_term_average": 20031698
    }, 
    {
        "accumulated_operating_revenue_yoy": 7.60851663357944, 
        "accumulated_operating_revenue": 220839815, 
        "long_term_average": 20181734, 
        "date": "2014-11-30", 
        "operating_revenue": 21119154, 
        "short_term_average": 20530747
    }, 
    {
        "accumulated_operating_revenue_yoy": 7.691925124583886, 
        "accumulated_operating_revenue": 243993524, 
        "long_term_average": 20332793, 
        "date": "2014-12-31", 
        "operating_revenue": 23153709, 
        "short_term_average": 21459355
    }, 
    {
        "accumulated_operating_revenue_yoy": 7.824362443722993, 
        "accumulated_operating_revenue": 22517532, 
        "long_term_average": 20468960, 
        "date": "2015-01-31", 
        "operating_revenue": 22517532, 
        "short_term_average": 22263465
    }, 
    {
        "accumulated_operating_revenue_yoy": 14.351715100413887, 
        "accumulated_operating_revenue": 41213879, 
        "long_term_average": 20763839, 
        "date": "2015-02-28", 
        "operating_revenue": 18696347, 
        "short_term_average": 21455862
    }, 
    {
        "accumulated_operating_revenue_yoy": 11.538484753736217, 
        "accumulated_operating_revenue": 62274101, 
        "long_term_average": 20869640, 
        "date": "2015-03-31", 
        "operating_revenue": 21060222, 
        "short_term_average": 20758033
    }, 
    {
        "accumulated_operating_revenue_yoy": 11.941749881418119, 
        "accumulated_operating_revenue": 85444147, 
        "long_term_average": 21092379, 
        "date": "2015-04-30", 
        "operating_revenue": 23170046, 
        "short_term_average": 20975538
    }, 
    {
        "accumulated_operating_revenue_yoy": 11.291034680082808, 
        "accumulated_operating_revenue": 109470645, 
        "long_term_average": 21258322, 
        "date": "2015-05-31", 
        "operating_revenue": 24026498, 
        "short_term_average": 22752255
    }, 
    {
        "accumulated_operating_revenue_yoy": 10.799088539564188, 
        "accumulated_operating_revenue": 132846033, 
        "long_term_average": 21411785, 
        "date": "2015-06-30", 
        "operating_revenue": 23375388, 
        "short_term_average": 23523977
    }, 
    {
        "accumulated_operating_revenue_yoy": 10.650072418327225, 
        "accumulated_operating_revenue": 154495791, 
        "long_term_average": 21571979, 
        "date": "2015-07-31", 
        "operating_revenue": 21649758, 
        "short_term_average": 23017214
    }, 
    {
        "accumulated_operating_revenue_yoy": 10.621353013515924, 
        "accumulated_operating_revenue": 176161821, 
        "long_term_average": 21742314, 
        "date": "2015-08-31", 
        "operating_revenue": 21666030, 
        "short_term_average": 22230392
    }
]