[
    {
        "date": "2011-09-30", 
        "operating_revenue": 681774, 
        "accumulated_operating_revenue": 681774, 
        "long_term_average": 681774, 
        "short_term_average": 681774
    }, 
    {
        "date": "2011-10-31", 
        "operating_revenue": 539921, 
        "accumulated_operating_revenue": 1221695, 
        "long_term_average": 610847, 
        "short_term_average": 610847
    }, 
    {
        "date": "2011-11-30", 
        "operating_revenue": 587625, 
        "accumulated_operating_revenue": 1809320, 
        "long_term_average": 603106, 
        "short_term_average": 603106
    }, 
    {
        "date": "2011-12-31", 
        "operating_revenue": 789449, 
        "accumulated_operating_revenue": 2598769, 
        "long_term_average": 649692, 
        "short_term_average": 638998
    }, 
    {
        "date": "2012-01-31", 
        "operating_revenue": 619722, 
        "accumulated_operating_revenue": 619722, 
        "long_term_average": 643698, 
        "short_term_average": 665598
    }, 
    {
        "date": "2012-02-29", 
        "operating_revenue": 683050, 
        "accumulated_operating_revenue": 1302772, 
        "long_term_average": 650256, 
        "short_term_average": 697407
    }, 
    {
        "date": "2012-03-31", 
        "operating_revenue": 658071, 
        "accumulated_operating_revenue": 1960843, 
        "long_term_average": 651373, 
        "short_term_average": 653614
    }, 
    {
        "date": "2012-04-30", 
        "operating_revenue": 695756, 
        "accumulated_operating_revenue": 2656599, 
        "long_term_average": 656921, 
        "short_term_average": 678959
    }, 
    {
        "date": "2012-05-31", 
        "operating_revenue": 777267, 
        "accumulated_operating_revenue": 3433866, 
        "long_term_average": 670292, 
        "short_term_average": 710364
    }, 
    {
        "date": "2012-06-30", 
        "operating_revenue": 803082, 
        "accumulated_operating_revenue": 4236948, 
        "long_term_average": 683571, 
        "short_term_average": 758701
    }, 
    {
        "date": "2012-07-31", 
        "operating_revenue": 894085, 
        "accumulated_operating_revenue": 5131033, 
        "long_term_average": 702709, 
        "short_term_average": 824811
    }, 
    {
        "date": "2012-08-31", 
        "operating_revenue": 902054, 
        "accumulated_operating_revenue": 6033087, 
        "long_term_average": 719321, 
        "short_term_average": 866407
    }, 
    {
        "accumulated_operating_revenue_yoy": 895.5203630528592, 
        "accumulated_operating_revenue": 6787199, 
        "long_term_average": 725349, 
        "date": "2012-09-30", 
        "operating_revenue": 754112, 
        "short_term_average": 850083
    }, 
    {
        "accumulated_operating_revenue_yoy": 506.63250647665745, 
        "accumulated_operating_revenue": 7411199, 
        "long_term_average": 732356, 
        "date": "2012-10-31", 
        "operating_revenue": 624000, 
        "short_term_average": 760055
    }, 
    {
        "accumulated_operating_revenue_yoy": 338.2801826100414, 
        "accumulated_operating_revenue": 7929891, 
        "long_term_average": 726611, 
        "date": "2012-11-30", 
        "operating_revenue": 518692, 
        "short_term_average": 632268
    }, 
    {
        "accumulated_operating_revenue_yoy": 228.41341419726032, 
        "accumulated_operating_revenue": 8534706, 
        "long_term_average": 711225, 
        "date": "2012-12-31", 
        "operating_revenue": 604815, 
        "short_term_average": 582502
    }, 
    {
        "accumulated_operating_revenue_yoy": 17.574977167181412, 
        "accumulated_operating_revenue": 728638, 
        "long_term_average": 720301, 
        "date": "2013-01-31", 
        "operating_revenue": 728638, 
        "short_term_average": 617381
    }, 
    {
        "accumulated_operating_revenue_yoy": -5.685722444142183, 
        "accumulated_operating_revenue": 1228700, 
        "long_term_average": 705052, 
        "date": "2013-02-28", 
        "operating_revenue": 500062, 
        "short_term_average": 611171
    }, 
    {
        "accumulated_operating_revenue_yoy": -2.16860809355976, 
        "accumulated_operating_revenue": 1918320, 
        "long_term_average": 707681, 
        "date": "2013-03-31", 
        "operating_revenue": 689620, 
        "short_term_average": 639440
    }, 
    {
        "accumulated_operating_revenue_yoy": -1.911391218622005, 
        "accumulated_operating_revenue": 2605821, 
        "long_term_average": 706994, 
        "date": "2013-04-30", 
        "operating_revenue": 687501, 
        "short_term_average": 625727
    }, 
    {
        "accumulated_operating_revenue_yoy": -0.6425702109517378, 
        "accumulated_operating_revenue": 3411801, 
        "long_term_average": 709386, 
        "date": "2013-05-31", 
        "operating_revenue": 805980, 
        "short_term_average": 727700
    }, 
    {
        "accumulated_operating_revenue_yoy": -0.9321332241981728, 
        "accumulated_operating_revenue": 4197454, 
        "long_term_average": 707934, 
        "date": "2013-06-30", 
        "operating_revenue": 785653, 
        "short_term_average": 759711
    }, 
    {
        "accumulated_operating_revenue_yoy": -1.229888796271628, 
        "accumulated_operating_revenue": 5067927, 
        "long_term_average": 705966, 
        "date": "2013-07-31", 
        "operating_revenue": 870473, 
        "short_term_average": 820702
    }, 
    {
        "accumulated_operating_revenue_yoy": -3.1365037500702373, 
        "accumulated_operating_revenue": 5843859, 
        "long_term_average": 695456, 
        "date": "2013-08-31", 
        "operating_revenue": 775932, 
        "short_term_average": 810686
    }, 
    {
        "accumulated_operating_revenue_yoy": -3.8655415879216157, 
        "accumulated_operating_revenue": 6524837, 
        "long_term_average": 689362, 
        "date": "2013-09-30", 
        "operating_revenue": 680978, 
        "short_term_average": 775794
    }, 
    {
        "accumulated_operating_revenue_yoy": -4.039656741102215, 
        "accumulated_operating_revenue": 7111812, 
        "long_term_average": 686276, 
        "date": "2013-10-31", 
        "operating_revenue": 586975, 
        "short_term_average": 681295
    }, 
    {
        "accumulated_operating_revenue_yoy": -3.933875005343705, 
        "accumulated_operating_revenue": 7617939, 
        "long_term_average": 685229, 
        "date": "2013-11-30", 
        "operating_revenue": 506127, 
        "short_term_average": 591360
    }, 
    {
        "accumulated_operating_revenue_yoy": -2.497871631430538, 
        "accumulated_operating_revenue": 8321520, 
        "long_term_average": 693460, 
        "date": "2013-12-31", 
        "operating_revenue": 703581, 
        "short_term_average": 598894
    }, 
    {
        "accumulated_operating_revenue_yoy": -4.776171432178942, 
        "accumulated_operating_revenue": 693837, 
        "long_term_average": 690559, 
        "date": "2014-01-31", 
        "operating_revenue": 693837, 
        "short_term_average": 634515
    }, 
    {
        "accumulated_operating_revenue_yoy": 1.3544396516643606, 
        "accumulated_operating_revenue": 1245342, 
        "long_term_average": 694846, 
        "date": "2014-02-28", 
        "operating_revenue": 551505, 
        "short_term_average": 649641
    }, 
    {
        "accumulated_operating_revenue_yoy": 3.1188748488260565, 
        "accumulated_operating_revenue": 1978150, 
        "long_term_average": 698445, 
        "date": "2014-03-31", 
        "operating_revenue": 732808, 
        "short_term_average": 659383
    }, 
    {
        "accumulated_operating_revenue_yoy": 1.2314736890983686, 
        "accumulated_operating_revenue": 2637911, 
        "long_term_average": 696134, 
        "date": "2014-04-30", 
        "operating_revenue": 659761, 
        "short_term_average": 648024
    }, 
    {
        "accumulated_operating_revenue_yoy": -0.9660879986845659, 
        "accumulated_operating_revenue": 3378840, 
        "long_term_average": 690713, 
        "date": "2014-05-31", 
        "operating_revenue": 740929, 
        "short_term_average": 711166
    }, 
    {
        "accumulated_operating_revenue_yoy": -0.09989388805690307, 
        "accumulated_operating_revenue": 4193261, 
        "long_term_average": 693110, 
        "date": "2014-06-30", 
        "operating_revenue": 814421, 
        "short_term_average": 738370
    }, 
    {
        "accumulated_operating_revenue_yoy": -2.0776739680741256, 
        "accumulated_operating_revenue": 4962632, 
        "long_term_average": 684685, 
        "date": "2014-07-31", 
        "operating_revenue": 769371, 
        "short_term_average": 774907
    }, 
    {
        "accumulated_operating_revenue_yoy": -3.355933125696565, 
        "accumulated_operating_revenue": 5647743, 
        "long_term_average": 677117, 
        "date": "2014-08-31", 
        "operating_revenue": 685111, 
        "short_term_average": 756301
    }, 
    {
        "accumulated_operating_revenue_yoy": -2.26555851127009, 
        "accumulated_operating_revenue": 6377013, 
        "long_term_average": 681141, 
        "date": "2014-09-30", 
        "operating_revenue": 729270, 
        "short_term_average": 727917
    }, 
    {
        "accumulated_operating_revenue_yoy": -2.142506016750724, 
        "accumulated_operating_revenue": 6959441, 
        "long_term_average": 680762, 
        "date": "2014-10-31", 
        "operating_revenue": 582428, 
        "short_term_average": 665603
    }, 
    {
        "accumulated_operating_revenue_yoy": -2.544454609048458, 
        "accumulated_operating_revenue": 7424104, 
        "long_term_average": 677307, 
        "date": "2014-11-30", 
        "operating_revenue": 464663, 
        "short_term_average": 592120
    }, 
    {
        "accumulated_operating_revenue_yoy": -3.3662239590843983, 
        "accumulated_operating_revenue": 8041399, 
        "long_term_average": 670116, 
        "date": "2014-12-31", 
        "operating_revenue": 617295, 
        "short_term_average": 554795
    }, 
    {
        "accumulated_operating_revenue_yoy": 6.741785174327688, 
        "accumulated_operating_revenue": 740614, 
        "long_term_average": 674014, 
        "date": "2015-01-31", 
        "operating_revenue": 740614, 
        "short_term_average": 607524
    }, 
    {
        "accumulated_operating_revenue_yoy": 1.4569491754072377, 
        "accumulated_operating_revenue": 1263486, 
        "long_term_average": 671628, 
        "date": "2015-02-28", 
        "operating_revenue": 522872, 
        "short_term_average": 626927
    }, 
    {
        "accumulated_operating_revenue_yoy": -4.226221469554887, 
        "accumulated_operating_revenue": 1894549, 
        "long_term_average": 663149, 
        "date": "2015-03-31", 
        "operating_revenue": 631063, 
        "short_term_average": 631516
    }, 
    {
        "accumulated_operating_revenue_yoy": -1.7448655394363193, 
        "accumulated_operating_revenue": 2591883, 
        "long_term_average": 666280, 
        "date": "2015-04-30", 
        "operating_revenue": 697334, 
        "short_term_average": 617089
    }, 
    {
        "accumulated_operating_revenue_yoy": 0.9194575653182749, 
        "accumulated_operating_revenue": 3409907, 
        "long_term_average": 672705, 
        "date": "2015-05-31", 
        "operating_revenue": 818024, 
        "short_term_average": 715473
    }, 
    {
        "accumulated_operating_revenue_yoy": 0.6541925246246298, 
        "accumulated_operating_revenue": 4220693, 
        "long_term_average": 672402, 
        "date": "2015-06-30", 
        "operating_revenue": 810786, 
        "short_term_average": 775381
    }, 
    {
        "accumulated_operating_revenue_yoy": 1.108222411010931, 
        "accumulated_operating_revenue": 5017629, 
        "long_term_average": 674699, 
        "date": "2015-07-31", 
        "operating_revenue": 796936, 
        "short_term_average": 808582
    }, 
    {
        "accumulated_operating_revenue_yoy": 3.20025185281979, 
        "accumulated_operating_revenue": 5828485, 
        "long_term_average": 685178, 
        "date": "2015-08-31", 
        "operating_revenue": 810856, 
        "short_term_average": 806192
    }
]