[
    {
        "date": "2012-01-31", 
        "operating_revenue": 332641, 
        "accumulated_operating_revenue": 332641, 
        "long_term_average": 332641, 
        "short_term_average": 332641
    }, 
    {
        "date": "2012-02-29", 
        "operating_revenue": 271272, 
        "accumulated_operating_revenue": 603913, 
        "long_term_average": 301956, 
        "short_term_average": 301956
    }, 
    {
        "date": "2012-03-31", 
        "operating_revenue": 280308, 
        "accumulated_operating_revenue": 884221, 
        "long_term_average": 294740, 
        "short_term_average": 294740
    }, 
    {
        "date": "2012-04-30", 
        "operating_revenue": 8496, 
        "accumulated_operating_revenue": 892717, 
        "long_term_average": 223179, 
        "short_term_average": 186692
    }, 
    {
        "date": "2012-05-31", 
        "operating_revenue": 10655, 
        "accumulated_operating_revenue": 903372, 
        "long_term_average": 180674, 
        "short_term_average": 99819
    }, 
    {
        "date": "2012-06-30", 
        "operating_revenue": 2742, 
        "accumulated_operating_revenue": 906114, 
        "long_term_average": 151019, 
        "short_term_average": 7297
    }, 
    {
        "date": "2012-07-31", 
        "operating_revenue": 142104, 
        "accumulated_operating_revenue": 1048218, 
        "long_term_average": 149745, 
        "short_term_average": 51833
    }, 
    {
        "date": "2012-08-31", 
        "operating_revenue": 134251, 
        "accumulated_operating_revenue": 1182469, 
        "long_term_average": 147808, 
        "short_term_average": 93032
    }, 
    {
        "date": "2012-09-30", 
        "operating_revenue": 118207, 
        "accumulated_operating_revenue": 1300676, 
        "long_term_average": 144519, 
        "short_term_average": 131520
    }, 
    {
        "date": "2012-10-31", 
        "operating_revenue": 46804, 
        "accumulated_operating_revenue": 1347480, 
        "long_term_average": 134748, 
        "short_term_average": 99754
    }, 
    {
        "date": "2012-11-30", 
        "operating_revenue": 31488, 
        "accumulated_operating_revenue": 1378968, 
        "long_term_average": 125360, 
        "short_term_average": 65499
    }, 
    {
        "date": "2012-12-31", 
        "operating_revenue": 482, 
        "accumulated_operating_revenue": 1379450, 
        "long_term_average": 114954, 
        "short_term_average": 26258
    }, 
    {
        "accumulated_operating_revenue_yoy": -99.83134971335463, 
        "accumulated_operating_revenue": 561, 
        "long_term_average": 87280, 
        "date": "2013-01-31", 
        "operating_revenue": 561, 
        "short_term_average": 10843
    }, 
    {
        "accumulated_operating_revenue_yoy": -99.8353352838261, 
        "accumulated_operating_revenue": 1456, 
        "long_term_average": 64749, 
        "date": "2013-03-31", 
        "operating_revenue": 895, 
        "short_term_average": 646
    }, 
    {
        "accumulated_operating_revenue_yoy": -99.79209536728885, 
        "accumulated_operating_revenue": 1856, 
        "long_term_average": 41423, 
        "date": "2013-04-30", 
        "operating_revenue": 400, 
        "short_term_average": 618
    }, 
    {
        "accumulated_operating_revenue_yoy": -99.72259489999689, 
        "accumulated_operating_revenue": 2506, 
        "long_term_average": 40769, 
        "date": "2013-05-31", 
        "operating_revenue": 650, 
        "short_term_average": 648
    }, 
    {
        "accumulated_operating_revenue_yoy": -99.70665942695952, 
        "accumulated_operating_revenue": 2658, 
        "long_term_average": 39894, 
        "date": "2013-06-30", 
        "operating_revenue": 152, 
        "short_term_average": 400
    }, 
    {
        "accumulated_operating_revenue_yoy": -99.70731279180475, 
        "accumulated_operating_revenue": 3068, 
        "long_term_average": 39700, 
        "date": "2013-07-31", 
        "operating_revenue": 410, 
        "short_term_average": 404
    }, 
    {
        "accumulated_operating_revenue_yoy": -83.83188058207023, 
        "accumulated_operating_revenue": 191183, 
        "long_term_average": 43534, 
        "date": "2013-08-31", 
        "operating_revenue": 188115, 
        "short_term_average": 62892
    }, 
    {
        "accumulated_operating_revenue_yoy": -72.90432052255905, 
        "accumulated_operating_revenue": 352427, 
        "long_term_average": 45784, 
        "date": "2013-09-30", 
        "operating_revenue": 161244, 
        "short_term_average": 116589
    }, 
    {
        "accumulated_operating_revenue_yoy": -52.25324309080654, 
        "accumulated_operating_revenue": 643378, 
        "long_term_average": 60179, 
        "date": "2013-10-31", 
        "operating_revenue": 290951, 
        "short_term_average": 213436
    }, 
    {
        "accumulated_operating_revenue_yoy": -39.63841075354903, 
        "accumulated_operating_revenue": 832367, 
        "long_term_average": 72028, 
        "date": "2013-11-30", 
        "operating_revenue": 188989, 
        "short_term_average": 213728
    }, 
    {
        "accumulated_operating_revenue_yoy": -27.545978469679945, 
        "accumulated_operating_revenue": 999467, 
        "long_term_average": 83329, 
        "date": "2013-12-31", 
        "operating_revenue": 167100, 
        "short_term_average": 215680
    }, 
    {
        "accumulated_operating_revenue_yoy": 2042.4242424242425, 
        "accumulated_operating_revenue": 12019, 
        "long_term_average": 84290, 
        "date": "2014-01-31", 
        "operating_revenue": 12019, 
        "short_term_average": 122702
    }, 
    {
        "accumulated_operating_revenue_yoy": 732.6937547027841, 
        "accumulated_operating_revenue": 22133, 
        "long_term_average": 85086, 
        "date": "2014-06-30", 
        "operating_revenue": 10114, 
        "short_term_average": 63077
    }, 
    {
        "accumulated_operating_revenue_yoy": -97.78451914870627, 
        "accumulated_operating_revenue": 22143, 
        "long_term_average": 85012, 
        "date": "2014-12-31", 
        "operating_revenue": 10, 
        "short_term_average": 7381
    }, 
    {
        "accumulated_operating_revenue_yoy": -99.91679840252932, 
        "accumulated_operating_revenue": 10, 
        "long_term_average": 84980, 
        "date": "2015-01-31", 
        "operating_revenue": 10, 
        "short_term_average": 3378
    }, 
    {
        "date": "2015-02-28", 
        "operating_revenue": 188136, 
        "accumulated_operating_revenue": 188146, 
        "long_term_average": 100604, 
        "short_term_average": 62718
    }, 
    {
        "date": "2015-03-31", 
        "operating_revenue": 132363, 
        "accumulated_operating_revenue": 320509, 
        "long_term_average": 111621, 
        "short_term_average": 106836
    }, 
    {
        "date": "2015-04-30", 
        "operating_revenue": 151676, 
        "accumulated_operating_revenue": 472185, 
        "long_term_average": 124227, 
        "short_term_average": 157391
    }, 
    {
        "date": "2015-05-31", 
        "operating_revenue": 75324, 
        "accumulated_operating_revenue": 547509, 
        "long_term_average": 114828, 
        "short_term_average": 119787
    }, 
    {
        "accumulated_operating_revenue_yoy": 2373.7676772240548, 
        "accumulated_operating_revenue": 547519, 
        "long_term_average": 101391, 
        "date": "2015-06-30", 
        "operating_revenue": 10, 
        "short_term_average": 75670
    }, 
    {
        "date": "2015-07-31", 
        "operating_revenue": 9858, 
        "accumulated_operating_revenue": 557377, 
        "long_term_average": 77967, 
        "short_term_average": 28397
    }, 
    {
        "date": "2015-08-31", 
        "operating_revenue": 33325, 
        "accumulated_operating_revenue": 590702, 
        "long_term_average": 64995, 
        "short_term_average": 14397
    }, 
    {
        "date": "2015-09-30", 
        "operating_revenue": 13810, 
        "accumulated_operating_revenue": 604512, 
        "long_term_average": 52221, 
        "short_term_average": 18997
    }
]