[
    {
        "date": "2012-01-31", 
        "operating_revenue": 2118120, 
        "accumulated_operating_revenue": 2118120, 
        "long_term_average": 2118120, 
        "short_term_average": 2118120
    }, 
    {
        "date": "2012-02-29", 
        "operating_revenue": 2129364, 
        "accumulated_operating_revenue": 4247484, 
        "long_term_average": 2123742, 
        "short_term_average": 2123742
    }, 
    {
        "date": "2012-03-31", 
        "operating_revenue": 2323729, 
        "accumulated_operating_revenue": 6571213, 
        "long_term_average": 2190404, 
        "short_term_average": 2190404
    }, 
    {
        "date": "2012-04-30", 
        "operating_revenue": 2241800, 
        "accumulated_operating_revenue": 8813013, 
        "long_term_average": 2203253, 
        "short_term_average": 2231631
    }, 
    {
        "date": "2012-05-31", 
        "operating_revenue": 2337921, 
        "accumulated_operating_revenue": 11150934, 
        "long_term_average": 2230186, 
        "short_term_average": 2301150
    }, 
    {
        "date": "2012-06-30", 
        "operating_revenue": 2385720, 
        "accumulated_operating_revenue": 13536654, 
        "long_term_average": 2256109, 
        "short_term_average": 2321813
    }, 
    {
        "date": "2012-07-31", 
        "operating_revenue": 2497450, 
        "accumulated_operating_revenue": 16034104, 
        "long_term_average": 2290586, 
        "short_term_average": 2407030
    }, 
    {
        "date": "2012-08-31", 
        "operating_revenue": 2292752, 
        "accumulated_operating_revenue": 18326856, 
        "long_term_average": 2290857, 
        "short_term_average": 2391974
    }, 
    {
        "date": "2012-09-30", 
        "operating_revenue": 2334864, 
        "accumulated_operating_revenue": 20661720, 
        "long_term_average": 2295746, 
        "short_term_average": 2375022
    }, 
    {
        "date": "2012-10-31", 
        "operating_revenue": 2304748, 
        "accumulated_operating_revenue": 22966468, 
        "long_term_average": 2296646, 
        "short_term_average": 2310788
    }, 
    {
        "date": "2012-11-30", 
        "operating_revenue": 2653383, 
        "accumulated_operating_revenue": 25619851, 
        "long_term_average": 2329077, 
        "short_term_average": 2430998
    }, 
    {
        "date": "2012-12-31", 
        "operating_revenue": 2346146, 
        "accumulated_operating_revenue": 27965997, 
        "long_term_average": 2330499, 
        "short_term_average": 2434759
    }, 
    {
        "accumulated_operating_revenue_yoy": 29.125025966423056, 
        "accumulated_operating_revenue": 2735023, 
        "long_term_average": 2381908, 
        "date": "2013-01-31", 
        "operating_revenue": 2735023, 
        "short_term_average": 2578184
    }, 
    {
        "accumulated_operating_revenue_yoy": 11.329813131726924, 
        "accumulated_operating_revenue": 4728716, 
        "long_term_average": 2370602, 
        "date": "2013-02-28", 
        "operating_revenue": 1993693, 
        "short_term_average": 2358287
    }, 
    {
        "accumulated_operating_revenue_yoy": 8.998460406016362, 
        "accumulated_operating_revenue": 7162521, 
        "long_term_average": 2379775, 
        "date": "2013-03-31", 
        "operating_revenue": 2433805, 
        "short_term_average": 2387507
    }, 
    {
        "accumulated_operating_revenue_yoy": 10.74475891502713, 
        "accumulated_operating_revenue": 9759950, 
        "long_term_average": 2409411, 
        "date": "2013-04-30", 
        "operating_revenue": 2597429, 
        "short_term_average": 2341642
    }, 
    {
        "accumulated_operating_revenue_yoy": 8.644728773392435, 
        "accumulated_operating_revenue": 12114902, 
        "long_term_average": 2410830, 
        "date": "2013-05-31", 
        "operating_revenue": 2354952, 
        "short_term_average": 2462062
    }, 
    {
        "accumulated_operating_revenue_yoy": 8.464440326243103, 
        "accumulated_operating_revenue": 14682456, 
        "long_term_average": 2425983, 
        "date": "2013-06-30", 
        "operating_revenue": 2567554, 
        "short_term_average": 2506645
    }, 
    {
        "accumulated_operating_revenue_yoy": 10.598914663394973, 
        "accumulated_operating_revenue": 17733545, 
        "long_term_average": 2472119, 
        "date": "2013-07-31", 
        "operating_revenue": 3051089, 
        "short_term_average": 2657865
    }, 
    {
        "accumulated_operating_revenue_yoy": 15.046863466379612, 
        "accumulated_operating_revenue": 21084473, 
        "long_term_average": 2560301, 
        "date": "2013-08-31", 
        "operating_revenue": 3350928, 
        "short_term_average": 2989857
    }, 
    {
        "accumulated_operating_revenue_yoy": 17.305814811158026, 
        "accumulated_operating_revenue": 24237399, 
        "long_term_average": 2628473, 
        "date": "2013-09-30", 
        "operating_revenue": 3152926, 
        "short_term_average": 3184981
    }, 
    {
        "accumulated_operating_revenue_yoy": 18.600217499704353, 
        "accumulated_operating_revenue": 27238281, 
        "long_term_average": 2686484, 
        "date": "2013-10-31", 
        "operating_revenue": 3000882, 
        "short_term_average": 3168245
    }, 
    {
        "accumulated_operating_revenue_yoy": 17.636882431517652, 
        "accumulated_operating_revenue": 30138394, 
        "long_term_average": 2707045, 
        "date": "2013-11-30", 
        "operating_revenue": 2900113, 
        "short_term_average": 3017973
    }, 
    {
        "accumulated_operating_revenue_yoy": 18.688967176818334, 
        "accumulated_operating_revenue": 33192553, 
        "long_term_average": 2766046, 
        "date": "2013-12-31", 
        "operating_revenue": 3054159, 
        "short_term_average": 2985051
    }, 
    {
        "accumulated_operating_revenue_yoy": 31.394653719548245, 
        "accumulated_operating_revenue": 3593674, 
        "long_term_average": 2837600, 
        "date": "2014-01-31", 
        "operating_revenue": 3593674, 
        "short_term_average": 3182648
    }, 
    {
        "accumulated_operating_revenue_yoy": 35.26280707067204, 
        "accumulated_operating_revenue": 6396194, 
        "long_term_average": 2905002, 
        "date": "2014-02-28", 
        "operating_revenue": 2802520, 
        "short_term_average": 3150117
    }, 
    {
        "accumulated_operating_revenue_yoy": 31.540459008776377, 
        "accumulated_operating_revenue": 9421613, 
        "long_term_average": 2954303, 
        "date": "2014-03-31", 
        "operating_revenue": 3025419, 
        "short_term_average": 3140537
    }, 
    {
        "accumulated_operating_revenue_yoy": 27.110067162229313, 
        "accumulated_operating_revenue": 12405879, 
        "long_term_average": 2986540, 
        "date": "2014-04-30", 
        "operating_revenue": 2984266, 
        "short_term_average": 2937401
    }, 
    {
        "accumulated_operating_revenue_yoy": 25.949594969897404, 
        "accumulated_operating_revenue": 15258670, 
        "long_term_average": 3028026, 
        "date": "2014-05-31", 
        "operating_revenue": 2852791, 
        "short_term_average": 2954158
    }, 
    {
        "accumulated_operating_revenue_yoy": 25.70851225435309, 
        "accumulated_operating_revenue": 18457097, 
        "long_term_average": 3080599, 
        "date": "2014-06-30", 
        "operating_revenue": 3198427, 
        "short_term_average": 3011828
    }, 
    {
        "accumulated_operating_revenue_yoy": 23.402889833927734, 
        "accumulated_operating_revenue": 21883707, 
        "long_term_average": 3111892, 
        "date": "2014-07-31", 
        "operating_revenue": 3426610, 
        "short_term_average": 3159276
    }, 
    {
        "accumulated_operating_revenue_yoy": 18.813280275015646, 
        "accumulated_operating_revenue": 25051154, 
        "long_term_average": 3096602, 
        "date": "2014-08-31", 
        "operating_revenue": 3167447, 
        "short_term_average": 3264161
    }, 
    {
        "accumulated_operating_revenue_yoy": 15.677833252652235, 
        "accumulated_operating_revenue": 28037298, 
        "long_term_average": 3082704, 
        "date": "2014-09-30", 
        "operating_revenue": 2986144, 
        "short_term_average": 3193400
    }, 
    {
        "accumulated_operating_revenue_yoy": 13.726354464145516, 
        "accumulated_operating_revenue": 30977104, 
        "long_term_average": 3077614, 
        "date": "2014-10-31", 
        "operating_revenue": 2939806, 
        "short_term_average": 3031132
    }, 
    {
        "accumulated_operating_revenue_yoy": 11.780750493871704, 
        "accumulated_operating_revenue": 33688923, 
        "long_term_average": 3061923, 
        "date": "2014-11-30", 
        "operating_revenue": 2711819, 
        "short_term_average": 2879256
    }, 
    {
        "accumulated_operating_revenue_yoy": 9.777521482002303, 
        "accumulated_operating_revenue": 36437962, 
        "long_term_average": 3036496, 
        "date": "2014-12-31", 
        "operating_revenue": 2749039, 
        "short_term_average": 2800221
    }, 
    {
        "accumulated_operating_revenue_yoy": 20.526736704553613, 
        "accumulated_operating_revenue": 4331338, 
        "long_term_average": 3097968, 
        "date": "2015-01-31", 
        "operating_revenue": 4331338, 
        "short_term_average": 3264065
    }, 
    {
        "accumulated_operating_revenue_yoy": 9.82773505619123, 
        "accumulated_operating_revenue": 7024795, 
        "long_term_average": 3088880, 
        "date": "2015-02-28", 
        "operating_revenue": 2693457, 
        "short_term_average": 3257944
    }, 
    {
        "accumulated_operating_revenue_yoy": 11.050729848487727, 
        "accumulated_operating_revenue": 10462770, 
        "long_term_average": 3123259, 
        "date": "2015-03-31", 
        "operating_revenue": 3437975, 
        "short_term_average": 3487590
    }, 
    {
        "accumulated_operating_revenue_yoy": 8.071584447986313, 
        "accumulated_operating_revenue": 13407230, 
        "long_term_average": 3119942, 
        "date": "2015-04-30", 
        "operating_revenue": 2944460, 
        "short_term_average": 3025297
    }, 
    {
        "accumulated_operating_revenue_yoy": 7.035868788039849, 
        "accumulated_operating_revenue": 16332250, 
        "long_term_average": 3125961, 
        "date": "2015-05-31", 
        "operating_revenue": 2925020, 
        "short_term_average": 3102485
    }, 
    {
        "accumulated_operating_revenue_yoy": 5.88152622267738, 
        "accumulated_operating_revenue": 19542656, 
        "long_term_average": 3126960, 
        "date": "2015-06-30", 
        "operating_revenue": 3210406, 
        "short_term_average": 3026628
    }, 
    {
        "accumulated_operating_revenue_yoy": 5.386404597721949, 
        "accumulated_operating_revenue": 23062452, 
        "long_term_average": 3134725, 
        "date": "2015-07-31", 
        "operating_revenue": 3519796, 
        "short_term_average": 3218407
    }, 
    {
        "accumulated_operating_revenue_yoy": 4.025834498482585, 
        "accumulated_operating_revenue": 26059672, 
        "long_term_average": 3120540, 
        "date": "2015-08-31", 
        "operating_revenue": 2997220, 
        "short_term_average": 3242474
    }
]