[
    {
        "date": "2012-01-31", 
        "operating_revenue": 509404, 
        "accumulated_operating_revenue": 509404, 
        "long_term_average": 509404, 
        "short_term_average": 509404
    }, 
    {
        "date": "2012-02-29", 
        "operating_revenue": 508141, 
        "accumulated_operating_revenue": 1017545, 
        "long_term_average": 508772, 
        "short_term_average": 508772
    }, 
    {
        "date": "2012-03-31", 
        "operating_revenue": 499249, 
        "accumulated_operating_revenue": 1516794, 
        "long_term_average": 505598, 
        "short_term_average": 505598
    }, 
    {
        "date": "2012-04-30", 
        "operating_revenue": 455760, 
        "accumulated_operating_revenue": 1972554, 
        "long_term_average": 493138, 
        "short_term_average": 487716
    }, 
    {
        "date": "2012-05-31", 
        "operating_revenue": 434217, 
        "accumulated_operating_revenue": 2406771, 
        "long_term_average": 481354, 
        "short_term_average": 463075
    }, 
    {
        "date": "2012-06-30", 
        "operating_revenue": 421054, 
        "accumulated_operating_revenue": 2827825, 
        "long_term_average": 471304, 
        "short_term_average": 437010
    }, 
    {
        "date": "2012-07-31", 
        "operating_revenue": 383536, 
        "accumulated_operating_revenue": 3211361, 
        "long_term_average": 458765, 
        "short_term_average": 412935
    }, 
    {
        "date": "2012-08-31", 
        "operating_revenue": 381981, 
        "accumulated_operating_revenue": 3593342, 
        "long_term_average": 449167, 
        "short_term_average": 395523
    }, 
    {
        "date": "2012-09-30", 
        "operating_revenue": 401549, 
        "accumulated_operating_revenue": 3994891, 
        "long_term_average": 443876, 
        "short_term_average": 389022
    }, 
    {
        "date": "2012-10-31", 
        "operating_revenue": 449966, 
        "accumulated_operating_revenue": 4444857, 
        "long_term_average": 444485, 
        "short_term_average": 411165
    }, 
    {
        "date": "2012-11-30", 
        "operating_revenue": 473238, 
        "accumulated_operating_revenue": 4918095, 
        "long_term_average": 447099, 
        "short_term_average": 441584
    }, 
    {
        "date": "2012-12-31", 
        "operating_revenue": 549297, 
        "accumulated_operating_revenue": 5467392, 
        "long_term_average": 455616, 
        "short_term_average": 490833
    }, 
    {
        "accumulated_operating_revenue_yoy": 4.656225706904539, 
        "accumulated_operating_revenue": 533123, 
        "long_term_average": 457592, 
        "date": "2013-01-31", 
        "operating_revenue": 533123, 
        "short_term_average": 518552
    }, 
    {
        "accumulated_operating_revenue_yoy": -3.406237561975146, 
        "accumulated_operating_revenue": 982885, 
        "long_term_average": 452727, 
        "date": "2013-02-28", 
        "operating_revenue": 449762, 
        "short_term_average": 510727
    }, 
    {
        "accumulated_operating_revenue_yoy": -2.950038040762292, 
        "accumulated_operating_revenue": 1472048, 
        "long_term_average": 451887, 
        "date": "2013-03-31", 
        "operating_revenue": 489163, 
        "short_term_average": 490682
    }, 
    {
        "accumulated_operating_revenue_yoy": 0.09976913179563145, 
        "accumulated_operating_revenue": 1974522, 
        "long_term_average": 455780, 
        "date": "2013-04-30", 
        "operating_revenue": 502474, 
        "short_term_average": 480466
    }, 
    {
        "accumulated_operating_revenue_yoy": 0.9448759354338241, 
        "accumulated_operating_revenue": 2429512, 
        "long_term_average": 457511, 
        "date": "2013-05-31", 
        "operating_revenue": 454990, 
        "short_term_average": 482209
    }, 
    {
        "accumulated_operating_revenue_yoy": -1.1015179510754731, 
        "accumulated_operating_revenue": 2796676, 
        "long_term_average": 453020, 
        "date": "2013-06-30", 
        "operating_revenue": 367164, 
        "short_term_average": 441542
    }, 
    {
        "accumulated_operating_revenue_yoy": -1.0714148923151274, 
        "accumulated_operating_revenue": 3176954, 
        "long_term_average": 452748, 
        "date": "2013-07-31", 
        "operating_revenue": 380278, 
        "short_term_average": 400810
    }, 
    {
        "accumulated_operating_revenue_yoy": -1.2340044448872387, 
        "accumulated_operating_revenue": 3549000, 
        "long_term_average": 451920, 
        "date": "2013-08-31", 
        "operating_revenue": 372046, 
        "short_term_average": 373162
    }, 
    {
        "accumulated_operating_revenue_yoy": -1.9367737442648623, 
        "accumulated_operating_revenue": 3917519, 
        "long_term_average": 449168, 
        "date": "2013-09-30", 
        "operating_revenue": 368519, 
        "short_term_average": 373614
    }, 
    {
        "accumulated_operating_revenue_yoy": -2.5652118842068488, 
        "accumulated_operating_revenue": 4330837, 
        "long_term_average": 446114, 
        "date": "2013-10-31", 
        "operating_revenue": 413318, 
        "short_term_average": 384627
    }, 
    {
        "accumulated_operating_revenue_yoy": -2.4116858255076408, 
        "accumulated_operating_revenue": 4799486, 
        "long_term_average": 445731, 
        "date": "2013-11-30", 
        "operating_revenue": 468649, 
        "short_term_average": 416828
    }, 
    {
        "accumulated_operating_revenue_yoy": -1.8826526431614927, 
        "accumulated_operating_revenue": 5364460, 
        "long_term_average": 447038, 
        "date": "2013-12-31", 
        "operating_revenue": 564974, 
        "short_term_average": 482313
    }, 
    {
        "accumulated_operating_revenue_yoy": -1.458012503681139, 
        "accumulated_operating_revenue": 525350, 
        "long_term_average": 446390, 
        "date": "2014-01-31", 
        "operating_revenue": 525350, 
        "short_term_average": 519657
    }, 
    {
        "accumulated_operating_revenue_yoy": 3.7050112678492395, 
        "accumulated_operating_revenue": 1019301, 
        "long_term_average": 450073, 
        "date": "2014-02-28", 
        "operating_revenue": 493951, 
        "short_term_average": 528091
    }, 
    {
        "accumulated_operating_revenue_yoy": 5.535145593078487, 
        "accumulated_operating_revenue": 1553528, 
        "long_term_average": 453828, 
        "date": "2014-03-31", 
        "operating_revenue": 534227, 
        "short_term_average": 517842
    }, 
    {
        "accumulated_operating_revenue_yoy": 2.5621897350346057, 
        "accumulated_operating_revenue": 2025113, 
        "long_term_average": 451254, 
        "date": "2014-04-30", 
        "operating_revenue": 471585, 
        "short_term_average": 499921
    }, 
    {
        "accumulated_operating_revenue_yoy": 2.5845519594058395, 
        "accumulated_operating_revenue": 2492304, 
        "long_term_average": 452271, 
        "date": "2014-05-31", 
        "operating_revenue": 467191, 
        "short_term_average": 491001
    }, 
    {
        "accumulated_operating_revenue_yoy": 3.5771751894034205, 
        "accumulated_operating_revenue": 2896718, 
        "long_term_average": 455375, 
        "date": "2014-06-30", 
        "operating_revenue": 404414, 
        "short_term_average": 447730
    }, 
    {
        "accumulated_operating_revenue_yoy": 4.335505015181209, 
        "accumulated_operating_revenue": 3314691, 
        "long_term_average": 458516, 
        "date": "2014-07-31", 
        "operating_revenue": 417973, 
        "short_term_average": 429859
    }, 
    {
        "accumulated_operating_revenue_yoy": 4.386221470836856, 
        "accumulated_operating_revenue": 3704667, 
        "long_term_average": 460010, 
        "date": "2014-08-31", 
        "operating_revenue": 389976, 
        "short_term_average": 404121
    }, 
    {
        "accumulated_operating_revenue_yoy": 4.083630481434806, 
        "accumulated_operating_revenue": 4077496, 
        "long_term_average": 460369, 
        "date": "2014-09-30", 
        "operating_revenue": 372829, 
        "short_term_average": 393592
    }, 
    {
        "accumulated_operating_revenue_yoy": 4.151691693776515, 
        "accumulated_operating_revenue": 4510640, 
        "long_term_average": 462021, 
        "date": "2014-10-31", 
        "operating_revenue": 433144, 
        "short_term_average": 398649
    }, 
    {
        "accumulated_operating_revenue_yoy": 3.6091989850579833, 
        "accumulated_operating_revenue": 4972709, 
        "long_term_average": 461473, 
        "date": "2014-11-30", 
        "operating_revenue": 462069, 
        "short_term_average": 422680
    }, 
    {
        "accumulated_operating_revenue_yoy": 2.8521976116887813, 
        "accumulated_operating_revenue": 5517465, 
        "long_term_average": 459788, 
        "date": "2014-12-31", 
        "operating_revenue": 544756, 
        "short_term_average": 479989
    }, 
    {
        "accumulated_operating_revenue_yoy": -15.571714095364994, 
        "accumulated_operating_revenue": 443544, 
        "long_term_average": 452971, 
        "date": "2015-01-31", 
        "operating_revenue": 443544, 
        "short_term_average": 483456
    }, 
    {
        "accumulated_operating_revenue_yoy": -18.3661156027513, 
        "accumulated_operating_revenue": 832095, 
        "long_term_average": 444188, 
        "date": "2015-02-28", 
        "operating_revenue": 388551, 
        "short_term_average": 458950
    }, 
    {
        "accumulated_operating_revenue_yoy": -19.681975477751287, 
        "accumulated_operating_revenue": 1247763, 
        "long_term_average": 434308, 
        "date": "2015-03-31", 
        "operating_revenue": 415668, 
        "short_term_average": 415921
    }, 
    {
        "accumulated_operating_revenue_yoy": -19.448346832991543, 
        "accumulated_operating_revenue": 1631262, 
        "long_term_average": 426967, 
        "date": "2015-04-30", 
        "operating_revenue": 383499, 
        "short_term_average": 395906
    }, 
    {
        "accumulated_operating_revenue_yoy": -20.136427979893305, 
        "accumulated_operating_revenue": 1990443, 
        "long_term_average": 417967, 
        "date": "2015-05-31", 
        "operating_revenue": 359181, 
        "short_term_average": 386116
    }, 
    {
        "accumulated_operating_revenue_yoy": -21.06611689505157, 
        "accumulated_operating_revenue": 2286492, 
        "long_term_average": 408936, 
        "date": "2015-06-30", 
        "operating_revenue": 296049, 
        "short_term_average": 346243
    }, 
    {
        "accumulated_operating_revenue_yoy": -21.74350489985341, 
        "accumulated_operating_revenue": 2593961, 
        "long_term_average": 399727, 
        "date": "2015-07-31", 
        "operating_revenue": 307469, 
        "short_term_average": 320899
    }, 
    {
        "accumulated_operating_revenue_yoy": -22.084845952416234, 
        "accumulated_operating_revenue": 2886497, 
        "long_term_average": 391607, 
        "date": "2015-08-31", 
        "operating_revenue": 292536, 
        "short_term_average": 298684
    }, 
    {
        "accumulated_operating_revenue_yoy": -22.220769805782766, 
        "accumulated_operating_revenue": 3171445, 
        "long_term_average": 384284, 
        "date": "2015-09-30", 
        "operating_revenue": 284948, 
        "short_term_average": 294984
    }
]