[
    {
        "date": "2011-09-30", 
        "operating_revenue": 3163145, 
        "accumulated_operating_revenue": 3163145, 
        "long_term_average": 3163145, 
        "short_term_average": 3163145
    }, 
    {
        "date": "2011-10-31", 
        "operating_revenue": 2949648, 
        "accumulated_operating_revenue": 6112793, 
        "long_term_average": 3056396, 
        "short_term_average": 3056396
    }, 
    {
        "date": "2011-11-30", 
        "operating_revenue": 3242478, 
        "accumulated_operating_revenue": 9355271, 
        "long_term_average": 3118423, 
        "short_term_average": 3118423
    }, 
    {
        "date": "2011-12-31", 
        "operating_revenue": 3576795, 
        "accumulated_operating_revenue": 12932066, 
        "long_term_average": 3233016, 
        "short_term_average": 3256307
    }, 
    {
        "date": "2012-01-31", 
        "operating_revenue": 2430132, 
        "accumulated_operating_revenue": 2430132, 
        "long_term_average": 3072439, 
        "short_term_average": 3083135
    }, 
    {
        "date": "2012-02-29", 
        "operating_revenue": 2811142, 
        "accumulated_operating_revenue": 5241274, 
        "long_term_average": 3028890, 
        "short_term_average": 2939356
    }, 
    {
        "date": "2012-03-31", 
        "operating_revenue": 2706773, 
        "accumulated_operating_revenue": 7948047, 
        "long_term_average": 2982873, 
        "short_term_average": 2649349
    }, 
    {
        "date": "2012-04-30", 
        "operating_revenue": 3163196, 
        "accumulated_operating_revenue": 11111243, 
        "long_term_average": 3005413, 
        "short_term_average": 2893703
    }, 
    {
        "date": "2012-05-31", 
        "operating_revenue": 3655956, 
        "accumulated_operating_revenue": 14767199, 
        "long_term_average": 3077696, 
        "short_term_average": 3175308
    }, 
    {
        "date": "2012-06-30", 
        "operating_revenue": 3244001, 
        "accumulated_operating_revenue": 18011200, 
        "long_term_average": 3094326, 
        "short_term_average": 3354384
    }, 
    {
        "date": "2012-07-31", 
        "operating_revenue": 3109544, 
        "accumulated_operating_revenue": 21120744, 
        "long_term_average": 3095710, 
        "short_term_average": 3336500
    }, 
    {
        "date": "2012-08-31", 
        "operating_revenue": 3243669, 
        "accumulated_operating_revenue": 24364413, 
        "long_term_average": 3108039, 
        "short_term_average": 3199071
    }, 
    {
        "accumulated_operating_revenue_yoy": 765.6420429667309, 
        "accumulated_operating_revenue": 27381513, 
        "long_term_average": 3095869, 
        "date": "2012-09-30", 
        "operating_revenue": 3017100, 
        "short_term_average": 3123437
    }, 
    {
        "accumulated_operating_revenue_yoy": 395.19947755469553, 
        "accumulated_operating_revenue": 30270519, 
        "long_term_average": 3090816, 
        "date": "2012-10-31", 
        "operating_revenue": 2889006, 
        "short_term_average": 3049925
    }, 
    {
        "accumulated_operating_revenue_yoy": 257.8743362966182, 
        "accumulated_operating_revenue": 33480114, 
        "long_term_average": 3088075, 
        "date": "2012-11-30", 
        "operating_revenue": 3209595, 
        "short_term_average": 3038567
    }, 
    {
        "accumulated_operating_revenue_yoy": 182.58094259648846, 
        "accumulated_operating_revenue": 36543554, 
        "long_term_average": 3045296, 
        "date": "2012-12-31", 
        "operating_revenue": 3063440, 
        "short_term_average": 3054013
    }, 
    {
        "accumulated_operating_revenue_yoy": 21.815070127877828, 
        "accumulated_operating_revenue": 2960267, 
        "long_term_average": 3089474, 
        "date": "2013-01-31", 
        "operating_revenue": 2960267, 
        "short_term_average": 3077767
    }, 
    {
        "accumulated_operating_revenue_yoy": 6.275420823257857, 
        "accumulated_operating_revenue": 5570186, 
        "long_term_average": 3072705, 
        "date": "2013-02-28", 
        "operating_revenue": 2609919, 
        "short_term_average": 2877875
    }, 
    {
        "accumulated_operating_revenue_yoy": 9.312413477172443, 
        "accumulated_operating_revenue": 8688202, 
        "long_term_average": 3106975, 
        "date": "2013-03-31", 
        "operating_revenue": 3118016, 
        "short_term_average": 2896067
    }, 
    {
        "accumulated_operating_revenue_yoy": 6.246366855625424, 
        "accumulated_operating_revenue": 11805292, 
        "long_term_average": 3103133, 
        "date": "2013-04-30", 
        "operating_revenue": 3117090, 
        "short_term_average": 2948341
    }, 
    {
        "accumulated_operating_revenue_yoy": 1.4056084705027676, 
        "accumulated_operating_revenue": 14974768, 
        "long_term_average": 3062593, 
        "date": "2013-05-31", 
        "operating_revenue": 3169476, 
        "short_term_average": 3134860
    }, 
    {
        "accumulated_operating_revenue_yoy": 2.556403793195345, 
        "accumulated_operating_revenue": 18471639, 
        "long_term_average": 3083666, 
        "date": "2013-06-30", 
        "operating_revenue": 3496871, 
        "short_term_average": 3261145
    }, 
    {
        "accumulated_operating_revenue_yoy": 3.476965584166922, 
        "accumulated_operating_revenue": 21855105, 
        "long_term_average": 3106492, 
        "date": "2013-07-31", 
        "operating_revenue": 3383466, 
        "short_term_average": 3349937
    }, 
    {
        "accumulated_operating_revenue_yoy": 3.2303794883135497, 
        "accumulated_operating_revenue": 25151476, 
        "long_term_average": 3110884, 
        "date": "2013-08-31", 
        "operating_revenue": 3296371, 
        "short_term_average": 3392236
    }, 
    {
        "accumulated_operating_revenue_yoy": 4.475592711038283, 
        "accumulated_operating_revenue": 28606998, 
        "long_term_average": 3147419, 
        "date": "2013-09-30", 
        "operating_revenue": 3455522, 
        "short_term_average": 3378453
    }, 
    {
        "accumulated_operating_revenue_yoy": 4.798054503128935, 
        "accumulated_operating_revenue": 31722915, 
        "long_term_average": 3166329, 
        "date": "2013-10-31", 
        "operating_revenue": 3115917, 
        "short_term_average": 3289270
    }, 
    {
        "accumulated_operating_revenue_yoy": 4.3194566183376795, 
        "accumulated_operating_revenue": 34926273, 
        "long_term_average": 3165809, 
        "date": "2013-11-30", 
        "operating_revenue": 3203358, 
        "short_term_average": 3258265
    }, 
    {
        "accumulated_operating_revenue_yoy": 6.021231541956756, 
        "accumulated_operating_revenue": 38743926, 
        "long_term_average": 3228660, 
        "date": "2013-12-31", 
        "operating_revenue": 3817653, 
        "short_term_average": 3378976
    }, 
    {
        "accumulated_operating_revenue_yoy": 27.199843797873633, 
        "accumulated_operating_revenue": 3765455, 
        "long_term_average": 3295759, 
        "date": "2014-01-31", 
        "operating_revenue": 3765455, 
        "short_term_average": 3595488
    }, 
    {
        "accumulated_operating_revenue_yoy": 19.177277024501514, 
        "accumulated_operating_revenue": 6638396, 
        "long_term_average": 3317678, 
        "date": "2014-02-28", 
        "operating_revenue": 2872941, 
        "short_term_average": 3485349
    }, 
    {
        "accumulated_operating_revenue_yoy": 17.902691488987017, 
        "accumulated_operating_revenue": 10243624, 
        "long_term_average": 3358279, 
        "date": "2014-03-31", 
        "operating_revenue": 3605228, 
        "short_term_average": 3414541
    }, 
    {
        "accumulated_operating_revenue_yoy": 18.851494736428375, 
        "accumulated_operating_revenue": 14030766, 
        "long_term_average": 3414116, 
        "date": "2014-04-30", 
        "operating_revenue": 3787142, 
        "short_term_average": 3421770
    }, 
    {
        "accumulated_operating_revenue_yoy": 20.84030283474175, 
        "accumulated_operating_revenue": 18095555, 
        "long_term_average": 3488726, 
        "date": "2014-05-31", 
        "operating_revenue": 4064789, 
        "short_term_average": 3819053
    }, 
    {
        "accumulated_operating_revenue_yoy": 20.11561074791468, 
        "accumulated_operating_revenue": 22187322, 
        "long_term_average": 3538300, 
        "date": "2014-06-30", 
        "operating_revenue": 4091767, 
        "short_term_average": 3981232
    }, 
    {
        "accumulated_operating_revenue_yoy": 19.00929782767001, 
        "accumulated_operating_revenue": 26009607, 
        "long_term_average": 3574869, 
        "date": "2014-07-31", 
        "operating_revenue": 3822285, 
        "short_term_average": 3992947
    }, 
    {
        "accumulated_operating_revenue_yoy": 20.505500353140306, 
        "accumulated_operating_revenue": 30308912, 
        "long_term_average": 3658446, 
        "date": "2014-08-31", 
        "operating_revenue": 4299305, 
        "short_term_average": 4071119
    }, 
    {
        "accumulated_operating_revenue_yoy": 20.721268970620404, 
        "accumulated_operating_revenue": 34534731, 
        "long_term_average": 3722638, 
        "date": "2014-09-30", 
        "operating_revenue": 4225819, 
        "short_term_average": 4115803
    }, 
    {
        "accumulated_operating_revenue_yoy": 20.71919620249274, 
        "accumulated_operating_revenue": 38295648, 
        "long_term_average": 3776388, 
        "date": "2014-10-31", 
        "operating_revenue": 3760917, 
        "short_term_average": 4095347
    }, 
    {
        "accumulated_operating_revenue_yoy": 22.38755334701759, 
        "accumulated_operating_revenue": 42745411, 
        "long_term_average": 3880255, 
        "date": "2014-11-30", 
        "operating_revenue": 4449763, 
        "short_term_average": 4145499
    }, 
    {
        "accumulated_operating_revenue_yoy": 22.82335042659332, 
        "accumulated_operating_revenue": 47586588, 
        "long_term_average": 3965549, 
        "date": "2014-12-31", 
        "operating_revenue": 4841177, 
        "short_term_average": 4350619
    }, 
    {
        "accumulated_operating_revenue_yoy": 18.83366020839447, 
        "accumulated_operating_revenue": 4474628, 
        "long_term_average": 4024646, 
        "date": "2015-01-31", 
        "operating_revenue": 4474628, 
        "short_term_average": 4588522
    }, 
    {
        "accumulated_operating_revenue_yoy": 23.13197344659764, 
        "accumulated_operating_revenue": 8173988, 
        "long_term_average": 4093515, 
        "date": "2015-02-28", 
        "operating_revenue": 3699360, 
        "short_term_average": 4338388
    }, 
    {
        "accumulated_operating_revenue_yoy": 20.4410177491872, 
        "accumulated_operating_revenue": 12337525, 
        "long_term_average": 4140040, 
        "date": "2015-03-31", 
        "operating_revenue": 4163537, 
        "short_term_average": 4112508
    }, 
    {
        "accumulated_operating_revenue_yoy": 19.233554319129833, 
        "accumulated_operating_revenue": 16729381, 
        "long_term_average": 4190433, 
        "date": "2015-04-30", 
        "operating_revenue": 4391856, 
        "short_term_average": 4084917
    }, 
    {
        "accumulated_operating_revenue_yoy": 18.548919886679354, 
        "accumulated_operating_revenue": 21452085, 
        "long_term_average": 4245259, 
        "date": "2015-05-31", 
        "operating_revenue": 4722704, 
        "short_term_average": 4426032
    }, 
    {
        "accumulated_operating_revenue_yoy": 18.1458582518431, 
        "accumulated_operating_revenue": 26213402, 
        "long_term_average": 4301055, 
        "date": "2015-06-30", 
        "operating_revenue": 4761317, 
        "short_term_average": 4625292
    }, 
    {
        "accumulated_operating_revenue_yoy": 17.11252307656936, 
        "accumulated_operating_revenue": 30460507, 
        "long_term_average": 4336457, 
        "date": "2015-07-31", 
        "operating_revenue": 4247105, 
        "short_term_average": 4577042
    }, 
    {
        "accumulated_operating_revenue_yoy": 17.197275177677113, 
        "accumulated_operating_revenue": 35521219, 
        "long_term_average": 4399907, 
        "date": "2015-08-31", 
        "operating_revenue": 5060712, 
        "short_term_average": 4689711
    }, 
    {
        "accumulated_operating_revenue_yoy": 18.486578048052554, 
        "accumulated_operating_revenue": 40919021, 
        "long_term_average": 4497573, 
        "date": "2015-09-30", 
        "operating_revenue": 5397802, 
        "short_term_average": 4901873
    }
]