[
    {
        "date": "2012-01-31", 
        "operating_revenue": 416690, 
        "accumulated_operating_revenue": 416690, 
        "long_term_average": 416690, 
        "short_term_average": 416690
    }, 
    {
        "date": "2012-02-29", 
        "operating_revenue": 308565, 
        "accumulated_operating_revenue": 725255, 
        "long_term_average": 362627, 
        "short_term_average": 362627
    }, 
    {
        "date": "2012-03-31", 
        "operating_revenue": 317524, 
        "accumulated_operating_revenue": 1042779, 
        "long_term_average": 347593, 
        "short_term_average": 347593
    }, 
    {
        "date": "2012-04-30", 
        "operating_revenue": 301456, 
        "accumulated_operating_revenue": 1344235, 
        "long_term_average": 336058, 
        "short_term_average": 309181
    }, 
    {
        "date": "2012-05-31", 
        "operating_revenue": 275314, 
        "accumulated_operating_revenue": 1619549, 
        "long_term_average": 323909, 
        "short_term_average": 298098
    }, 
    {
        "date": "2012-06-30", 
        "operating_revenue": 289847, 
        "accumulated_operating_revenue": 1909396, 
        "long_term_average": 318232, 
        "short_term_average": 288872
    }, 
    {
        "date": "2012-07-31", 
        "operating_revenue": 291593, 
        "accumulated_operating_revenue": 2200989, 
        "long_term_average": 314427, 
        "short_term_average": 285584
    }, 
    {
        "date": "2012-08-31", 
        "operating_revenue": 287193, 
        "accumulated_operating_revenue": 2488182, 
        "long_term_average": 311022, 
        "short_term_average": 289544
    }, 
    {
        "date": "2012-09-30", 
        "operating_revenue": 306845, 
        "accumulated_operating_revenue": 2795027, 
        "long_term_average": 310558, 
        "short_term_average": 295210
    }, 
    {
        "date": "2012-10-31", 
        "operating_revenue": 356915, 
        "accumulated_operating_revenue": 3151942, 
        "long_term_average": 315194, 
        "short_term_average": 316984
    }, 
    {
        "date": "2012-11-30", 
        "operating_revenue": 381427, 
        "accumulated_operating_revenue": 3533369, 
        "long_term_average": 321215, 
        "short_term_average": 348395
    }, 
    {
        "date": "2012-12-31", 
        "operating_revenue": 540235, 
        "accumulated_operating_revenue": 4073604, 
        "long_term_average": 339467, 
        "short_term_average": 426192
    }, 
    {
        "accumulated_operating_revenue_yoy": 12.136600350380379, 
        "accumulated_operating_revenue": 467262, 
        "long_term_average": 343681, 
        "date": "2013-01-31", 
        "operating_revenue": 467262, 
        "short_term_average": 462974
    }, 
    {
        "accumulated_operating_revenue_yoy": 0.5953767985053533, 
        "accumulated_operating_revenue": 729573, 
        "long_term_average": 339826, 
        "date": "2013-02-28", 
        "operating_revenue": 262311, 
        "short_term_average": 423269
    }, 
    {
        "accumulated_operating_revenue_yoy": 0.23418193116662303, 
        "accumulated_operating_revenue": 1045221, 
        "long_term_average": 339670, 
        "date": "2013-03-31", 
        "operating_revenue": 315648, 
        "short_term_average": 348407
    }, 
    {
        "accumulated_operating_revenue_yoy": -0.08651761038806459, 
        "accumulated_operating_revenue": 1343072, 
        "long_term_average": 339370, 
        "date": "2013-04-30", 
        "operating_revenue": 297851, 
        "short_term_average": 291936
    }, 
    {
        "accumulated_operating_revenue_yoy": 2.900992807256835, 
        "accumulated_operating_revenue": 1666532, 
        "long_term_average": 343382, 
        "date": "2013-05-31", 
        "operating_revenue": 323460, 
        "short_term_average": 312319
    }, 
    {
        "accumulated_operating_revenue_yoy": 4.01980521589026, 
        "accumulated_operating_revenue": 1986150, 
        "long_term_average": 345863, 
        "date": "2013-06-30", 
        "operating_revenue": 319618, 
        "short_term_average": 313643
    }, 
    {
        "accumulated_operating_revenue_yoy": 6.484902923185895, 
        "accumulated_operating_revenue": 2343721, 
        "long_term_average": 351361, 
        "date": "2013-07-31", 
        "operating_revenue": 357571, 
        "short_term_average": 333549
    }, 
    {
        "accumulated_operating_revenue_yoy": 7.869882508594629, 
        "accumulated_operating_revenue": 2683999, 
        "long_term_average": 355785, 
        "date": "2013-08-31", 
        "operating_revenue": 340278, 
        "short_term_average": 339155
    }, 
    {
        "accumulated_operating_revenue_yoy": 7.860961629350986, 
        "accumulated_operating_revenue": 3014743, 
        "long_term_average": 357776, 
        "date": "2013-09-30", 
        "operating_revenue": 330744, 
        "short_term_average": 342864
    }, 
    {
        "accumulated_operating_revenue_yoy": 8.027654062162311, 
        "accumulated_operating_revenue": 3404969, 
        "long_term_average": 360552, 
        "date": "2013-10-31", 
        "operating_revenue": 390226, 
        "short_term_average": 353749
    }, 
    {
        "accumulated_operating_revenue_yoy": 9.22762383436318, 
        "accumulated_operating_revenue": 3859415, 
        "long_term_average": 366637, 
        "date": "2013-11-30", 
        "operating_revenue": 454446, 
        "short_term_average": 391805
    }, 
    {
        "accumulated_operating_revenue_yoy": 10.109450992290855, 
        "accumulated_operating_revenue": 4485423, 
        "long_term_average": 373785, 
        "date": "2013-12-31", 
        "operating_revenue": 626008, 
        "short_term_average": 490226
    }, 
    {
        "accumulated_operating_revenue_yoy": 14.783568961310786, 
        "accumulated_operating_revenue": 536340, 
        "long_term_average": 379541, 
        "date": "2014-01-31", 
        "operating_revenue": 536340, 
        "short_term_average": 538931
    }, 
    {
        "accumulated_operating_revenue_yoy": 15.683557368488144, 
        "accumulated_operating_revenue": 843996, 
        "long_term_average": 383320, 
        "date": "2014-02-28", 
        "operating_revenue": 307656, 
        "short_term_average": 490001
    }, 
    {
        "accumulated_operating_revenue_yoy": 15.845165759203079, 
        "accumulated_operating_revenue": 1210838, 
        "long_term_average": 387586, 
        "date": "2014-03-31", 
        "operating_revenue": 366842, 
        "short_term_average": 403612
    }, 
    {
        "accumulated_operating_revenue_yoy": 16.459058040075288, 
        "accumulated_operating_revenue": 1564129, 
        "long_term_average": 392206, 
        "date": "2014-04-30", 
        "operating_revenue": 353291, 
        "short_term_average": 342596
    }, 
    {
        "accumulated_operating_revenue_yoy": 15.239611360597936, 
        "accumulated_operating_revenue": 1920505, 
        "long_term_average": 394949, 
        "date": "2014-05-31", 
        "operating_revenue": 356376, 
        "short_term_average": 358836
    }, 
    {
        "accumulated_operating_revenue_yoy": 14.476852201495355, 
        "accumulated_operating_revenue": 2273682, 
        "long_term_average": 397746, 
        "date": "2014-06-30", 
        "operating_revenue": 353177, 
        "short_term_average": 354281
    }, 
    {
        "accumulated_operating_revenue_yoy": 11.573604537400142, 
        "accumulated_operating_revenue": 2614974, 
        "long_term_average": 396389, 
        "date": "2014-07-31", 
        "operating_revenue": 341292, 
        "short_term_average": 350281
    }, 
    {
        "accumulated_operating_revenue_yoy": 10.097321198703876, 
        "accumulated_operating_revenue": 2955011, 
        "long_term_average": 396369, 
        "date": "2014-08-31", 
        "operating_revenue": 340037, 
        "short_term_average": 344835
    }, 
    {
        "accumulated_operating_revenue_yoy": 10.740915560629878, 
        "accumulated_operating_revenue": 3338554, 
        "long_term_average": 400769, 
        "date": "2014-09-30", 
        "operating_revenue": 383543, 
        "short_term_average": 354957
    }, 
    {
        "accumulated_operating_revenue_yoy": 10.757513504528236, 
        "accumulated_operating_revenue": 3771259, 
        "long_term_average": 404309, 
        "date": "2014-10-31", 
        "operating_revenue": 432705, 
        "short_term_average": 385428
    }, 
    {
        "accumulated_operating_revenue_yoy": 9.378182962962004, 
        "accumulated_operating_revenue": 4221358, 
        "long_term_average": 403947, 
        "date": "2014-11-30", 
        "operating_revenue": 450099, 
        "short_term_average": 422115
    }, 
    {
        "accumulated_operating_revenue_yoy": 8.166520749548036, 
        "accumulated_operating_revenue": 4851726, 
        "long_term_average": 404310, 
        "date": "2014-12-31", 
        "operating_revenue": 630368, 
        "short_term_average": 504390
    }, 
    {
        "accumulated_operating_revenue_yoy": -3.3478763470932615, 
        "accumulated_operating_revenue": 518384, 
        "long_term_average": 402814, 
        "date": "2015-01-31", 
        "operating_revenue": 518384, 
        "short_term_average": 532950
    }, 
    {
        "accumulated_operating_revenue_yoy": 6.1852188872933045, 
        "accumulated_operating_revenue": 896199, 
        "long_term_average": 408660, 
        "date": "2015-02-28", 
        "operating_revenue": 377815, 
        "short_term_average": 508855
    }, 
    {
        "accumulated_operating_revenue_yoy": 3.6957875454850275, 
        "accumulated_operating_revenue": 1255588, 
        "long_term_average": 408039, 
        "date": "2015-03-31", 
        "operating_revenue": 359389, 
        "short_term_average": 418529
    }, 
    {
        "accumulated_operating_revenue_yoy": 2.052899728858681, 
        "accumulated_operating_revenue": 1596239, 
        "long_term_average": 406986, 
        "date": "2015-04-30", 
        "operating_revenue": 340651, 
        "short_term_average": 359285
    }, 
    {
        "accumulated_operating_revenue_yoy": 1.7882275755595534, 
        "accumulated_operating_revenue": 1954848, 
        "long_term_average": 407172, 
        "date": "2015-05-31", 
        "operating_revenue": 358609, 
        "short_term_average": 352883
    }, 
    {
        "accumulated_operating_revenue_yoy": 3.134255362007528, 
        "accumulated_operating_revenue": 2344945, 
        "long_term_average": 410249, 
        "date": "2015-06-30", 
        "operating_revenue": 390097, 
        "short_term_average": 363119
    }, 
    {
        "accumulated_operating_revenue_yoy": 3.8525430845583934, 
        "accumulated_operating_revenue": 2715717, 
        "long_term_average": 412705, 
        "date": "2015-07-31", 
        "operating_revenue": 370772, 
        "short_term_average": 373159
    }, 
    {
        "accumulated_operating_revenue_yoy": 4.624382108899087, 
        "accumulated_operating_revenue": 3091662, 
        "long_term_average": 415698, 
        "date": "2015-08-31", 
        "operating_revenue": 375945, 
        "short_term_average": 378938
    }
]