[
    {
        "date": "2011-09-30", 
        "operating_revenue": 57817, 
        "accumulated_operating_revenue": 57817, 
        "long_term_average": 57817, 
        "short_term_average": 57817
    }, 
    {
        "date": "2011-10-31", 
        "operating_revenue": 60084, 
        "accumulated_operating_revenue": 117901, 
        "long_term_average": 58950, 
        "short_term_average": 58950
    }, 
    {
        "date": "2011-11-30", 
        "operating_revenue": 63953, 
        "accumulated_operating_revenue": 181854, 
        "long_term_average": 60618, 
        "short_term_average": 60618
    }, 
    {
        "date": "2011-12-31", 
        "operating_revenue": 54833, 
        "accumulated_operating_revenue": 236687, 
        "long_term_average": 59171, 
        "short_term_average": 59623
    }, 
    {
        "date": "2012-01-31", 
        "operating_revenue": 55556, 
        "accumulated_operating_revenue": 55556, 
        "long_term_average": 58448, 
        "short_term_average": 58114
    }, 
    {
        "date": "2012-02-29", 
        "operating_revenue": 50512, 
        "accumulated_operating_revenue": 106068, 
        "long_term_average": 57125, 
        "short_term_average": 53633
    }, 
    {
        "date": "2012-03-31", 
        "operating_revenue": 61264, 
        "accumulated_operating_revenue": 167332, 
        "long_term_average": 57717, 
        "short_term_average": 55777
    }, 
    {
        "date": "2012-04-30", 
        "operating_revenue": 55435, 
        "accumulated_operating_revenue": 222767, 
        "long_term_average": 57431, 
        "short_term_average": 55737
    }, 
    {
        "date": "2012-05-31", 
        "operating_revenue": 55049, 
        "accumulated_operating_revenue": 277816, 
        "long_term_average": 57167, 
        "short_term_average": 57249
    }, 
    {
        "date": "2012-06-30", 
        "operating_revenue": 54948, 
        "accumulated_operating_revenue": 332764, 
        "long_term_average": 56945, 
        "short_term_average": 55144
    }, 
    {
        "date": "2012-07-31", 
        "operating_revenue": 49345, 
        "accumulated_operating_revenue": 382109, 
        "long_term_average": 56254, 
        "short_term_average": 53114
    }, 
    {
        "date": "2012-08-31", 
        "operating_revenue": 49920, 
        "accumulated_operating_revenue": 432029, 
        "long_term_average": 55726, 
        "short_term_average": 51404
    }, 
    {
        "accumulated_operating_revenue_yoy": 751.45199508795, 
        "accumulated_operating_revenue": 492284, 
        "long_term_average": 55929, 
        "date": "2012-09-30", 
        "operating_revenue": 60255, 
        "short_term_average": 53173
    }, 
    {
        "accumulated_operating_revenue_yoy": 362.36673141025096, 
        "accumulated_operating_revenue": 545135, 
        "long_term_average": 55326, 
        "date": "2012-10-31", 
        "operating_revenue": 52851, 
        "short_term_average": 54342
    }, 
    {
        "accumulated_operating_revenue_yoy": 230.1170169476613, 
        "accumulated_operating_revenue": 600331, 
        "long_term_average": 54597, 
        "date": "2012-11-30", 
        "operating_revenue": 55196, 
        "short_term_average": 56100
    }, 
    {
        "accumulated_operating_revenue_yoy": 170.78462272959646, 
        "accumulated_operating_revenue": 640912, 
        "long_term_average": 53409, 
        "date": "2012-12-31", 
        "operating_revenue": 40581, 
        "short_term_average": 49542
    }, 
    {
        "accumulated_operating_revenue_yoy": -15.706674346605226, 
        "accumulated_operating_revenue": 46830, 
        "long_term_average": 52682, 
        "date": "2013-01-31", 
        "operating_revenue": 46830, 
        "short_term_average": 47535
    }, 
    {
        "accumulated_operating_revenue_yoy": -11.879171852019459, 
        "accumulated_operating_revenue": 93468, 
        "long_term_average": 52359, 
        "date": "2013-02-28", 
        "operating_revenue": 46638, 
        "short_term_average": 44683
    }, 
    {
        "accumulated_operating_revenue_yoy": -15.622236033753257, 
        "accumulated_operating_revenue": 141191, 
        "long_term_average": 51230, 
        "date": "2013-03-31", 
        "operating_revenue": 47723, 
        "short_term_average": 47063
    }, 
    {
        "accumulated_operating_revenue_yoy": -16.361040908213514, 
        "accumulated_operating_revenue": 186320, 
        "long_term_average": 50372, 
        "date": "2013-04-30", 
        "operating_revenue": 45129, 
        "short_term_average": 46496
    }, 
    {
        "accumulated_operating_revenue_yoy": -13.097157831082443, 
        "accumulated_operating_revenue": 241430, 
        "long_term_average": 50377, 
        "date": "2013-05-31", 
        "operating_revenue": 55110, 
        "short_term_average": 49320
    }, 
    {
        "accumulated_operating_revenue_yoy": -12.416607565722254, 
        "accumulated_operating_revenue": 291446, 
        "long_term_average": 49966, 
        "date": "2013-06-30", 
        "operating_revenue": 50016, 
        "short_term_average": 50085
    }, 
    {
        "accumulated_operating_revenue_yoy": -9.581559188608486, 
        "accumulated_operating_revenue": 345497, 
        "long_term_average": 50358, 
        "date": "2013-07-31", 
        "operating_revenue": 54051, 
        "short_term_average": 53059
    }, 
    {
        "accumulated_operating_revenue_yoy": -9.529221418006662, 
        "accumulated_operating_revenue": 390860, 
        "long_term_average": 49978, 
        "date": "2013-08-31", 
        "operating_revenue": 45363, 
        "short_term_average": 49810
    }, 
    {
        "accumulated_operating_revenue_yoy": -9.54530311771254, 
        "accumulated_operating_revenue": 445294, 
        "long_term_average": 49493, 
        "date": "2013-09-30", 
        "operating_revenue": 54434, 
        "short_term_average": 51282
    }, 
    {
        "accumulated_operating_revenue_yoy": -7.122089023819787, 
        "accumulated_operating_revenue": 506310, 
        "long_term_average": 50173, 
        "date": "2013-10-31", 
        "operating_revenue": 61016, 
        "short_term_average": 53604
    }, 
    {
        "accumulated_operating_revenue_yoy": -4.820340778670434, 
        "accumulated_operating_revenue": 571393, 
        "long_term_average": 50997, 
        "date": "2013-11-30", 
        "operating_revenue": 65083, 
        "short_term_average": 60177
    }, 
    {
        "accumulated_operating_revenue_yoy": -2.366315500411913, 
        "accumulated_operating_revenue": 625746, 
        "long_term_average": 52145, 
        "date": "2013-12-31", 
        "operating_revenue": 54353, 
        "short_term_average": 60150
    }, 
    {
        "accumulated_operating_revenue_yoy": 20.52957505872304, 
        "accumulated_operating_revenue": 56444, 
        "long_term_average": 52946, 
        "date": "2014-01-31", 
        "operating_revenue": 56444, 
        "short_term_average": 58626
    }, 
    {
        "accumulated_operating_revenue_yoy": 21.312106817306457, 
        "accumulated_operating_revenue": 113388, 
        "long_term_average": 53805, 
        "date": "2014-02-28", 
        "operating_revenue": 56944, 
        "short_term_average": 55913
    }, 
    {
        "accumulated_operating_revenue_yoy": 22.636003711284715, 
        "accumulated_operating_revenue": 173151, 
        "long_term_average": 54808, 
        "date": "2014-03-31", 
        "operating_revenue": 59763, 
        "short_term_average": 57717
    }, 
    {
        "accumulated_operating_revenue_yoy": 25.55495920996136, 
        "accumulated_operating_revenue": 233934, 
        "long_term_average": 56113, 
        "date": "2014-04-30", 
        "operating_revenue": 60783, 
        "short_term_average": 59163
    }, 
    {
        "accumulated_operating_revenue_yoy": 20.700410056745227, 
        "accumulated_operating_revenue": 291407, 
        "long_term_average": 56310, 
        "date": "2014-05-31", 
        "operating_revenue": 57473, 
        "short_term_average": 59339
    }, 
    {
        "accumulated_operating_revenue_yoy": 20.514949596151602, 
        "accumulated_operating_revenue": 351236, 
        "long_term_average": 57128, 
        "date": "2014-06-30", 
        "operating_revenue": 59829, 
        "short_term_average": 59361
    }, 
    {
        "accumulated_operating_revenue_yoy": 18.678888673418292, 
        "accumulated_operating_revenue": 410032, 
        "long_term_average": 57523, 
        "date": "2014-07-31", 
        "operating_revenue": 58796, 
        "short_term_average": 58699
    }, 
    {
        "accumulated_operating_revenue_yoy": 16.176380289617768, 
        "accumulated_operating_revenue": 454087, 
        "long_term_average": 57414, 
        "date": "2014-08-31", 
        "operating_revenue": 44055, 
        "short_term_average": 54226
    }, 
    {
        "accumulated_operating_revenue_yoy": 12.766621602806236, 
        "accumulated_operating_revenue": 502143, 
        "long_term_average": 56882, 
        "date": "2014-09-30", 
        "operating_revenue": 48056, 
        "short_term_average": 50302
    }, 
    {
        "accumulated_operating_revenue_yoy": 12.324860263474946, 
        "accumulated_operating_revenue": 568712, 
        "long_term_average": 57345, 
        "date": "2014-10-31", 
        "operating_revenue": 66569, 
        "short_term_average": 52893
    }, 
    {
        "accumulated_operating_revenue_yoy": 10.34506898054404, 
        "accumulated_operating_revenue": 630504, 
        "long_term_average": 57071, 
        "date": "2014-11-30", 
        "operating_revenue": 61792, 
        "short_term_average": 58805
    }, 
    {
        "accumulated_operating_revenue_yoy": 9.461187127045159, 
        "accumulated_operating_revenue": 684949, 
        "long_term_average": 57079, 
        "date": "2014-12-31", 
        "operating_revenue": 54445, 
        "short_term_average": 60935
    }, 
    {
        "accumulated_operating_revenue_yoy": -1.0116221387569981, 
        "accumulated_operating_revenue": 55873, 
        "long_term_average": 57031, 
        "date": "2015-01-31", 
        "operating_revenue": 55873, 
        "short_term_average": 57370
    }, 
    {
        "accumulated_operating_revenue_yoy": -8.072282781246692, 
        "accumulated_operating_revenue": 104235, 
        "long_term_average": 56316, 
        "date": "2015-02-28", 
        "operating_revenue": 48362, 
        "short_term_average": 52893
    }, 
    {
        "accumulated_operating_revenue_yoy": -4.896304381724622, 
        "accumulated_operating_revenue": 164673, 
        "long_term_average": 56372, 
        "date": "2015-03-31", 
        "operating_revenue": 60438, 
        "short_term_average": 54891
    }, 
    {
        "accumulated_operating_revenue_yoy": -6.580061042858241, 
        "accumulated_operating_revenue": 218541, 
        "long_term_average": 55796, 
        "date": "2015-04-30", 
        "operating_revenue": 53868, 
        "short_term_average": 54222
    }, 
    {
        "accumulated_operating_revenue_yoy": -9.477466224215616, 
        "accumulated_operating_revenue": 263789, 
        "long_term_average": 54777, 
        "date": "2015-05-31", 
        "operating_revenue": 45248, 
        "short_term_average": 53184
    }, 
    {
        "accumulated_operating_revenue_yoy": -8.841348836679613, 
        "accumulated_operating_revenue": 320182, 
        "long_term_average": 54491, 
        "date": "2015-06-30", 
        "operating_revenue": 56393, 
        "short_term_average": 51836
    }, 
    {
        "accumulated_operating_revenue_yoy": -7.67891286533734, 
        "accumulated_operating_revenue": 378546, 
        "long_term_average": 54455, 
        "date": "2015-07-31", 
        "operating_revenue": 58364, 
        "short_term_average": 53335
    }, 
    {
        "accumulated_operating_revenue_yoy": -6.068881073450683, 
        "accumulated_operating_revenue": 426529, 
        "long_term_average": 54782, 
        "date": "2015-08-31", 
        "operating_revenue": 47983, 
        "short_term_average": 54246
    }
]