[
    {
        "date": "2011-11-30", 
        "operating_revenue": 1896000, 
        "accumulated_operating_revenue": 1896000, 
        "long_term_average": 1896000, 
        "short_term_average": 1896000
    }, 
    {
        "date": "2011-12-31", 
        "operating_revenue": 1928000, 
        "accumulated_operating_revenue": 3824000, 
        "long_term_average": 1912000, 
        "short_term_average": 1912000
    }, 
    {
        "date": "2012-01-31", 
        "operating_revenue": 1177819, 
        "accumulated_operating_revenue": 1177819, 
        "long_term_average": 1667273, 
        "short_term_average": 1667273
    }, 
    {
        "date": "2012-02-29", 
        "operating_revenue": 1772066, 
        "accumulated_operating_revenue": 2949885, 
        "long_term_average": 1693471, 
        "short_term_average": 1625961
    }, 
    {
        "date": "2012-03-31", 
        "operating_revenue": 1723818, 
        "accumulated_operating_revenue": 4673703, 
        "long_term_average": 1699540, 
        "short_term_average": 1557901
    }, 
    {
        "date": "2012-04-30", 
        "operating_revenue": 1365863, 
        "accumulated_operating_revenue": 6039566, 
        "long_term_average": 1643927, 
        "short_term_average": 1620582
    }, 
    {
        "date": "2012-05-31", 
        "operating_revenue": 1833415, 
        "accumulated_operating_revenue": 7872981, 
        "long_term_average": 1670997, 
        "short_term_average": 1641032
    }, 
    {
        "date": "2012-06-30", 
        "operating_revenue": 2077539, 
        "accumulated_operating_revenue": 9950520, 
        "long_term_average": 1721815, 
        "short_term_average": 1758939
    }, 
    {
        "date": "2012-07-31", 
        "operating_revenue": 2476364, 
        "accumulated_operating_revenue": 12426884, 
        "long_term_average": 1805653, 
        "short_term_average": 2129106
    }, 
    {
        "date": "2012-08-31", 
        "operating_revenue": 2648576, 
        "accumulated_operating_revenue": 15075460, 
        "long_term_average": 1889946, 
        "short_term_average": 2400826
    }, 
    {
        "date": "2012-09-30", 
        "operating_revenue": 2470268, 
        "accumulated_operating_revenue": 17545728, 
        "long_term_average": 1942702, 
        "short_term_average": 2531736
    }, 
    {
        "date": "2012-10-31", 
        "operating_revenue": 2394945, 
        "accumulated_operating_revenue": 19940673, 
        "long_term_average": 1980389, 
        "short_term_average": 2504596
    }, 
    {
        "accumulated_operating_revenue_yoy": 1073.5604957805908, 
        "accumulated_operating_revenue": 22250707, 
        "long_term_average": 2014892, 
        "date": "2012-11-30", 
        "operating_revenue": 2310034, 
        "short_term_average": 2391749
    }, 
    {
        "accumulated_operating_revenue_yoy": 532.7714958158996, 
        "accumulated_operating_revenue": 24197182, 
        "long_term_average": 2016431, 
        "date": "2012-12-31", 
        "operating_revenue": 1946475, 
        "short_term_average": 2217151
    }, 
    {
        "accumulated_operating_revenue_yoy": 66.76170107631138, 
        "accumulated_operating_revenue": 1964151, 
        "long_term_average": 2081959, 
        "date": "2013-01-31", 
        "operating_revenue": 1964151, 
        "short_term_average": 2073553
    }, 
    {
        "accumulated_operating_revenue_yoy": 13.299128610098359, 
        "accumulated_operating_revenue": 3342194, 
        "long_term_average": 2049124, 
        "date": "2013-02-28", 
        "operating_revenue": 1378043, 
        "short_term_average": 1762889
    }, 
    {
        "accumulated_operating_revenue_yoy": 12.94506732670005, 
        "accumulated_operating_revenue": 5278717, 
        "long_term_average": 2066849, 
        "date": "2013-03-31", 
        "operating_revenue": 1936523, 
        "short_term_average": 1759572
    }, 
    {
        "accumulated_operating_revenue_yoy": 16.470090731685026, 
        "accumulated_operating_revenue": 7034288, 
        "long_term_average": 2099325, 
        "date": "2013-04-30", 
        "operating_revenue": 1755571, 
        "short_term_average": 1690045
    }, 
    {
        "accumulated_operating_revenue_yoy": 13.921588277680335, 
        "accumulated_operating_revenue": 8969025, 
        "long_term_average": 2107768, 
        "date": "2013-05-31", 
        "operating_revenue": 1934737, 
        "short_term_average": 1875610
    }, 
    {
        "accumulated_operating_revenue_yoy": 10.888305334796573, 
        "accumulated_operating_revenue": 11033963, 
        "long_term_average": 2106718, 
        "date": "2013-06-30", 
        "operating_revenue": 2064938, 
        "short_term_average": 1918415
    }, 
    {
        "accumulated_operating_revenue_yoy": 11.81107830410262, 
        "accumulated_operating_revenue": 13894633, 
        "long_term_average": 2138744, 
        "date": "2013-07-31", 
        "operating_revenue": 2860670, 
        "short_term_average": 2286781
    }, 
    {
        "accumulated_operating_revenue_yoy": 8.817807217822873, 
        "accumulated_operating_revenue": 16404785, 
        "long_term_average": 2127208, 
        "date": "2013-08-31", 
        "operating_revenue": 2510152, 
        "short_term_average": 2478586
    }, 
    {
        "accumulated_operating_revenue_yoy": 6.7831155253290145, 
        "accumulated_operating_revenue": 18735875, 
        "long_term_average": 2115610, 
        "date": "2013-09-30", 
        "operating_revenue": 2331090, 
        "short_term_average": 2567304
    }, 
    {
        "accumulated_operating_revenue_yoy": 6.25067669481366, 
        "accumulated_operating_revenue": 21187100, 
        "long_term_average": 2120300, 
        "date": "2013-10-31", 
        "operating_revenue": 2451225, 
        "short_term_average": 2430822
    }, 
    {
        "accumulated_operating_revenue_yoy": 4.213043657444233, 
        "accumulated_operating_revenue": 23188139, 
        "long_term_average": 2094551, 
        "date": "2013-11-30", 
        "operating_revenue": 2001039, 
        "short_term_average": 2261118
    }, 
    {
        "accumulated_operating_revenue_yoy": 4.727781937582649, 
        "accumulated_operating_revenue": 25341172, 
        "long_term_average": 2111764, 
        "date": "2013-12-31", 
        "operating_revenue": 2153033, 
        "short_term_average": 2201765
    }, 
    {
        "accumulated_operating_revenue_yoy": -10.122236019532103, 
        "accumulated_operating_revenue": 1765335, 
        "long_term_average": 2095196, 
        "date": "2014-01-31", 
        "operating_revenue": 1765335, 
        "short_term_average": 1973135
    }, 
    {
        "accumulated_operating_revenue_yoy": 5.564727840454504, 
        "accumulated_operating_revenue": 3528178, 
        "long_term_average": 2127263, 
        "date": "2014-02-28", 
        "operating_revenue": 1762843, 
        "short_term_average": 1893737
    }, 
    {
        "accumulated_operating_revenue_yoy": 7.439156143434096, 
        "accumulated_operating_revenue": 5671409, 
        "long_term_average": 2144488, 
        "date": "2014-03-31", 
        "operating_revenue": 2143231, 
        "short_term_average": 1890469
    }, 
    {
        "accumulated_operating_revenue_yoy": 9.72253339641482, 
        "accumulated_operating_revenue": 7718199, 
        "long_term_average": 2168756, 
        "date": "2014-04-30", 
        "operating_revenue": 2046790, 
        "short_term_average": 1984288
    }, 
    {
        "accumulated_operating_revenue_yoy": 9.4348382349252, 
        "accumulated_operating_revenue": 9815238, 
        "long_term_average": 2182282, 
        "date": "2014-05-31", 
        "operating_revenue": 2097039, 
        "short_term_average": 2095686
    }, 
    {
        "accumulated_operating_revenue_yoy": 12.674902027494564, 
        "accumulated_operating_revenue": 12432507, 
        "long_term_average": 2228309, 
        "date": "2014-06-30", 
        "operating_revenue": 2617269, 
        "short_term_average": 2253699
    }, 
    {
        "accumulated_operating_revenue_yoy": 10.735101819529886, 
        "accumulated_operating_revenue": 15386236, 
        "long_term_average": 2236064, 
        "date": "2014-07-31", 
        "operating_revenue": 2953729, 
        "short_term_average": 2556012
    }, 
    {
        "accumulated_operating_revenue_yoy": 8.450339336967842, 
        "accumulated_operating_revenue": 17791045, 
        "long_term_average": 2227286, 
        "date": "2014-08-31", 
        "operating_revenue": 2404809, 
        "short_term_average": 2658602
    }, 
    {
        "accumulated_operating_revenue_yoy": 7.5944091215382254, 
        "accumulated_operating_revenue": 20158754, 
        "long_term_average": 2230337, 
        "date": "2014-09-30", 
        "operating_revenue": 2367709, 
        "short_term_average": 2575415
    }, 
    {
        "accumulated_operating_revenue_yoy": 6.867145574429724, 
        "accumulated_operating_revenue": 22642049, 
        "long_term_average": 2233010, 
        "date": "2014-10-31", 
        "operating_revenue": 2483295, 
        "short_term_average": 2418604
    }, 
    {
        "accumulated_operating_revenue_yoy": 6.572812936820846, 
        "accumulated_operating_revenue": 24712252, 
        "long_term_average": 2238773, 
        "date": "2014-11-30", 
        "operating_revenue": 2070203, 
        "short_term_average": 2307069
    }, 
    {
        "accumulated_operating_revenue_yoy": 7.442698388219772, 
        "accumulated_operating_revenue": 27227239, 
        "long_term_average": 2268936, 
        "date": "2014-12-31", 
        "operating_revenue": 2514987, 
        "short_term_average": 2356161
    }, 
    {
        "accumulated_operating_revenue_yoy": 15.558916579572715, 
        "accumulated_operating_revenue": 2040002, 
        "long_term_average": 2291825, 
        "date": "2015-01-31", 
        "operating_revenue": 2040002, 
        "short_term_average": 2208397
    }, 
    {
        "accumulated_operating_revenue_yoy": 6.89202755643281, 
        "accumulated_operating_revenue": 3771341, 
        "long_term_average": 2289200, 
        "date": "2015-02-28", 
        "operating_revenue": 1731339, 
        "short_term_average": 2095442
    }, 
    {
        "accumulated_operating_revenue_yoy": 9.219014181484706, 
        "accumulated_operating_revenue": 6194257, 
        "long_term_average": 2312507, 
        "date": "2015-03-31", 
        "operating_revenue": 2422916, 
        "short_term_average": 2064752
    }, 
    {
        "accumulated_operating_revenue_yoy": 10.535773954519701, 
        "accumulated_operating_revenue": 8531371, 
        "long_term_average": 2336700, 
        "date": "2015-04-30", 
        "operating_revenue": 2337114, 
        "short_term_average": 2163789
    }, 
    {
        "accumulated_operating_revenue_yoy": 8.651028125858996, 
        "accumulated_operating_revenue": 10664357, 
        "long_term_average": 2339696, 
        "date": "2015-05-31", 
        "operating_revenue": 2132986, 
        "short_term_average": 2297672
    }, 
    {
        "accumulated_operating_revenue_yoy": 6.412922188581917, 
        "accumulated_operating_revenue": 13229794, 
        "long_term_average": 2335377, 
        "date": "2015-06-30", 
        "operating_revenue": 2565437, 
        "short_term_average": 2345179
    }, 
    {
        "accumulated_operating_revenue_yoy": 7.231391745193562, 
        "accumulated_operating_revenue": 16498875, 
        "long_term_average": 2361656, 
        "date": "2015-07-31", 
        "operating_revenue": 3269081, 
        "short_term_average": 2655834
    }, 
    {
        "accumulated_operating_revenue_yoy": 7.3378039345075, 
        "accumulated_operating_revenue": 19096517, 
        "long_term_average": 2377725, 
        "date": "2015-08-31", 
        "operating_revenue": 2597642, 
        "short_term_average": 2810720
    }
]