[
    {
        "date": "2011-10-31", 
        "operating_revenue": 934790, 
        "accumulated_operating_revenue": 934790, 
        "long_term_average": 934790, 
        "short_term_average": 934790
    }, 
    {
        "date": "2011-11-30", 
        "operating_revenue": 964357, 
        "accumulated_operating_revenue": 1899147, 
        "long_term_average": 949573, 
        "short_term_average": 949573
    }, 
    {
        "date": "2011-12-31", 
        "operating_revenue": 1003110, 
        "accumulated_operating_revenue": 2902257, 
        "long_term_average": 967419, 
        "short_term_average": 967419
    }, 
    {
        "date": "2012-01-31", 
        "operating_revenue": 958983, 
        "accumulated_operating_revenue": 958983, 
        "long_term_average": 965310, 
        "short_term_average": 975483
    }, 
    {
        "date": "2012-02-29", 
        "operating_revenue": 977274, 
        "accumulated_operating_revenue": 1936257, 
        "long_term_average": 967702, 
        "short_term_average": 979789
    }, 
    {
        "date": "2012-03-31", 
        "operating_revenue": 1057314, 
        "accumulated_operating_revenue": 2993571, 
        "long_term_average": 982638, 
        "short_term_average": 997857
    }, 
    {
        "date": "2012-04-30", 
        "operating_revenue": 975966, 
        "accumulated_operating_revenue": 3969537, 
        "long_term_average": 981684, 
        "short_term_average": 1003518
    }, 
    {
        "date": "2012-05-31", 
        "operating_revenue": 1045428, 
        "accumulated_operating_revenue": 5014965, 
        "long_term_average": 989652, 
        "short_term_average": 1026236
    }, 
    {
        "date": "2012-06-30", 
        "operating_revenue": 997474, 
        "accumulated_operating_revenue": 6012439, 
        "long_term_average": 990521, 
        "short_term_average": 1006289
    }, 
    {
        "date": "2012-07-31", 
        "operating_revenue": 1006737, 
        "accumulated_operating_revenue": 7019176, 
        "long_term_average": 992143, 
        "short_term_average": 1016546
    }, 
    {
        "date": "2012-08-31", 
        "operating_revenue": 1017260, 
        "accumulated_operating_revenue": 8036436, 
        "long_term_average": 994426, 
        "short_term_average": 1007157
    }, 
    {
        "date": "2012-09-30", 
        "operating_revenue": 1019258, 
        "accumulated_operating_revenue": 9055694, 
        "long_term_average": 996495, 
        "short_term_average": 1014418
    }, 
    {
        "accumulated_operating_revenue_yoy": 974.1577252644978, 
        "accumulated_operating_revenue": 10041119, 
        "long_term_average": 1000715, 
        "date": "2012-10-31", 
        "operating_revenue": 985425, 
        "short_term_average": 1007314
    }, 
    {
        "accumulated_operating_revenue_yoy": 481.0469121137015, 
        "accumulated_operating_revenue": 11034935, 
        "long_term_average": 1003170, 
        "date": "2012-11-30", 
        "operating_revenue": 993816, 
        "short_term_average": 999499
    }, 
    {
        "accumulated_operating_revenue_yoy": 315.4927010254433, 
        "accumulated_operating_revenue": 12058666, 
        "long_term_average": 1004888, 
        "date": "2012-12-31", 
        "operating_revenue": 1023731, 
        "short_term_average": 1000990
    }, 
    {
        "accumulated_operating_revenue_yoy": 3.848347676653288, 
        "accumulated_operating_revenue": 995888, 
        "long_term_average": 1007964, 
        "date": "2013-01-31", 
        "operating_revenue": 995888, 
        "short_term_average": 1004478
    }, 
    {
        "accumulated_operating_revenue_yoy": 1.8100386467292304, 
        "accumulated_operating_revenue": 1971304, 
        "long_term_average": 1007809, 
        "date": "2013-02-28", 
        "operating_revenue": 975416, 
        "short_term_average": 998345
    }, 
    {
        "accumulated_operating_revenue_yoy": 1.98939661026914, 
        "accumulated_operating_revenue": 3053125, 
        "long_term_average": 1009851, 
        "date": "2013-03-31", 
        "operating_revenue": 1081821, 
        "short_term_average": 1017708
    }, 
    {
        "accumulated_operating_revenue_yoy": 3.44992375685124, 
        "accumulated_operating_revenue": 4106483, 
        "long_term_average": 1016301, 
        "date": "2013-04-30", 
        "operating_revenue": 1053358, 
        "short_term_average": 1036865
    }, 
    {
        "accumulated_operating_revenue_yoy": 2.6023112823319803, 
        "accumulated_operating_revenue": 5145470, 
        "long_term_average": 1015764, 
        "date": "2013-05-31", 
        "operating_revenue": 1038987, 
        "short_term_average": 1058055
    }, 
    {
        "accumulated_operating_revenue_yoy": 2.848760710919479, 
        "accumulated_operating_revenue": 6183719, 
        "long_term_average": 1019162, 
        "date": "2013-06-30", 
        "operating_revenue": 1038249, 
        "short_term_average": 1043531
    }, 
    {
        "accumulated_operating_revenue_yoy": 2.6408655374932897, 
        "accumulated_operating_revenue": 7204543, 
        "long_term_average": 1020336, 
        "date": "2013-07-31", 
        "operating_revenue": 1020824, 
        "short_term_average": 1032686
    }, 
    {
        "accumulated_operating_revenue_yoy": 2.7144619828988867, 
        "accumulated_operating_revenue": 8254582, 
        "long_term_average": 1023067, 
        "date": "2013-08-31", 
        "operating_revenue": 1050039, 
        "short_term_average": 1036370
    }, 
    {
        "accumulated_operating_revenue_yoy": 3.0359241378960022, 
        "accumulated_operating_revenue": 9330618, 
        "long_term_average": 1027799, 
        "date": "2013-09-30", 
        "operating_revenue": 1076036, 
        "short_term_average": 1048966
    }, 
    {
        "accumulated_operating_revenue_yoy": 3.3607011330111716, 
        "accumulated_operating_revenue": 10378571, 
        "long_term_average": 1033009, 
        "date": "2013-10-31", 
        "operating_revenue": 1047953, 
        "short_term_average": 1058009
    }, 
    {
        "accumulated_operating_revenue_yoy": 4.037749202872513, 
        "accumulated_operating_revenue": 11480498, 
        "long_term_average": 1042019, 
        "date": "2013-11-30", 
        "operating_revenue": 1101927, 
        "short_term_average": 1075305
    }, 
    {
        "accumulated_operating_revenue_yoy": 4.594878073577957, 
        "accumulated_operating_revenue": 12612747, 
        "long_term_average": 1051062, 
        "date": "2013-12-31", 
        "operating_revenue": 1132249, 
        "short_term_average": 1094043
    }, 
    {
        "accumulated_operating_revenue_yoy": 9.37203781951384, 
        "accumulated_operating_revenue": 1089223, 
        "long_term_average": 1058840, 
        "date": "2014-01-31", 
        "operating_revenue": 1089223, 
        "short_term_average": 1107799
    }, 
    {
        "accumulated_operating_revenue_yoy": 5.624855425647186, 
        "accumulated_operating_revenue": 2082187, 
        "long_term_average": 1060302, 
        "date": "2014-02-28", 
        "operating_revenue": 992964, 
        "short_term_average": 1071478
    }, 
    {
        "accumulated_operating_revenue_yoy": 2.965944728761515, 
        "accumulated_operating_revenue": 3143679, 
        "long_term_average": 1058608, 
        "date": "2014-03-31", 
        "operating_revenue": 1061492, 
        "short_term_average": 1047893
    }, 
    {
        "accumulated_operating_revenue_yoy": 2.0281832409874823, 
        "accumulated_operating_revenue": 4189770, 
        "long_term_average": 1058002, 
        "date": "2014-04-30", 
        "operating_revenue": 1046091, 
        "short_term_average": 1033515
    }, 
    {
        "accumulated_operating_revenue_yoy": 2.5721459847205406, 
        "accumulated_operating_revenue": 5277819, 
        "long_term_average": 1062091, 
        "date": "2014-05-31", 
        "operating_revenue": 1088049, 
        "short_term_average": 1065210
    }, 
    {
        "accumulated_operating_revenue_yoy": 2.3653079966926054, 
        "accumulated_operating_revenue": 6329983, 
        "long_term_average": 1063250, 
        "date": "2014-06-30", 
        "operating_revenue": 1052164, 
        "short_term_average": 1062101
    }, 
    {
        "accumulated_operating_revenue_yoy": 3.0022029155770187, 
        "accumulated_operating_revenue": 7420838, 
        "long_term_average": 1069086, 
        "date": "2014-07-31", 
        "operating_revenue": 1090855, 
        "short_term_average": 1077022
    }, 
    {
        "accumulated_operating_revenue_yoy": 3.668411071572128, 
        "accumulated_operating_revenue": 8557394, 
        "long_term_average": 1076296, 
        "date": "2014-08-31", 
        "operating_revenue": 1136556, 
        "short_term_average": 1093191
    }, 
    {
        "accumulated_operating_revenue_yoy": 3.0709755773947665, 
        "accumulated_operating_revenue": 9617159, 
        "long_term_average": 1074940, 
        "date": "2014-09-30", 
        "operating_revenue": 1059765, 
        "short_term_average": 1095725
    }, 
    {
        "accumulated_operating_revenue_yoy": 3.0770228386933036, 
        "accumulated_operating_revenue": 10697922, 
        "long_term_average": 1077674, 
        "date": "2014-10-31", 
        "operating_revenue": 1080763, 
        "short_term_average": 1092361
    }, 
    {
        "accumulated_operating_revenue_yoy": 3.2778281917735623, 
        "accumulated_operating_revenue": 11856809, 
        "long_term_average": 1082421, 
        "date": "2014-11-30", 
        "operating_revenue": 1158887, 
        "short_term_average": 1099805
    }, 
    {
        "accumulated_operating_revenue_yoy": 3.6405154245938656, 
        "accumulated_operating_revenue": 13071916, 
        "long_term_average": 1089326, 
        "date": "2014-12-31", 
        "operating_revenue": 1215107, 
        "short_term_average": 1151585
    }, 
    {
        "accumulated_operating_revenue_yoy": 10.011540336551835, 
        "accumulated_operating_revenue": 1198271, 
        "long_term_average": 1098413, 
        "date": "2015-01-31", 
        "operating_revenue": 1198271, 
        "short_term_average": 1190755
    }, 
    {
        "accumulated_operating_revenue_yoy": 7.8300844256543725, 
        "accumulated_operating_revenue": 2245224, 
        "long_term_average": 1102912, 
        "date": "2015-02-28", 
        "operating_revenue": 1046953, 
        "short_term_average": 1153443
    }, 
    {
        "accumulated_operating_revenue_yoy": 4.672582665087625, 
        "accumulated_operating_revenue": 3290570, 
        "long_term_average": 1101567, 
        "date": "2015-03-31", 
        "operating_revenue": 1045346, 
        "short_term_average": 1096856
    }, 
    {
        "accumulated_operating_revenue_yoy": 4.558149970046088, 
        "accumulated_operating_revenue": 4380746, 
        "long_term_average": 1105241, 
        "date": "2015-04-30", 
        "operating_revenue": 1090176, 
        "short_term_average": 1060825
    }, 
    {
        "accumulated_operating_revenue_yoy": 3.7343834640786278, 
        "accumulated_operating_revenue": 5474913, 
        "long_term_average": 1105750, 
        "date": "2015-05-31", 
        "operating_revenue": 1094167, 
        "short_term_average": 1076563
    }, 
    {
        "accumulated_operating_revenue_yoy": 4.181748987319555, 
        "accumulated_operating_revenue": 6594687, 
        "long_term_average": 1111385, 
        "date": "2015-06-30", 
        "operating_revenue": 1119774, 
        "short_term_average": 1101372
    }, 
    {
        "accumulated_operating_revenue_yoy": 3.6270431991642997, 
        "accumulated_operating_revenue": 7689995, 
        "long_term_average": 1111756, 
        "date": "2015-07-31", 
        "operating_revenue": 1095308, 
        "short_term_average": 1103083
    }, 
    {
        "accumulated_operating_revenue_yoy": 2.81567028466844, 
        "accumulated_operating_revenue": 8798342, 
        "long_term_average": 1109405, 
        "date": "2015-08-31", 
        "operating_revenue": 1108347, 
        "short_term_average": 1107809
    }
]