[
    {
        "date": "2012-01-31", 
        "operating_revenue": 244876, 
        "accumulated_operating_revenue": 244876, 
        "long_term_average": 244876, 
        "short_term_average": 244876
    }, 
    {
        "date": "2012-02-29", 
        "operating_revenue": 247037, 
        "accumulated_operating_revenue": 491913, 
        "long_term_average": 245956, 
        "short_term_average": 245956
    }, 
    {
        "date": "2012-03-31", 
        "operating_revenue": 349830, 
        "accumulated_operating_revenue": 841743, 
        "long_term_average": 280581, 
        "short_term_average": 280581
    }, 
    {
        "date": "2012-04-30", 
        "operating_revenue": 245992, 
        "accumulated_operating_revenue": 1087735, 
        "long_term_average": 271933, 
        "short_term_average": 280953
    }, 
    {
        "date": "2012-05-31", 
        "operating_revenue": 253581, 
        "accumulated_operating_revenue": 1341316, 
        "long_term_average": 268263, 
        "short_term_average": 283134
    }, 
    {
        "date": "2012-06-30", 
        "operating_revenue": 183585, 
        "accumulated_operating_revenue": 1524901, 
        "long_term_average": 254150, 
        "short_term_average": 227719
    }, 
    {
        "date": "2012-07-31", 
        "operating_revenue": 188745, 
        "accumulated_operating_revenue": 1713646, 
        "long_term_average": 244806, 
        "short_term_average": 208637
    }, 
    {
        "date": "2012-08-31", 
        "operating_revenue": 179951, 
        "accumulated_operating_revenue": 1893597, 
        "long_term_average": 236699, 
        "short_term_average": 184093
    }, 
    {
        "date": "2012-09-30", 
        "operating_revenue": 121279, 
        "accumulated_operating_revenue": 2014876, 
        "long_term_average": 223875, 
        "short_term_average": 163325
    }, 
    {
        "date": "2012-10-31", 
        "operating_revenue": 197608, 
        "accumulated_operating_revenue": 2212484, 
        "long_term_average": 221248, 
        "short_term_average": 166279
    }, 
    {
        "date": "2012-11-30", 
        "operating_revenue": 243215, 
        "accumulated_operating_revenue": 2455699, 
        "long_term_average": 223245, 
        "short_term_average": 187367
    }, 
    {
        "date": "2012-12-31", 
        "operating_revenue": 332740, 
        "accumulated_operating_revenue": 2788439, 
        "long_term_average": 232369, 
        "short_term_average": 257854
    }, 
    {
        "accumulated_operating_revenue_yoy": 19.776131593132853, 
        "accumulated_operating_revenue": 293303, 
        "long_term_average": 236405, 
        "date": "2013-01-31", 
        "operating_revenue": 293303, 
        "short_term_average": 289752
    }, 
    {
        "accumulated_operating_revenue_yoy": 13.047225830583864, 
        "accumulated_operating_revenue": 556094, 
        "long_term_average": 237718, 
        "date": "2013-02-28", 
        "operating_revenue": 262791, 
        "short_term_average": 296278
    }, 
    {
        "accumulated_operating_revenue_yoy": 2.0521703180186828, 
        "accumulated_operating_revenue": 859017, 
        "long_term_average": 233809, 
        "date": "2013-03-31", 
        "operating_revenue": 302923, 
        "short_term_average": 286339
    }, 
    {
        "accumulated_operating_revenue_yoy": 4.244783885781004, 
        "accumulated_operating_revenue": 1133907, 
        "long_term_average": 236217, 
        "date": "2013-04-30", 
        "operating_revenue": 274890, 
        "short_term_average": 280201
    }, 
    {
        "accumulated_operating_revenue_yoy": 2.3902644865192095, 
        "accumulated_operating_revenue": 1373377, 
        "long_term_average": 235041, 
        "date": "2013-05-31", 
        "operating_revenue": 239470, 
        "short_term_average": 272427
    }, 
    {
        "accumulated_operating_revenue_yoy": 3.26106416088651, 
        "accumulated_operating_revenue": 1574629, 
        "long_term_average": 236513, 
        "date": "2013-06-30", 
        "operating_revenue": 201252, 
        "short_term_average": 238537
    }, 
    {
        "accumulated_operating_revenue_yoy": 1.1389166724049191, 
        "accumulated_operating_revenue": 1733163, 
        "long_term_average": 233996, 
        "date": "2013-07-31", 
        "operating_revenue": 158534, 
        "short_term_average": 199752
    }, 
    {
        "accumulated_operating_revenue_yoy": -1.00074091794611, 
        "accumulated_operating_revenue": 1874647, 
        "long_term_average": 230790, 
        "date": "2013-08-31", 
        "operating_revenue": 141484, 
        "short_term_average": 167090
    }, 
    {
        "accumulated_operating_revenue_yoy": 0.14427686865097405, 
        "accumulated_operating_revenue": 2017783, 
        "long_term_average": 232612, 
        "date": "2013-09-30", 
        "operating_revenue": 143136, 
        "short_term_average": 147718
    }, 
    {
        "accumulated_operating_revenue_yoy": -0.7638021337103454, 
        "accumulated_operating_revenue": 2195585, 
        "long_term_average": 230961, 
        "date": "2013-10-31", 
        "operating_revenue": 177802, 
        "short_term_average": 154140
    }, 
    {
        "accumulated_operating_revenue_yoy": -1.8877313546977865, 
        "accumulated_operating_revenue": 2409342, 
        "long_term_average": 228506, 
        "date": "2013-11-30", 
        "operating_revenue": 213757, 
        "short_term_average": 178231
    }, 
    {
        "accumulated_operating_revenue_yoy": -3.901717053878532, 
        "accumulated_operating_revenue": 2679642, 
        "long_term_average": 223303, 
        "date": "2013-12-31", 
        "operating_revenue": 270300, 
        "short_term_average": 220619
    }, 
    {
        "accumulated_operating_revenue_yoy": 15.935056920658841, 
        "accumulated_operating_revenue": 340041, 
        "long_term_average": 227198, 
        "date": "2014-01-31", 
        "operating_revenue": 340041, 
        "short_term_average": 274699
    }, 
    {
        "accumulated_operating_revenue_yoy": 10.761669789639882, 
        "accumulated_operating_revenue": 615939, 
        "long_term_average": 228290, 
        "date": "2014-02-28", 
        "operating_revenue": 275898, 
        "short_term_average": 295413
    }, 
    {
        "accumulated_operating_revenue_yoy": 11.407806830365406, 
        "accumulated_operating_revenue": 957012, 
        "long_term_average": 231469, 
        "date": "2014-03-31", 
        "operating_revenue": 341073, 
        "short_term_average": 319004
    }, 
    {
        "accumulated_operating_revenue_yoy": 9.18814329570238, 
        "accumulated_operating_revenue": 1238092, 
        "long_term_average": 231985, 
        "date": "2014-04-30", 
        "operating_revenue": 281080, 
        "short_term_average": 299350
    }, 
    {
        "accumulated_operating_revenue_yoy": 7.119530908119183, 
        "accumulated_operating_revenue": 1471155, 
        "long_term_average": 231451, 
        "date": "2014-05-31", 
        "operating_revenue": 233063, 
        "short_term_average": 285072
    }, 
    {
        "accumulated_operating_revenue_yoy": 5.168201525565705, 
        "accumulated_operating_revenue": 1656009, 
        "long_term_average": 230085, 
        "date": "2014-06-30", 
        "operating_revenue": 184854, 
        "short_term_average": 232999
    }, 
    {
        "accumulated_operating_revenue_yoy": 5.501444468869922, 
        "accumulated_operating_revenue": 1828512, 
        "long_term_average": 231249, 
        "date": "2014-07-31", 
        "operating_revenue": 172503, 
        "short_term_average": 196806
    }, 
    {
        "accumulated_operating_revenue_yoy": 5.859396462373983, 
        "accumulated_operating_revenue": 1984490, 
        "long_term_average": 232457, 
        "date": "2014-08-31", 
        "operating_revenue": 155978, 
        "short_term_average": 171111
    }, 
    {
        "accumulated_operating_revenue_yoy": 6.423188221924756, 
        "accumulated_operating_revenue": 2147389, 
        "long_term_average": 234104, 
        "date": "2014-09-30", 
        "operating_revenue": 162899, 
        "short_term_average": 163793
    }, 
    {
        "accumulated_operating_revenue_yoy": 5.884490921553937, 
        "accumulated_operating_revenue": 2324784, 
        "long_term_average": 234070, 
        "date": "2014-10-31", 
        "operating_revenue": 177395, 
        "short_term_average": 165424
    }, 
    {
        "accumulated_operating_revenue_yoy": 4.590796989385484, 
        "accumulated_operating_revenue": 2519950, 
        "long_term_average": 232520, 
        "date": "2014-11-30", 
        "operating_revenue": 195166, 
        "short_term_average": 178486
    }, 
    {
        "accumulated_operating_revenue_yoy": 4.07789548006786, 
        "accumulated_operating_revenue": 2788915, 
        "long_term_average": 232409, 
        "date": "2014-12-31", 
        "operating_revenue": 268965, 
        "short_term_average": 213842
    }, 
    {
        "accumulated_operating_revenue_yoy": -16.052476024949932, 
        "accumulated_operating_revenue": 285456, 
        "long_term_average": 227860, 
        "date": "2015-01-31", 
        "operating_revenue": 285456, 
        "short_term_average": 249862
    }, 
    {
        "accumulated_operating_revenue_yoy": -13.967941630583546, 
        "accumulated_operating_revenue": 529905, 
        "long_term_average": 225240, 
        "date": "2015-02-28", 
        "operating_revenue": 244449, 
        "short_term_average": 266290
    }, 
    {
        "accumulated_operating_revenue_yoy": -17.274914003168192, 
        "accumulated_operating_revenue": 791689, 
        "long_term_average": 218632, 
        "date": "2015-03-31", 
        "operating_revenue": 261784, 
        "short_term_average": 263896
    }, 
    {
        "accumulated_operating_revenue_yoy": -19.045757504288858, 
        "accumulated_operating_revenue": 1002288, 
        "long_term_average": 212759, 
        "date": "2015-04-30", 
        "operating_revenue": 210599, 
        "short_term_average": 238944
    }, 
    {
        "accumulated_operating_revenue_yoy": -19.781872066505567, 
        "accumulated_operating_revenue": 1180133, 
        "long_term_average": 208157, 
        "date": "2015-05-31", 
        "operating_revenue": 177845, 
        "short_term_average": 216742
    }, 
    {
        "accumulated_operating_revenue_yoy": -20.207378099998248, 
        "accumulated_operating_revenue": 1321373, 
        "long_term_average": 204523, 
        "date": "2015-06-30", 
        "operating_revenue": 141240, 
        "short_term_average": 176561
    }, 
    {
        "accumulated_operating_revenue_yoy": -21.232400990532195, 
        "accumulated_operating_revenue": 1440275, 
        "long_term_average": 200056, 
        "date": "2015-07-31", 
        "operating_revenue": 118902, 
        "short_term_average": 145995
    }, 
    {
        "accumulated_operating_revenue_yoy": -21.7227600038297, 
        "accumulated_operating_revenue": 1553404, 
        "long_term_average": 196485, 
        "date": "2015-08-31", 
        "operating_revenue": 113129, 
        "short_term_average": 124423
    }
]