[
    {
        "date": "2012-01-31", 
        "operating_revenue": 434409, 
        "accumulated_operating_revenue": 434409, 
        "long_term_average": 434409, 
        "short_term_average": 434409
    }, 
    {
        "date": "2012-02-29", 
        "operating_revenue": 397205, 
        "accumulated_operating_revenue": 831614, 
        "long_term_average": 415807, 
        "short_term_average": 415807
    }, 
    {
        "date": "2012-03-31", 
        "operating_revenue": 469832, 
        "accumulated_operating_revenue": 1301446, 
        "long_term_average": 433815, 
        "short_term_average": 433815
    }, 
    {
        "date": "2012-04-30", 
        "operating_revenue": 360776, 
        "accumulated_operating_revenue": 1662222, 
        "long_term_average": 415555, 
        "short_term_average": 409271
    }, 
    {
        "date": "2012-05-31", 
        "operating_revenue": 473847, 
        "accumulated_operating_revenue": 2136069, 
        "long_term_average": 427213, 
        "short_term_average": 434818
    }, 
    {
        "date": "2012-06-30", 
        "operating_revenue": 418905, 
        "accumulated_operating_revenue": 2554974, 
        "long_term_average": 425829, 
        "short_term_average": 417842
    }, 
    {
        "date": "2012-07-31", 
        "operating_revenue": 431851, 
        "accumulated_operating_revenue": 2986825, 
        "long_term_average": 426689, 
        "short_term_average": 441534
    }, 
    {
        "date": "2012-08-31", 
        "operating_revenue": 446883, 
        "accumulated_operating_revenue": 3433708, 
        "long_term_average": 429213, 
        "short_term_average": 432546
    }, 
    {
        "date": "2012-09-30", 
        "operating_revenue": 294181, 
        "accumulated_operating_revenue": 3727889, 
        "long_term_average": 414209, 
        "short_term_average": 390971
    }, 
    {
        "date": "2012-10-31", 
        "operating_revenue": 332047, 
        "accumulated_operating_revenue": 4059936, 
        "long_term_average": 405993, 
        "short_term_average": 357703
    }, 
    {
        "date": "2012-11-30", 
        "operating_revenue": 311998, 
        "accumulated_operating_revenue": 4371934, 
        "long_term_average": 397448, 
        "short_term_average": 312742
    }, 
    {
        "date": "2012-12-31", 
        "operating_revenue": 243182, 
        "accumulated_operating_revenue": 4615116, 
        "long_term_average": 384593, 
        "short_term_average": 295742
    }, 
    {
        "accumulated_operating_revenue_yoy": -12.258493723656738, 
        "accumulated_operating_revenue": 381157, 
        "long_term_average": 380155, 
        "date": "2013-01-31", 
        "operating_revenue": 381157, 
        "short_term_average": 312112
    }, 
    {
        "accumulated_operating_revenue_yoy": -18.9045638962307, 
        "accumulated_operating_revenue": 674401, 
        "long_term_average": 371491, 
        "date": "2013-02-28", 
        "operating_revenue": 293244, 
        "short_term_average": 305861
    }, 
    {
        "accumulated_operating_revenue_yoy": -17.988606519210173, 
        "accumulated_operating_revenue": 1067334, 
        "long_term_average": 365083, 
        "date": "2013-03-31", 
        "operating_revenue": 392933, 
        "short_term_average": 355778
    }, 
    {
        "accumulated_operating_revenue_yoy": -16.450389899784746, 
        "accumulated_operating_revenue": 1388780, 
        "long_term_average": 361806, 
        "date": "2013-04-30", 
        "operating_revenue": 321446, 
        "short_term_average": 335874
    }, 
    {
        "accumulated_operating_revenue_yoy": -16.670435271519786, 
        "accumulated_operating_revenue": 1779977, 
        "long_term_average": 354918, 
        "date": "2013-05-31", 
        "operating_revenue": 391197, 
        "short_term_average": 368525
    }, 
    {
        "accumulated_operating_revenue_yoy": -17.00557422502147, 
        "accumulated_operating_revenue": 2120486, 
        "long_term_average": 348385, 
        "date": "2013-06-30", 
        "operating_revenue": 340509, 
        "short_term_average": 351050
    }, 
    {
        "accumulated_operating_revenue_yoy": -18.443966419190946, 
        "accumulated_operating_revenue": 2435936, 
        "long_term_average": 338685, 
        "date": "2013-07-31", 
        "operating_revenue": 315450, 
        "short_term_average": 349052
    }, 
    {
        "accumulated_operating_revenue_yoy": -18.712365757367838, 
        "accumulated_operating_revenue": 2791180, 
        "long_term_average": 331049, 
        "date": "2013-08-31", 
        "operating_revenue": 355244, 
        "short_term_average": 337067
    }, 
    {
        "accumulated_operating_revenue_yoy": -13.031879436324417, 
        "accumulated_operating_revenue": 3242075, 
        "long_term_average": 344108, 
        "date": "2013-09-30", 
        "operating_revenue": 450895, 
        "short_term_average": 373863
    }, 
    {
        "accumulated_operating_revenue_yoy": -10.891156904936434, 
        "accumulated_operating_revenue": 3617762, 
        "long_term_average": 347745, 
        "date": "2013-10-31", 
        "operating_revenue": 375687, 
        "short_term_average": 393942
    }, 
    {
        "accumulated_operating_revenue_yoy": -7.405830005667973, 
        "accumulated_operating_revenue": 4048156, 
        "long_term_average": 357611, 
        "date": "2013-11-30", 
        "operating_revenue": 430394, 
        "short_term_average": 418992
    }, 
    {
        "accumulated_operating_revenue_yoy": -3.8150937051203044, 
        "accumulated_operating_revenue": 4439045, 
        "long_term_average": 369920, 
        "date": "2013-12-31", 
        "operating_revenue": 390889, 
        "short_term_average": 398990
    }, 
    {
        "accumulated_operating_revenue_yoy": 17.753838969243645, 
        "accumulated_operating_revenue": 448827, 
        "long_term_average": 375559, 
        "date": "2014-01-31", 
        "operating_revenue": 448827, 
        "short_term_average": 423370
    }, 
    {
        "accumulated_operating_revenue_yoy": 16.956825390235185, 
        "accumulated_operating_revenue": 788758, 
        "long_term_average": 379450, 
        "date": "2014-02-28", 
        "operating_revenue": 339931, 
        "short_term_average": 393215
    }, 
    {
        "accumulated_operating_revenue_yoy": 11.551585539296976, 
        "accumulated_operating_revenue": 1190628, 
        "long_term_average": 380194, 
        "date": "2014-03-31", 
        "operating_revenue": 401870, 
        "short_term_average": 396876
    }, 
    {
        "accumulated_operating_revenue_yoy": 14.078903786056825, 
        "accumulated_operating_revenue": 1584305, 
        "long_term_average": 386214, 
        "date": "2014-04-30", 
        "operating_revenue": 393677, 
        "short_term_average": 378492
    }, 
    {
        "accumulated_operating_revenue_yoy": 10.67704807421669, 
        "accumulated_operating_revenue": 1970026, 
        "long_term_average": 385757, 
        "date": "2014-05-31", 
        "operating_revenue": 385721, 
        "short_term_average": 393756
    }, 
    {
        "accumulated_operating_revenue_yoy": 7.044658630144221, 
        "accumulated_operating_revenue": 2269867, 
        "long_term_average": 382368, 
        "date": "2014-06-30", 
        "operating_revenue": 299841, 
        "short_term_average": 359746
    }, 
    {
        "accumulated_operating_revenue_yoy": 9.407554221457378, 
        "accumulated_operating_revenue": 2665098, 
        "long_term_average": 389017, 
        "date": "2014-07-31", 
        "operating_revenue": 395231, 
        "short_term_average": 360264
    }, 
    {
        "accumulated_operating_revenue_yoy": 7.7830165019812405, 
        "accumulated_operating_revenue": 3008418, 
        "long_term_average": 388023, 
        "date": "2014-08-31", 
        "operating_revenue": 343320, 
        "short_term_average": 346130
    }, 
    {
        "accumulated_operating_revenue_yoy": 3.5492084544620344, 
        "accumulated_operating_revenue": 3357143, 
        "long_term_average": 379509, 
        "date": "2014-09-30", 
        "operating_revenue": 348725, 
        "short_term_average": 362425
    }, 
    {
        "accumulated_operating_revenue_yoy": 2.080623324585752, 
        "accumulated_operating_revenue": 3693034, 
        "long_term_average": 376193, 
        "date": "2014-10-31", 
        "operating_revenue": 335891, 
        "short_term_average": 342645
    }, 
    {
        "accumulated_operating_revenue_yoy": -1.0144618932669591, 
        "accumulated_operating_revenue": 4007089, 
        "long_term_average": 366498, 
        "date": "2014-11-30", 
        "operating_revenue": 314055, 
        "short_term_average": 332890
    }, 
    {
        "accumulated_operating_revenue_yoy": -1.9245130427828507, 
        "accumulated_operating_revenue": 4353615, 
        "long_term_average": 362801, 
        "date": "2014-12-31", 
        "operating_revenue": 346526, 
        "short_term_average": 332157
    }, 
    {
        "accumulated_operating_revenue_yoy": -25.066673796362522, 
        "accumulated_operating_revenue": 336321, 
        "long_term_average": 353425, 
        "date": "2015-01-31", 
        "operating_revenue": 336321, 
        "short_term_average": 332300
    }, 
    {
        "accumulated_operating_revenue_yoy": -17.475955869861227, 
        "accumulated_operating_revenue": 650915, 
        "long_term_average": 351314, 
        "date": "2015-02-28", 
        "operating_revenue": 314594, 
        "short_term_average": 332480
    }, 
    {
        "accumulated_operating_revenue_yoy": -11.971077448203806, 
        "accumulated_operating_revenue": 1048097, 
        "long_term_average": 350923, 
        "date": "2015-03-31", 
        "operating_revenue": 397182, 
        "short_term_average": 349365
    }, 
    {
        "accumulated_operating_revenue_yoy": -4.031862551718262, 
        "accumulated_operating_revenue": 1520428, 
        "long_term_average": 357478, 
        "date": "2015-04-30", 
        "operating_revenue": 472331, 
        "short_term_average": 394702
    }, 
    {
        "accumulated_operating_revenue_yoy": -3.4932026277825776, 
        "accumulated_operating_revenue": 1901209, 
        "long_term_average": 357066, 
        "date": "2015-05-31", 
        "operating_revenue": 380781, 
        "short_term_average": 416764
    }, 
    {
        "accumulated_operating_revenue_yoy": -2.4554742634700624, 
        "accumulated_operating_revenue": 2214131, 
        "long_term_average": 358156, 
        "date": "2015-06-30", 
        "operating_revenue": 312922, 
        "short_term_average": 388678
    }, 
    {
        "accumulated_operating_revenue_yoy": -2.4296292293941915, 
        "accumulated_operating_revenue": 2600346, 
        "long_term_average": 357405, 
        "date": "2015-07-31", 
        "operating_revenue": 386215, 
        "short_term_average": 359972
    }, 
    {
        "accumulated_operating_revenue_yoy": -2.1602383711306077, 
        "accumulated_operating_revenue": 2943429, 
        "long_term_average": 357385, 
        "date": "2015-08-31", 
        "operating_revenue": 343083, 
        "short_term_average": 347406
    }
]