[
    {
        "date": "2011-09-30", 
        "operating_revenue": 4276000, 
        "accumulated_operating_revenue": 4276000, 
        "long_term_average": 4276000, 
        "short_term_average": 4276000
    }, 
    {
        "date": "2011-10-31", 
        "operating_revenue": 4131000, 
        "accumulated_operating_revenue": 8407000, 
        "long_term_average": 4203500, 
        "short_term_average": 4203500
    }, 
    {
        "date": "2011-11-30", 
        "operating_revenue": 3702000, 
        "accumulated_operating_revenue": 12109000, 
        "long_term_average": 4036333, 
        "short_term_average": 4036333
    }, 
    {
        "date": "2011-12-31", 
        "operating_revenue": 3656000, 
        "accumulated_operating_revenue": 15765000, 
        "long_term_average": 3941250, 
        "short_term_average": 3829666
    }, 
    {
        "date": "2012-01-31", 
        "operating_revenue": 3528945, 
        "accumulated_operating_revenue": 3528945, 
        "long_term_average": 3858789, 
        "short_term_average": 3628981
    }, 
    {
        "date": "2012-02-29", 
        "operating_revenue": 4311970, 
        "accumulated_operating_revenue": 7840915, 
        "long_term_average": 3934319, 
        "short_term_average": 3832305
    }, 
    {
        "date": "2012-03-31", 
        "operating_revenue": 4955688, 
        "accumulated_operating_revenue": 12796603, 
        "long_term_average": 4080229, 
        "short_term_average": 4265534
    }, 
    {
        "date": "2012-04-30", 
        "operating_revenue": 4274820, 
        "accumulated_operating_revenue": 17071423, 
        "long_term_average": 4104552, 
        "short_term_average": 4514159
    }, 
    {
        "date": "2012-05-31", 
        "operating_revenue": 4541194, 
        "accumulated_operating_revenue": 21612617, 
        "long_term_average": 4153068, 
        "short_term_average": 4590567
    }, 
    {
        "date": "2012-06-30", 
        "operating_revenue": 4519586, 
        "accumulated_operating_revenue": 26132203, 
        "long_term_average": 4189720, 
        "short_term_average": 4445200
    }, 
    {
        "date": "2012-07-31", 
        "operating_revenue": 4633398, 
        "accumulated_operating_revenue": 30765601, 
        "long_term_average": 4230054, 
        "short_term_average": 4564726
    }, 
    {
        "date": "2012-08-31", 
        "operating_revenue": 5253545, 
        "accumulated_operating_revenue": 36019146, 
        "long_term_average": 4315345, 
        "short_term_average": 4802176
    }, 
    {
        "accumulated_operating_revenue_yoy": 861.8872778297474, 
        "accumulated_operating_revenue": 41130300, 
        "long_term_average": 4384941, 
        "date": "2012-09-30", 
        "operating_revenue": 5111154, 
        "short_term_average": 4999365
    }, 
    {
        "accumulated_operating_revenue_yoy": 443.8465921256096, 
        "accumulated_operating_revenue": 45721183, 
        "long_term_average": 4423265, 
        "date": "2012-10-31", 
        "operating_revenue": 4590883, 
        "short_term_average": 4985194
    }, 
    {
        "accumulated_operating_revenue_yoy": 314.5487406061607, 
        "accumulated_operating_revenue": 50197707, 
        "long_term_average": 4487808, 
        "date": "2012-11-30", 
        "operating_revenue": 4476524, 
        "short_term_average": 4726187
    }, 
    {
        "accumulated_operating_revenue_yoy": 243.33900412305744, 
        "accumulated_operating_revenue": 54127394, 
        "long_term_average": 4510616, 
        "date": "2012-12-31", 
        "operating_revenue": 3929687, 
        "short_term_average": 4332364
    }, 
    {
        "accumulated_operating_revenue_yoy": 24.60222531096404, 
        "accumulated_operating_revenue": 4397144, 
        "long_term_average": 4582966, 
        "date": "2013-01-31", 
        "operating_revenue": 4397144, 
        "short_term_average": 4267785
    }, 
    {
        "accumulated_operating_revenue_yoy": 3.4207997408465722, 
        "accumulated_operating_revenue": 8109137, 
        "long_term_average": 4532968, 
        "date": "2013-02-28", 
        "operating_revenue": 3711993, 
        "short_term_average": 4012941
    }, 
    {
        "accumulated_operating_revenue_yoy": 3.536641716555558, 
        "accumulated_operating_revenue": 13249173, 
        "long_term_average": 4548330, 
        "date": "2013-03-31", 
        "operating_revenue": 5140036, 
        "short_term_average": 4416391
    }, 
    {
        "accumulated_operating_revenue_yoy": 5.85476090657469, 
        "accumulated_operating_revenue": 18070914, 
        "long_term_average": 4593907, 
        "date": "2013-04-30", 
        "operating_revenue": 4821741, 
        "short_term_average": 4557923
    }, 
    {
        "accumulated_operating_revenue_yoy": 6.072004144616082, 
        "accumulated_operating_revenue": 22924936, 
        "long_term_average": 4619976, 
        "date": "2013-05-31", 
        "operating_revenue": 4854022, 
        "short_term_average": 4938599
    }, 
    {
        "accumulated_operating_revenue_yoy": 4.000439610851025, 
        "accumulated_operating_revenue": 27177606, 
        "long_term_average": 4597733, 
        "date": "2013-06-30", 
        "operating_revenue": 4252670, 
        "short_term_average": 4642811
    }, 
    {
        "accumulated_operating_revenue_yoy": 4.804850066150179, 
        "accumulated_operating_revenue": 32243842, 
        "long_term_average": 4633802, 
        "date": "2013-07-31", 
        "operating_revenue": 5066236, 
        "short_term_average": 4724309
    }, 
    {
        "accumulated_operating_revenue_yoy": 3.2740365360133747, 
        "accumulated_operating_revenue": 37198426, 
        "long_term_average": 4608889, 
        "date": "2013-08-31", 
        "operating_revenue": 4954584, 
        "short_term_average": 4757830
    }, 
    {
        "accumulated_operating_revenue_yoy": 2.497521292088801, 
        "accumulated_operating_revenue": 42157538, 
        "long_term_average": 4596219, 
        "date": "2013-09-30", 
        "operating_revenue": 4959112, 
        "short_term_average": 4993310
    }, 
    {
        "accumulated_operating_revenue_yoy": 1.8191611533761056, 
        "accumulated_operating_revenue": 46552925, 
        "long_term_average": 4579928, 
        "date": "2013-10-31", 
        "operating_revenue": 4395387, 
        "short_term_average": 4769694
    }, 
    {
        "accumulated_operating_revenue_yoy": 0.7130226087817119, 
        "accumulated_operating_revenue": 50555628, 
        "long_term_average": 4540442, 
        "date": "2013-11-30", 
        "operating_revenue": 4002703, 
        "short_term_average": 4452400
    }, 
    {
        "accumulated_operating_revenue_yoy": 0.3623137666668379, 
        "accumulated_operating_revenue": 54323505, 
        "long_term_average": 4526958, 
        "date": "2013-12-31", 
        "operating_revenue": 3767877, 
        "short_term_average": 4055322
    }, 
    {
        "accumulated_operating_revenue_yoy": -0.12371666700021651, 
        "accumulated_operating_revenue": 4391704, 
        "long_term_average": 4526505, 
        "date": "2014-01-31", 
        "operating_revenue": 4391704, 
        "short_term_average": 4054094
    }, 
    {
        "accumulated_operating_revenue_yoy": 1.705384925670882, 
        "accumulated_operating_revenue": 8247429, 
        "long_term_average": 4538483, 
        "date": "2014-02-28", 
        "operating_revenue": 3855725, 
        "short_term_average": 4005102
    }, 
    {
        "accumulated_operating_revenue_yoy": 7.037299611077612, 
        "accumulated_operating_revenue": 14181557, 
        "long_term_average": 4604657, 
        "date": "2014-03-31", 
        "operating_revenue": 5934128, 
        "short_term_average": 4727185
    }, 
    {
        "accumulated_operating_revenue_yoy": 9.239145291710203, 
        "accumulated_operating_revenue": 19740512, 
        "long_term_average": 4666091, 
        "date": "2014-04-30", 
        "operating_revenue": 5558955, 
        "short_term_average": 5116269
    }, 
    {
        "accumulated_operating_revenue_yoy": 7.2982668304940965, 
        "accumulated_operating_revenue": 24598059, 
        "long_term_average": 4666385, 
        "date": "2014-05-31", 
        "operating_revenue": 4857547, 
        "short_term_average": 5450210
    }, 
    {
        "accumulated_operating_revenue_yoy": 7.907311630023631, 
        "accumulated_operating_revenue": 29326624, 
        "long_term_average": 4706043, 
        "date": "2014-06-30", 
        "operating_revenue": 4728565, 
        "short_term_average": 5048355
    }, 
    {
        "accumulated_operating_revenue_yoy": 8.426281830806639, 
        "accumulated_operating_revenue": 34960799, 
        "long_term_average": 4753371, 
        "date": "2014-07-31", 
        "operating_revenue": 5634175, 
        "short_term_average": 5073429
    }, 
    {
        "accumulated_operating_revenue_yoy": 8.235297375216897, 
        "accumulated_operating_revenue": 40261827, 
        "long_term_average": 4782242, 
        "date": "2014-08-31", 
        "operating_revenue": 5301028, 
        "short_term_average": 5221256
    }, 
    {
        "accumulated_operating_revenue_yoy": 9.075710256134977, 
        "accumulated_operating_revenue": 45983634, 
        "long_term_average": 4845800, 
        "date": "2014-09-30", 
        "operating_revenue": 5721807, 
        "short_term_average": 5552336
    }, 
    {
        "accumulated_operating_revenue_yoy": 9.5622691807228, 
        "accumulated_operating_revenue": 51004441, 
        "long_term_average": 4897918, 
        "date": "2014-10-31", 
        "operating_revenue": 5020807, 
        "short_term_average": 5347880
    }, 
    {
        "accumulated_operating_revenue_yoy": 10.257829256912801, 
        "accumulated_operating_revenue": 55741538, 
        "long_term_average": 4959117, 
        "date": "2014-11-30", 
        "operating_revenue": 4737097, 
        "short_term_average": 5159903
    }, 
    {
        "accumulated_operating_revenue_yoy": 10.862914681223165, 
        "accumulated_operating_revenue": 60224621, 
        "long_term_average": 5018718, 
        "date": "2014-12-31", 
        "operating_revenue": 4483083, 
        "short_term_average": 4746995
    }, 
    {
        "accumulated_operating_revenue_yoy": 6.270185786655931, 
        "accumulated_operating_revenue": 4667072, 
        "long_term_average": 5041665, 
        "date": "2015-01-31", 
        "operating_revenue": 4667072, 
        "short_term_average": 4629084
    }, 
    {
        "accumulated_operating_revenue_yoy": 5.60349170632448, 
        "accumulated_operating_revenue": 8709573, 
        "long_term_average": 5057230, 
        "date": "2015-02-28", 
        "operating_revenue": 4042501, 
        "short_term_average": 4397552
    }, 
    {
        "accumulated_operating_revenue_yoy": 1.9345689616450434, 
        "accumulated_operating_revenue": 14455909, 
        "long_term_average": 5041581, 
        "date": "2015-03-31", 
        "operating_revenue": 5746336, 
        "short_term_average": 4818636
    }, 
    {
        "accumulated_operating_revenue_yoy": 1.5348031499892203, 
        "accumulated_operating_revenue": 20043490, 
        "long_term_average": 5043966, 
        "date": "2015-04-30", 
        "operating_revenue": 5587581, 
        "short_term_average": 5125472
    }, 
    {
        "accumulated_operating_revenue_yoy": 1.7175989373795713, 
        "accumulated_operating_revenue": 25020555, 
        "long_term_average": 5053926, 
        "date": "2015-05-31", 
        "operating_revenue": 4977065, 
        "short_term_average": 5436994
    }, 
    {
        "accumulated_operating_revenue_yoy": 2.8093687156080427, 
        "accumulated_operating_revenue": 30150517, 
        "long_term_average": 5087376, 
        "date": "2015-06-30", 
        "operating_revenue": 5129962, 
        "short_term_average": 5231536
    }, 
    {
        "accumulated_operating_revenue_yoy": 1.7565502436028422, 
        "accumulated_operating_revenue": 35574903, 
        "long_term_average": 5069893, 
        "date": "2015-07-31", 
        "operating_revenue": 5424386, 
        "short_term_average": 5177137
    }, 
    {
        "accumulated_operating_revenue_yoy": 2.779896202921939, 
        "accumulated_operating_revenue": 41381064, 
        "long_term_average": 5111988, 
        "date": "2015-08-31", 
        "operating_revenue": 5806161, 
        "short_term_average": 5453503
    }
]