[
    {
        "date": "2012-01-31", 
        "operating_revenue": 358588, 
        "accumulated_operating_revenue": 358588, 
        "long_term_average": 358588, 
        "short_term_average": 358588
    }, 
    {
        "date": "2012-02-29", 
        "operating_revenue": 320805, 
        "accumulated_operating_revenue": 679393, 
        "long_term_average": 339696, 
        "short_term_average": 339696
    }, 
    {
        "date": "2012-03-31", 
        "operating_revenue": 423517, 
        "accumulated_operating_revenue": 1102910, 
        "long_term_average": 367636, 
        "short_term_average": 367636
    }, 
    {
        "date": "2012-04-30", 
        "operating_revenue": 418351, 
        "accumulated_operating_revenue": 1521261, 
        "long_term_average": 380315, 
        "short_term_average": 387557
    }, 
    {
        "date": "2012-05-31", 
        "operating_revenue": 428098, 
        "accumulated_operating_revenue": 1949359, 
        "long_term_average": 389871, 
        "short_term_average": 423322
    }, 
    {
        "date": "2012-06-30", 
        "operating_revenue": 420269, 
        "accumulated_operating_revenue": 2369628, 
        "long_term_average": 394938, 
        "short_term_average": 422239
    }, 
    {
        "date": "2012-07-31", 
        "operating_revenue": 483080, 
        "accumulated_operating_revenue": 2852708, 
        "long_term_average": 407529, 
        "short_term_average": 443815
    }, 
    {
        "date": "2012-08-31", 
        "operating_revenue": 431147, 
        "accumulated_operating_revenue": 3283855, 
        "long_term_average": 410481, 
        "short_term_average": 444832
    }, 
    {
        "date": "2012-09-30", 
        "operating_revenue": 390794, 
        "accumulated_operating_revenue": 3674649, 
        "long_term_average": 408294, 
        "short_term_average": 435007
    }, 
    {
        "date": "2012-10-31", 
        "operating_revenue": 420845, 
        "accumulated_operating_revenue": 4095494, 
        "long_term_average": 409549, 
        "short_term_average": 414262
    }, 
    {
        "date": "2012-11-30", 
        "operating_revenue": 453158, 
        "accumulated_operating_revenue": 4548652, 
        "long_term_average": 413513, 
        "short_term_average": 421599
    }, 
    {
        "date": "2012-12-31", 
        "operating_revenue": 466065, 
        "accumulated_operating_revenue": 5014717, 
        "long_term_average": 417893, 
        "short_term_average": 446689
    }, 
    {
        "accumulated_operating_revenue_yoy": 49.94255245574308, 
        "accumulated_operating_revenue": 537676, 
        "long_term_average": 432817, 
        "date": "2013-01-31", 
        "operating_revenue": 537676, 
        "short_term_average": 485633
    }, 
    {
        "accumulated_operating_revenue_yoy": 24.76298696041908, 
        "accumulated_operating_revenue": 847631, 
        "long_term_average": 431912, 
        "date": "2013-02-28", 
        "operating_revenue": 309955, 
        "short_term_average": 437898
    }, 
    {
        "accumulated_operating_revenue_yoy": 16.807717764822154, 
        "accumulated_operating_revenue": 1288284, 
        "long_term_average": 433340, 
        "date": "2013-03-31", 
        "operating_revenue": 440653, 
        "short_term_average": 429428
    }, 
    {
        "accumulated_operating_revenue_yoy": 17.011150617809832, 
        "accumulated_operating_revenue": 1780045, 
        "long_term_average": 439458, 
        "date": "2013-04-30", 
        "operating_revenue": 491761, 
        "short_term_average": 414123
    }, 
    {
        "accumulated_operating_revenue_yoy": 17.777330907236685, 
        "accumulated_operating_revenue": 2295903, 
        "long_term_average": 446771, 
        "date": "2013-05-31", 
        "operating_revenue": 515858, 
        "short_term_average": 482757
    }, 
    {
        "accumulated_operating_revenue_yoy": 17.92424802542846, 
        "accumulated_operating_revenue": 2794366, 
        "long_term_average": 453287, 
        "date": "2013-06-30", 
        "operating_revenue": 498463, 
        "short_term_average": 502027
    }, 
    {
        "accumulated_operating_revenue_yoy": 17.568920478366522, 
        "accumulated_operating_revenue": 3353898, 
        "long_term_average": 459658, 
        "date": "2013-07-31", 
        "operating_revenue": 559532, 
        "short_term_average": 524617
    }, 
    {
        "accumulated_operating_revenue_yoy": 18.33272175537592, 
        "accumulated_operating_revenue": 3885875, 
        "long_term_average": 468061, 
        "date": "2013-08-31", 
        "operating_revenue": 531977, 
        "short_term_average": 529990
    }, 
    {
        "accumulated_operating_revenue_yoy": 20.082353443825518, 
        "accumulated_operating_revenue": 4412605, 
        "long_term_average": 479389, 
        "date": "2013-09-30", 
        "operating_revenue": 526730, 
        "short_term_average": 539413
    }, 
    {
        "accumulated_operating_revenue_yoy": 18.360349203295133, 
        "accumulated_operating_revenue": 4847441, 
        "long_term_average": 480555, 
        "date": "2013-10-31", 
        "operating_revenue": 434836, 
        "short_term_average": 497847
    }, 
    {
        "accumulated_operating_revenue_yoy": 16.9806351420157, 
        "accumulated_operating_revenue": 5321042, 
        "long_term_average": 482258, 
        "date": "2013-11-30", 
        "operating_revenue": 473601, 
        "short_term_average": 478389
    }, 
    {
        "accumulated_operating_revenue_yoy": 17.033683057289174, 
        "accumulated_operating_revenue": 5868908, 
        "long_term_average": 489075, 
        "date": "2013-12-31", 
        "operating_revenue": 547866, 
        "short_term_average": 485434
    }, 
    {
        "accumulated_operating_revenue_yoy": 10.454995201571206, 
        "accumulated_operating_revenue": 593890, 
        "long_term_average": 493760, 
        "date": "2014-01-31", 
        "operating_revenue": 593890, 
        "short_term_average": 538452
    }, 
    {
        "accumulated_operating_revenue_yoy": 13.00365371252349, 
        "accumulated_operating_revenue": 957854, 
        "long_term_average": 498260, 
        "date": "2014-02-28", 
        "operating_revenue": 363964, 
        "short_term_average": 501906
    }, 
    {
        "accumulated_operating_revenue_yoy": 20.612380499951875, 
        "accumulated_operating_revenue": 1553830, 
        "long_term_average": 511204, 
        "date": "2014-03-31", 
        "operating_revenue": 595976, 
        "short_term_average": 517943
    }, 
    {
        "accumulated_operating_revenue_yoy": 20.919358780255557, 
        "accumulated_operating_revenue": 2152419, 
        "long_term_average": 520106, 
        "date": "2014-04-30", 
        "operating_revenue": 598589, 
        "short_term_average": 519509
    }, 
    {
        "accumulated_operating_revenue_yoy": 18.528047569953955, 
        "accumulated_operating_revenue": 2721289, 
        "long_term_average": 524524, 
        "date": "2014-05-31", 
        "operating_revenue": 568870, 
        "short_term_average": 587811
    }, 
    {
        "accumulated_operating_revenue_yoy": 18.577595060919005, 
        "accumulated_operating_revenue": 3313492, 
        "long_term_average": 532336, 
        "date": "2014-06-30", 
        "operating_revenue": 592203, 
        "short_term_average": 586554
    }, 
    {
        "accumulated_operating_revenue_yoy": 16.254757896632515, 
        "accumulated_operating_revenue": 3899066, 
        "long_term_average": 534506, 
        "date": "2014-07-31", 
        "operating_revenue": 585574, 
        "short_term_average": 582215
    }, 
    {
        "accumulated_operating_revenue_yoy": 15.192253996847557, 
        "accumulated_operating_revenue": 4476227, 
        "long_term_average": 538271, 
        "date": "2014-08-31", 
        "operating_revenue": 577161, 
        "short_term_average": 584979
    }, 
    {
        "accumulated_operating_revenue_yoy": 17.77958824775841, 
        "accumulated_operating_revenue": 5197148, 
        "long_term_average": 554454, 
        "date": "2014-09-30", 
        "operating_revenue": 720921, 
        "short_term_average": 627885
    }, 
    {
        "accumulated_operating_revenue_yoy": 20.16934295848057, 
        "accumulated_operating_revenue": 5825138, 
        "long_term_average": 570550, 
        "date": "2014-10-31", 
        "operating_revenue": 627990, 
        "short_term_average": 642024
    }, 
    {
        "accumulated_operating_revenue_yoy": 20.5122041885781, 
        "accumulated_operating_revenue": 6412505, 
        "long_term_average": 580030, 
        "date": "2014-11-30", 
        "operating_revenue": 587367, 
        "short_term_average": 645426
    }, 
    {
        "accumulated_operating_revenue_yoy": 20.57977395454146, 
        "accumulated_operating_revenue": 7076716, 
        "long_term_average": 589726, 
        "date": "2014-12-31", 
        "operating_revenue": 664211, 
        "short_term_average": 626522
    }, 
    {
        "accumulated_operating_revenue_yoy": 16.583374025492937, 
        "accumulated_operating_revenue": 692377, 
        "long_term_average": 597933, 
        "date": "2015-01-31", 
        "operating_revenue": 692377, 
        "short_term_average": 647985
    }, 
    {
        "accumulated_operating_revenue_yoy": 26.85513658657791, 
        "accumulated_operating_revenue": 1215087, 
        "long_term_average": 611162, 
        "date": "2015-02-28", 
        "operating_revenue": 522710, 
        "short_term_average": 626432
    }, 
    {
        "accumulated_operating_revenue_yoy": 23.68721159972455, 
        "accumulated_operating_revenue": 1921889, 
        "long_term_average": 620397, 
        "date": "2015-03-31", 
        "operating_revenue": 706802, 
        "short_term_average": 640629
    }, 
    {
        "accumulated_operating_revenue_yoy": 18.788349294444995, 
        "accumulated_operating_revenue": 2556823, 
        "long_term_average": 623426, 
        "date": "2015-04-30", 
        "operating_revenue": 634934, 
        "short_term_average": 621482
    }, 
    {
        "accumulated_operating_revenue_yoy": 16.563474147729256, 
        "accumulated_operating_revenue": 3172029, 
        "long_term_average": 627288, 
        "date": "2015-05-31", 
        "operating_revenue": 615206, 
        "short_term_average": 652314
    }, 
    {
        "accumulated_operating_revenue_yoy": 17.445341651647265, 
        "accumulated_operating_revenue": 3891542, 
        "long_term_average": 637897, 
        "date": "2015-06-30", 
        "operating_revenue": 719513, 
        "short_term_average": 656551
    }, 
    {
        "accumulated_operating_revenue_yoy": 16.945006829840786, 
        "accumulated_operating_revenue": 4559763, 
        "long_term_average": 644784, 
        "date": "2015-07-31", 
        "operating_revenue": 668221, 
        "short_term_average": 667646
    }, 
    {
        "accumulated_operating_revenue_yoy": 16.727726274829223, 
        "accumulated_operating_revenue": 5224998, 
        "long_term_average": 652123, 
        "date": "2015-08-31", 
        "operating_revenue": 665235, 
        "short_term_average": 684323
    }, 
    {
        "accumulated_operating_revenue_yoy": 15.91994301489971, 
        "accumulated_operating_revenue": 6024531, 
        "long_term_average": 658674, 
        "date": "2015-09-30", 
        "operating_revenue": 799533, 
        "short_term_average": 710996
    }, 
    {
        "accumulated_operating_revenue_yoy": 14.245276249249375, 
        "accumulated_operating_revenue": 6654945, 
        "long_term_average": 658876, 
        "date": "2015-10-31", 
        "operating_revenue": 630414, 
        "short_term_average": 698394
    }
]