[
    {
        "date": "2012-01-31", 
        "operating_revenue": 575463, 
        "accumulated_operating_revenue": 575463, 
        "long_term_average": 575463, 
        "short_term_average": 575463
    }, 
    {
        "date": "2012-02-29", 
        "operating_revenue": 575636, 
        "accumulated_operating_revenue": 1151099, 
        "long_term_average": 575549, 
        "short_term_average": 575549
    }, 
    {
        "date": "2012-03-31", 
        "operating_revenue": 583353, 
        "accumulated_operating_revenue": 1734452, 
        "long_term_average": 578150, 
        "short_term_average": 578150
    }, 
    {
        "date": "2012-04-30", 
        "operating_revenue": 593483, 
        "accumulated_operating_revenue": 2327935, 
        "long_term_average": 581983, 
        "short_term_average": 584157
    }, 
    {
        "date": "2012-05-31", 
        "operating_revenue": 548628, 
        "accumulated_operating_revenue": 2876563, 
        "long_term_average": 575312, 
        "short_term_average": 575154
    }, 
    {
        "date": "2012-06-30", 
        "operating_revenue": 526417, 
        "accumulated_operating_revenue": 3402980, 
        "long_term_average": 567163, 
        "short_term_average": 556176
    }, 
    {
        "date": "2012-07-31", 
        "operating_revenue": 562122, 
        "accumulated_operating_revenue": 3965102, 
        "long_term_average": 566443, 
        "short_term_average": 545722
    }, 
    {
        "date": "2012-08-31", 
        "operating_revenue": 605886, 
        "accumulated_operating_revenue": 4570988, 
        "long_term_average": 571373, 
        "short_term_average": 564808
    }, 
    {
        "date": "2012-09-30", 
        "operating_revenue": 592905, 
        "accumulated_operating_revenue": 5163893, 
        "long_term_average": 573765, 
        "short_term_average": 586971
    }, 
    {
        "date": "2012-10-31", 
        "operating_revenue": 581044, 
        "accumulated_operating_revenue": 5744937, 
        "long_term_average": 574493, 
        "short_term_average": 593278
    }, 
    {
        "date": "2012-11-30", 
        "operating_revenue": 559463, 
        "accumulated_operating_revenue": 6304400, 
        "long_term_average": 573127, 
        "short_term_average": 577804
    }, 
    {
        "date": "2012-12-31", 
        "operating_revenue": 546412, 
        "accumulated_operating_revenue": 6850812, 
        "long_term_average": 570901, 
        "short_term_average": 562306
    }, 
    {
        "accumulated_operating_revenue_yoy": 2.2359387136966236, 
        "accumulated_operating_revenue": 588330, 
        "long_term_average": 571973, 
        "date": "2013-01-31", 
        "operating_revenue": 588330, 
        "short_term_average": 564735
    }, 
    {
        "accumulated_operating_revenue_yoy": 2.0304943362821093, 
        "accumulated_operating_revenue": 1174472, 
        "long_term_average": 572848, 
        "date": "2013-02-28", 
        "operating_revenue": 586142, 
        "short_term_average": 573628
    }, 
    {
        "accumulated_operating_revenue_yoy": 2.250278474123239, 
        "accumulated_operating_revenue": 1773482, 
        "long_term_average": 574153, 
        "date": "2013-03-31", 
        "operating_revenue": 599010, 
        "short_term_average": 591160
    }, 
    {
        "accumulated_operating_revenue_yoy": 3.2900832712253565, 
        "accumulated_operating_revenue": 2404526, 
        "long_term_average": 577283, 
        "date": "2013-04-30", 
        "operating_revenue": 631044, 
        "short_term_average": 605398
    }, 
    {
        "accumulated_operating_revenue_yoy": 4.971488543793409, 
        "accumulated_operating_revenue": 3019571, 
        "long_term_average": 582818, 
        "date": "2013-05-31", 
        "operating_revenue": 615045, 
        "short_term_average": 615033
    }, 
    {
        "accumulated_operating_revenue_yoy": 10.432503276539974, 
        "accumulated_operating_revenue": 3757996, 
        "long_term_average": 600485, 
        "date": "2013-06-30", 
        "operating_revenue": 738425, 
        "short_term_average": 661504
    }, 
    {
        "accumulated_operating_revenue_yoy": 9.045668938655298, 
        "accumulated_operating_revenue": 4323772, 
        "long_term_average": 600790, 
        "date": "2013-07-31", 
        "operating_revenue": 565776, 
        "short_term_average": 639748
    }, 
    {
        "accumulated_operating_revenue_yoy": 8.22655845957154, 
        "accumulated_operating_revenue": 4947023, 
        "long_term_average": 602237, 
        "date": "2013-08-31", 
        "operating_revenue": 623251, 
        "short_term_average": 642484
    }, 
    {
        "accumulated_operating_revenue_yoy": 8.041026411662674, 
        "accumulated_operating_revenue": 5579123, 
        "long_term_average": 605503, 
        "date": "2013-09-30", 
        "operating_revenue": 632100, 
        "short_term_average": 607042
    }, 
    {
        "accumulated_operating_revenue_yoy": 10.924541035001777, 
        "accumulated_operating_revenue": 6372545, 
        "long_term_average": 623201, 
        "date": "2013-10-31", 
        "operating_revenue": 793422, 
        "short_term_average": 682924
    }, 
    {
        "accumulated_operating_revenue_yoy": 9.92405304231965, 
        "accumulated_operating_revenue": 6930052, 
        "long_term_average": 623038, 
        "date": "2013-11-30", 
        "operating_revenue": 557507, 
        "short_term_average": 661009
    }, 
    {
        "accumulated_operating_revenue_yoy": 9.774053061155378, 
        "accumulated_operating_revenue": 7520414, 
        "long_term_average": 626701, 
        "date": "2013-12-31", 
        "operating_revenue": 590362, 
        "short_term_average": 647097
    }, 
    {
        "accumulated_operating_revenue_yoy": -2.796389781245219, 
        "accumulated_operating_revenue": 571878, 
        "long_term_average": 625330, 
        "date": "2014-01-31", 
        "operating_revenue": 571878, 
        "short_term_average": 573249
    }, 
    {
        "accumulated_operating_revenue_yoy": -2.846215150297325, 
        "accumulated_operating_revenue": 1141044, 
        "long_term_average": 623915, 
        "date": "2014-02-28", 
        "operating_revenue": 569166, 
        "short_term_average": 577135
    }, 
    {
        "accumulated_operating_revenue_yoy": -3.2318907099141687, 
        "accumulated_operating_revenue": 1716165, 
        "long_term_average": 621924, 
        "date": "2014-03-31", 
        "operating_revenue": 575121, 
        "short_term_average": 572055
    }, 
    {
        "accumulated_operating_revenue_yoy": -4.646487498991485, 
        "accumulated_operating_revenue": 2292800, 
        "long_term_average": 617390, 
        "date": "2014-04-30", 
        "operating_revenue": 576635, 
        "short_term_average": 573640
    }, 
    {
        "accumulated_operating_revenue_yoy": -4.868936680078064, 
        "accumulated_operating_revenue": 2872550, 
        "long_term_average": 614449, 
        "date": "2014-05-31", 
        "operating_revenue": 579750, 
        "short_term_average": 577168
    }, 
    {
        "accumulated_operating_revenue_yoy": -8.449902554446572, 
        "accumulated_operating_revenue": 3440449, 
        "long_term_average": 600238, 
        "date": "2014-06-30", 
        "operating_revenue": 567899, 
        "short_term_average": 574761
    }, 
    {
        "accumulated_operating_revenue_yoy": -6.970603445325055, 
        "accumulated_operating_revenue": 4022379, 
        "long_term_average": 601585, 
        "date": "2014-07-31", 
        "operating_revenue": 581930, 
        "short_term_average": 576526
    }, 
    {
        "accumulated_operating_revenue_yoy": -7.259274921503296, 
        "accumulated_operating_revenue": 4587905, 
        "long_term_average": 596774, 
        "date": "2014-08-31", 
        "operating_revenue": 565526, 
        "short_term_average": 571785
    }, 
    {
        "accumulated_operating_revenue_yoy": -7.35952586096417, 
        "accumulated_operating_revenue": 5168526, 
        "long_term_average": 592484, 
        "date": "2014-09-30", 
        "operating_revenue": 580621, 
        "short_term_average": 576025
    }, 
    {
        "accumulated_operating_revenue_yoy": -9.915755793015192, 
        "accumulated_operating_revenue": 5740659, 
        "long_term_average": 574044, 
        "date": "2014-10-31", 
        "operating_revenue": 572133, 
        "short_term_average": 572760
    }, 
    {
        "accumulated_operating_revenue_yoy": -9.110003792179338, 
        "accumulated_operating_revenue": 6298724, 
        "long_term_average": 574090, 
        "date": "2014-11-30", 
        "operating_revenue": 558065, 
        "short_term_average": 570273
    }, 
    {
        "accumulated_operating_revenue_yoy": -8.91780691860847, 
        "accumulated_operating_revenue": 6849758, 
        "long_term_average": 570813, 
        "date": "2014-12-31", 
        "operating_revenue": 551034, 
        "short_term_average": 560410
    }, 
    {
        "accumulated_operating_revenue_yoy": -1.4669212664239575, 
        "accumulated_operating_revenue": 563489, 
        "long_term_average": 570114, 
        "date": "2015-01-31", 
        "operating_revenue": 563489, 
        "short_term_average": 557529
    }, 
    {
        "accumulated_operating_revenue_yoy": -2.137691447481429, 
        "accumulated_operating_revenue": 1116652, 
        "long_term_average": 568780, 
        "date": "2015-02-28", 
        "operating_revenue": 553163, 
        "short_term_average": 555895
    }, 
    {
        "accumulated_operating_revenue_yoy": -0.2596486934531353, 
        "accumulated_operating_revenue": 1711709, 
        "long_term_average": 570441, 
        "date": "2015-03-31", 
        "operating_revenue": 595057, 
        "short_term_average": 570569
    }, 
    {
        "accumulated_operating_revenue_yoy": 0.4478367062107467, 
        "accumulated_operating_revenue": 2303068, 
        "long_term_average": 571668, 
        "date": "2015-04-30", 
        "operating_revenue": 591359, 
        "short_term_average": 579859
    }, 
    {
        "accumulated_operating_revenue_yoy": 0.48291587613792625, 
        "accumulated_operating_revenue": 2886422, 
        "long_term_average": 571969, 
        "date": "2015-05-31", 
        "operating_revenue": 583354, 
        "short_term_average": 589923
    }, 
    {
        "accumulated_operating_revenue_yoy": 0.8480288473975344, 
        "accumulated_operating_revenue": 3469625, 
        "long_term_average": 573244, 
        "date": "2015-06-30", 
        "operating_revenue": 583203, 
        "short_term_average": 585972
    }, 
    {
        "accumulated_operating_revenue_yoy": 1.3969842225210503, 
        "accumulated_operating_revenue": 4078571, 
        "long_term_average": 575495, 
        "date": "2015-07-31", 
        "operating_revenue": 608946, 
        "short_term_average": 591834
    }, 
    {
        "accumulated_operating_revenue_yoy": 1.8305740855575694, 
        "accumulated_operating_revenue": 4671890, 
        "long_term_average": 577811, 
        "date": "2015-08-31", 
        "operating_revenue": 593319, 
        "short_term_average": 595156
    }
]