[
    {
        "date": "2012-01-31", 
        "operating_revenue": 253564, 
        "accumulated_operating_revenue": 253564, 
        "long_term_average": 253564, 
        "short_term_average": 253564
    }, 
    {
        "date": "2012-02-29", 
        "operating_revenue": 250403, 
        "accumulated_operating_revenue": 503967, 
        "long_term_average": 251983, 
        "short_term_average": 251983
    }, 
    {
        "date": "2012-03-31", 
        "operating_revenue": 290889, 
        "accumulated_operating_revenue": 794856, 
        "long_term_average": 264952, 
        "short_term_average": 264952
    }, 
    {
        "date": "2012-04-30", 
        "operating_revenue": 214697, 
        "accumulated_operating_revenue": 1009553, 
        "long_term_average": 252388, 
        "short_term_average": 251996
    }, 
    {
        "date": "2012-05-31", 
        "operating_revenue": 209062, 
        "accumulated_operating_revenue": 1218615, 
        "long_term_average": 243723, 
        "short_term_average": 238216
    }, 
    {
        "date": "2012-06-30", 
        "operating_revenue": 186280, 
        "accumulated_operating_revenue": 1404895, 
        "long_term_average": 234149, 
        "short_term_average": 203346
    }, 
    {
        "date": "2012-07-31", 
        "operating_revenue": 151073, 
        "accumulated_operating_revenue": 1555968, 
        "long_term_average": 222281, 
        "short_term_average": 182138
    }, 
    {
        "date": "2012-08-31", 
        "operating_revenue": 189849, 
        "accumulated_operating_revenue": 1745817, 
        "long_term_average": 218227, 
        "short_term_average": 175734
    }, 
    {
        "date": "2012-09-30", 
        "operating_revenue": 186721, 
        "accumulated_operating_revenue": 1932538, 
        "long_term_average": 214726, 
        "short_term_average": 175881
    }, 
    {
        "date": "2012-10-31", 
        "operating_revenue": 199024, 
        "accumulated_operating_revenue": 2131562, 
        "long_term_average": 213156, 
        "short_term_average": 191864
    }, 
    {
        "date": "2012-11-30", 
        "operating_revenue": 270714, 
        "accumulated_operating_revenue": 2402276, 
        "long_term_average": 218388, 
        "short_term_average": 218819
    }, 
    {
        "date": "2012-12-31", 
        "operating_revenue": 322054, 
        "accumulated_operating_revenue": 2724330, 
        "long_term_average": 227027, 
        "short_term_average": 263930
    }, 
    {
        "accumulated_operating_revenue_yoy": 3.683882570080926, 
        "accumulated_operating_revenue": 262905, 
        "long_term_average": 227805, 
        "date": "2013-01-31", 
        "operating_revenue": 262905, 
        "short_term_average": 285224
    }, 
    {
        "accumulated_operating_revenue_yoy": -3.945893282695097, 
        "accumulated_operating_revenue": 484081, 
        "long_term_average": 225370, 
        "date": "2013-02-28", 
        "operating_revenue": 221176, 
        "short_term_average": 268711
    }, 
    {
        "accumulated_operating_revenue_yoy": -9.99174693277776, 
        "accumulated_operating_revenue": 715436, 
        "long_term_average": 220409, 
        "date": "2013-03-31", 
        "operating_revenue": 231355, 
        "short_term_average": 238478
    }, 
    {
        "accumulated_operating_revenue_yoy": -4.170657706925739, 
        "accumulated_operating_revenue": 967448, 
        "long_term_average": 223518, 
        "date": "2013-04-30", 
        "operating_revenue": 252012, 
        "short_term_average": 234847
    }, 
    {
        "accumulated_operating_revenue_yoy": -3.546895450983288, 
        "accumulated_operating_revenue": 1175392, 
        "long_term_average": 223425, 
        "date": "2013-05-31", 
        "operating_revenue": 207944, 
        "short_term_average": 230437
    }, 
    {
        "accumulated_operating_revenue_yoy": -4.4915812213724156, 
        "accumulated_operating_revenue": 1341793, 
        "long_term_average": 221769, 
        "date": "2013-06-30", 
        "operating_revenue": 166401, 
        "short_term_average": 208785
    }, 
    {
        "accumulated_operating_revenue_yoy": -3.0973002015465614, 
        "accumulated_operating_revenue": 1507775, 
        "long_term_average": 223011, 
        "date": "2013-07-31", 
        "operating_revenue": 165982, 
        "short_term_average": 180109
    }, 
    {
        "accumulated_operating_revenue_yoy": -4.333042924888462, 
        "accumulated_operating_revenue": 1670170, 
        "long_term_average": 220723, 
        "date": "2013-08-31", 
        "operating_revenue": 162395, 
        "short_term_average": 164926
    }, 
    {
        "accumulated_operating_revenue_yoy": -4.892943890365934, 
        "accumulated_operating_revenue": 1837980, 
        "long_term_average": 219147, 
        "date": "2013-09-30", 
        "operating_revenue": 167810, 
        "short_term_average": 165395
    }, 
    {
        "accumulated_operating_revenue_yoy": -4.0748990646296, 
        "accumulated_operating_revenue": 2044703, 
        "long_term_average": 219789, 
        "date": "2013-10-31", 
        "operating_revenue": 206723, 
        "short_term_average": 178976
    }, 
    {
        "accumulated_operating_revenue_yoy": -5.323618102166446, 
        "accumulated_operating_revenue": 2274388, 
        "long_term_average": 216370, 
        "date": "2013-11-30", 
        "operating_revenue": 229685, 
        "short_term_average": 201406
    }, 
    {
        "accumulated_operating_revenue_yoy": -6.223878898664993, 
        "accumulated_operating_revenue": 2554771, 
        "long_term_average": 212897, 
        "date": "2013-12-31", 
        "operating_revenue": 280383, 
        "short_term_average": 238930
    }, 
    {
        "accumulated_operating_revenue_yoy": 8.43726821475438, 
        "accumulated_operating_revenue": 285087, 
        "long_term_average": 214746, 
        "date": "2014-01-31", 
        "operating_revenue": 285087, 
        "short_term_average": 265051
    }, 
    {
        "accumulated_operating_revenue_yoy": 18.188691561949344, 
        "accumulated_operating_revenue": 572129, 
        "long_term_average": 220234, 
        "date": "2014-02-28", 
        "operating_revenue": 287042, 
        "short_term_average": 284170
    }, 
    {
        "accumulated_operating_revenue_yoy": 19.69120927658099, 
        "accumulated_operating_revenue": 856314, 
        "long_term_average": 224637, 
        "date": "2014-03-31", 
        "operating_revenue": 284185, 
        "short_term_average": 285438
    }, 
    {
        "accumulated_operating_revenue_yoy": 14.349711819136532, 
        "accumulated_operating_revenue": 1106274, 
        "long_term_average": 224466, 
        "date": "2014-04-30", 
        "operating_revenue": 249960, 
        "short_term_average": 273729
    }, 
    {
        "accumulated_operating_revenue_yoy": 13.656550325338271, 
        "accumulated_operating_revenue": 1335910, 
        "long_term_average": 226274, 
        "date": "2014-05-31", 
        "operating_revenue": 229636, 
        "short_term_average": 254593
    }, 
    {
        "accumulated_operating_revenue_yoy": 13.683630783585842, 
        "accumulated_operating_revenue": 1525399, 
        "long_term_average": 228198, 
        "date": "2014-06-30", 
        "operating_revenue": 189489, 
        "short_term_average": 223028
    }, 
    {
        "accumulated_operating_revenue_yoy": 13.330835171030161, 
        "accumulated_operating_revenue": 1708774, 
        "long_term_average": 229647, 
        "date": "2014-07-31", 
        "operating_revenue": 183375, 
        "short_term_average": 200833
    }, 
    {
        "accumulated_operating_revenue_yoy": 12.348982438913405, 
        "accumulated_operating_revenue": 1876419, 
        "long_term_average": 230085, 
        "date": "2014-08-31", 
        "operating_revenue": 167645, 
        "short_term_average": 180169
    }, 
    {
        "accumulated_operating_revenue_yoy": 12.005244888410102, 
        "accumulated_operating_revenue": 2058634, 
        "long_term_average": 231285, 
        "date": "2014-09-30", 
        "operating_revenue": 182215, 
        "short_term_average": 177745
    }, 
    {
        "accumulated_operating_revenue_yoy": 10.615820488354544, 
        "accumulated_operating_revenue": 2261765, 
        "long_term_average": 230986, 
        "date": "2014-10-31", 
        "operating_revenue": 203131, 
        "short_term_average": 184330
    }, 
    {
        "accumulated_operating_revenue_yoy": 9.242574266132252, 
        "accumulated_operating_revenue": 2484600, 
        "long_term_average": 230415, 
        "date": "2014-11-30", 
        "operating_revenue": 222835, 
        "short_term_average": 202727
    }, 
    {
        "accumulated_operating_revenue_yoy": 8.329552824891156, 
        "accumulated_operating_revenue": 2767572, 
        "long_term_average": 230631, 
        "date": "2014-12-31", 
        "operating_revenue": 282972, 
        "short_term_average": 236312
    }, 
    {
        "accumulated_operating_revenue_yoy": -12.973583502579913, 
        "accumulated_operating_revenue": 248101, 
        "long_term_average": 227548, 
        "date": "2015-01-31", 
        "operating_revenue": 248101, 
        "short_term_average": 251302
    }, 
    {
        "accumulated_operating_revenue_yoy": -17.29802194959528, 
        "accumulated_operating_revenue": 473162, 
        "long_term_average": 222383, 
        "date": "2015-02-28", 
        "operating_revenue": 225061, 
        "short_term_average": 252044
    }, 
    {
        "accumulated_operating_revenue_yoy": -16.955696158184967, 
        "accumulated_operating_revenue": 711120, 
        "long_term_average": 218531, 
        "date": "2015-03-31", 
        "operating_revenue": 237958, 
        "short_term_average": 237040
    }, 
    {
        "accumulated_operating_revenue_yoy": -17.57566389520137, 
        "accumulated_operating_revenue": 911839, 
        "long_term_average": 214428, 
        "date": "2015-04-30", 
        "operating_revenue": 200719, 
        "short_term_average": 221246
    }, 
    {
        "accumulated_operating_revenue_yoy": -18.27608147255429, 
        "accumulated_operating_revenue": 1091758, 
        "long_term_average": 210285, 
        "date": "2015-05-31", 
        "operating_revenue": 179919, 
        "short_term_average": 206198
    }, 
    {
        "accumulated_operating_revenue_yoy": -18.160559958410882, 
        "accumulated_operating_revenue": 1248378, 
        "long_term_average": 207545, 
        "date": "2015-06-30", 
        "operating_revenue": 156620, 
        "short_term_average": 179086
    }, 
    {
        "accumulated_operating_revenue_yoy": -18.205333180397172, 
        "accumulated_operating_revenue": 1397686, 
        "long_term_average": 204707, 
        "date": "2015-07-31", 
        "operating_revenue": 149308, 
        "short_term_average": 161949
    }, 
    {
        "accumulated_operating_revenue_yoy": -17.33173667501768, 
        "accumulated_operating_revenue": 1551203, 
        "long_term_average": 203529, 
        "date": "2015-08-31", 
        "operating_revenue": 153517, 
        "short_term_average": 153148
    }, 
    {
        "accumulated_operating_revenue_yoy": -16.987380952612266, 
        "accumulated_operating_revenue": 1708926, 
        "long_term_average": 201488, 
        "date": "2015-09-30", 
        "operating_revenue": 157723, 
        "short_term_average": 153516
    }
]