[
    {
        "date": "2012-01-31", 
        "operating_revenue": 550729, 
        "accumulated_operating_revenue": 550729, 
        "long_term_average": 550729, 
        "short_term_average": 550729
    }, 
    {
        "date": "2012-02-29", 
        "operating_revenue": 817063, 
        "accumulated_operating_revenue": 1367792, 
        "long_term_average": 683896, 
        "short_term_average": 683896
    }, 
    {
        "date": "2012-03-31", 
        "operating_revenue": 881697, 
        "accumulated_operating_revenue": 2249489, 
        "long_term_average": 749829, 
        "short_term_average": 749829
    }, 
    {
        "date": "2012-04-30", 
        "operating_revenue": 781309, 
        "accumulated_operating_revenue": 3030798, 
        "long_term_average": 757699, 
        "short_term_average": 826689
    }, 
    {
        "date": "2012-05-31", 
        "operating_revenue": 765650, 
        "accumulated_operating_revenue": 3796448, 
        "long_term_average": 759289, 
        "short_term_average": 809552
    }, 
    {
        "date": "2012-06-30", 
        "operating_revenue": 733647, 
        "accumulated_operating_revenue": 4530095, 
        "long_term_average": 755015, 
        "short_term_average": 760202
    }, 
    {
        "date": "2012-07-31", 
        "operating_revenue": 762025, 
        "accumulated_operating_revenue": 5292120, 
        "long_term_average": 756017, 
        "short_term_average": 753774
    }, 
    {
        "date": "2012-08-31", 
        "operating_revenue": 807839, 
        "accumulated_operating_revenue": 6099959, 
        "long_term_average": 762494, 
        "short_term_average": 767837
    }, 
    {
        "date": "2012-09-30", 
        "operating_revenue": 756470, 
        "accumulated_operating_revenue": 6856429, 
        "long_term_average": 761825, 
        "short_term_average": 775444
    }, 
    {
        "date": "2012-10-31", 
        "operating_revenue": 1064197, 
        "accumulated_operating_revenue": 7920626, 
        "long_term_average": 792062, 
        "short_term_average": 876168
    }, 
    {
        "date": "2012-11-30", 
        "operating_revenue": 962787, 
        "accumulated_operating_revenue": 8883413, 
        "long_term_average": 807583, 
        "short_term_average": 927818
    }, 
    {
        "date": "2012-12-31", 
        "operating_revenue": 856843, 
        "accumulated_operating_revenue": 9740256, 
        "long_term_average": 811688, 
        "short_term_average": 961275
    }, 
    {
        "accumulated_operating_revenue_yoy": 44.10227171621614, 
        "accumulated_operating_revenue": 793613, 
        "long_term_average": 831928, 
        "date": "2013-01-31", 
        "operating_revenue": 793613, 
        "short_term_average": 871081
    }, 
    {
        "accumulated_operating_revenue_yoy": 2.221755939499573, 
        "accumulated_operating_revenue": 1398181, 
        "long_term_average": 814220, 
        "date": "2013-02-28", 
        "operating_revenue": 604568, 
        "short_term_average": 751674
    }, 
    {
        "accumulated_operating_revenue_yoy": -0.728298738068957, 
        "accumulated_operating_revenue": 2233106, 
        "long_term_average": 810322, 
        "date": "2013-03-31", 
        "operating_revenue": 834925, 
        "short_term_average": 744368
    }, 
    {
        "accumulated_operating_revenue_yoy": -0.04866705072393475, 
        "accumulated_operating_revenue": 3029323, 
        "long_term_average": 811565, 
        "date": "2013-04-30", 
        "operating_revenue": 796217, 
        "short_term_average": 745236
    }, 
    {
        "accumulated_operating_revenue_yoy": -1.2642870388320873, 
        "accumulated_operating_revenue": 3748450, 
        "long_term_average": 807688, 
        "date": "2013-05-31", 
        "operating_revenue": 719127, 
        "short_term_average": 783423
    }, 
    {
        "accumulated_operating_revenue_yoy": -1.747888289318436, 
        "accumulated_operating_revenue": 4450914, 
        "long_term_average": 805089, 
        "date": "2013-06-30", 
        "operating_revenue": 702464, 
        "short_term_average": 739269
    }, 
    {
        "accumulated_operating_revenue_yoy": -1.568558536087617, 
        "accumulated_operating_revenue": 5209110, 
        "long_term_average": 804770, 
        "date": "2013-07-31", 
        "operating_revenue": 758196, 
        "short_term_average": 726595
    }, 
    {
        "accumulated_operating_revenue_yoy": -2.5239513904929525, 
        "accumulated_operating_revenue": 5945999, 
        "long_term_average": 798858, 
        "date": "2013-08-31", 
        "operating_revenue": 736889, 
        "short_term_average": 732516
    }, 
    {
        "accumulated_operating_revenue_yoy": -3.4717926780835913, 
        "accumulated_operating_revenue": 6618388, 
        "long_term_average": 791851, 
        "date": "2013-09-30", 
        "operating_revenue": 672389, 
        "short_term_average": 722491
    }, 
    {
        "accumulated_operating_revenue_yoy": -6.397587766421492, 
        "accumulated_operating_revenue": 7413897, 
        "long_term_average": 769460, 
        "date": "2013-10-31", 
        "operating_revenue": 795509, 
        "short_term_average": 734929
    }, 
    {
        "accumulated_operating_revenue_yoy": -8.166512127714878, 
        "accumulated_operating_revenue": 8157948, 
        "long_term_average": 751232, 
        "date": "2013-11-30", 
        "operating_revenue": 744051, 
        "short_term_average": 737316
    }, 
    {
        "accumulated_operating_revenue_yoy": -8.720171215212414, 
        "accumulated_operating_revenue": 8890889, 
        "long_term_average": 740907, 
        "date": "2013-12-31", 
        "operating_revenue": 732941, 
        "short_term_average": 757500
    }, 
    {
        "accumulated_operating_revenue_yoy": -8.049641323919845, 
        "accumulated_operating_revenue": 729730, 
        "long_term_average": 735583, 
        "date": "2014-01-31", 
        "operating_revenue": 729730, 
        "short_term_average": 735574
    }, 
    {
        "accumulated_operating_revenue_yoy": -2.800853394517591, 
        "accumulated_operating_revenue": 1359020, 
        "long_term_average": 737644, 
        "date": "2014-02-28", 
        "operating_revenue": 629290, 
        "short_term_average": 697320
    }, 
    {
        "accumulated_operating_revenue_yoy": -2.472609898500116, 
        "accumulated_operating_revenue": 2177890, 
        "long_term_average": 736306, 
        "date": "2014-03-31", 
        "operating_revenue": 818870, 
        "short_term_average": 725963
    }, 
    {
        "accumulated_operating_revenue_yoy": -2.383172741896457, 
        "accumulated_operating_revenue": 2957129, 
        "long_term_average": 734891, 
        "date": "2014-04-30", 
        "operating_revenue": 779239, 
        "short_term_average": 742466
    }, 
    {
        "accumulated_operating_revenue_yoy": 2.4540810201549976, 
        "accumulated_operating_revenue": 3840440, 
        "long_term_average": 748573, 
        "date": "2014-05-31", 
        "operating_revenue": 883311, 
        "short_term_average": 827140
    }, 
    {
        "accumulated_operating_revenue_yoy": 7.482103675784344, 
        "accumulated_operating_revenue": 4783936, 
        "long_term_average": 768659, 
        "date": "2014-06-30", 
        "operating_revenue": 943496, 
        "short_term_average": 868682
    }, 
    {
        "accumulated_operating_revenue_yoy": 7.8757407695364465, 
        "accumulated_operating_revenue": 5619366, 
        "long_term_average": 775095, 
        "date": "2014-07-31", 
        "operating_revenue": 835430, 
        "short_term_average": 887412
    }, 
    {
        "accumulated_operating_revenue_yoy": 9.233233978007732, 
        "accumulated_operating_revenue": 6495007, 
        "long_term_average": 786658, 
        "date": "2014-08-31", 
        "operating_revenue": 875641, 
        "short_term_average": 884855
    }, 
    {
        "accumulated_operating_revenue_yoy": 12.563044052418807, 
        "accumulated_operating_revenue": 7449859, 
        "long_term_average": 810196, 
        "date": "2014-09-30", 
        "operating_revenue": 954852, 
        "short_term_average": 888641
    }, 
    {
        "accumulated_operating_revenue_yoy": 14.182581711075834, 
        "accumulated_operating_revenue": 8465379, 
        "long_term_average": 828530, 
        "date": "2014-10-31", 
        "operating_revenue": 1015520, 
        "short_term_average": 948671
    }, 
    {
        "accumulated_operating_revenue_yoy": 15.684005340558679, 
        "accumulated_operating_revenue": 9437441, 
        "long_term_average": 847531, 
        "date": "2014-11-30", 
        "operating_revenue": 972062, 
        "short_term_average": 980811
    }, 
    {
        "accumulated_operating_revenue_yoy": 17.29876506162657, 
        "accumulated_operating_revenue": 10428903, 
        "long_term_average": 869075, 
        "date": "2014-12-31", 
        "operating_revenue": 991462, 
        "short_term_average": 993014
    }, 
    {
        "accumulated_operating_revenue_yoy": 42.60973236676579, 
        "accumulated_operating_revenue": 1040666, 
        "long_term_average": 894986, 
        "date": "2015-01-31", 
        "operating_revenue": 1040666, 
        "short_term_average": 1001396
    }, 
    {
        "accumulated_operating_revenue_yoy": 29.845403305322954, 
        "accumulated_operating_revenue": 1764625, 
        "long_term_average": 902875, 
        "date": "2015-02-28", 
        "operating_revenue": 723959, 
        "short_term_average": 918695
    }, 
    {
        "accumulated_operating_revenue_yoy": 22.724058607184016, 
        "accumulated_operating_revenue": 2672795, 
        "long_term_average": 910317, 
        "date": "2015-03-31", 
        "operating_revenue": 908170, 
        "short_term_average": 890931
    }, 
    {
        "accumulated_operating_revenue_yoy": 19.033731703960157, 
        "accumulated_operating_revenue": 3519981, 
        "long_term_average": 915979, 
        "date": "2015-04-30", 
        "operating_revenue": 847186, 
        "short_term_average": 826438
    }, 
    {
        "accumulated_operating_revenue_yoy": 15.85391257251773, 
        "accumulated_operating_revenue": 4449300, 
        "long_term_average": 919813, 
        "date": "2015-05-31", 
        "operating_revenue": 929319, 
        "short_term_average": 894891
    }, 
    {
        "accumulated_operating_revenue_yoy": 11.807327690002541, 
        "accumulated_operating_revenue": 5348791, 
        "long_term_average": 916146, 
        "date": "2015-06-30", 
        "operating_revenue": 899491, 
        "short_term_average": 891998
    }, 
    {
        "accumulated_operating_revenue_yoy": 11.007772051153102, 
        "accumulated_operating_revenue": 6237933, 
        "long_term_average": 920622, 
        "date": "2015-07-31", 
        "operating_revenue": 889142, 
        "short_term_average": 905984
    }, 
    {
        "accumulated_operating_revenue_yoy": 9.106040994259128, 
        "accumulated_operating_revenue": 7086445, 
        "long_term_average": 918361, 
        "date": "2015-08-31", 
        "operating_revenue": 848512, 
        "short_term_average": 879048
    }, 
    {
        "accumulated_operating_revenue_yoy": 6.349932260462916, 
        "accumulated_operating_revenue": 7922920, 
        "long_term_average": 908497, 
        "date": "2015-09-30", 
        "operating_revenue": 836475, 
        "short_term_average": 858043
    }
]