[
    {
        "date": "2012-01-31", 
        "operating_revenue": 94603, 
        "accumulated_operating_revenue": 94603, 
        "long_term_average": 94603, 
        "short_term_average": 94603
    }, 
    {
        "date": "2012-02-29", 
        "operating_revenue": 92285, 
        "accumulated_operating_revenue": 186888, 
        "long_term_average": 93444, 
        "short_term_average": 93444
    }, 
    {
        "date": "2012-03-31", 
        "operating_revenue": 101469, 
        "accumulated_operating_revenue": 288357, 
        "long_term_average": 96119, 
        "short_term_average": 96119
    }, 
    {
        "date": "2012-04-30", 
        "operating_revenue": 102475, 
        "accumulated_operating_revenue": 390832, 
        "long_term_average": 97708, 
        "short_term_average": 98743
    }, 
    {
        "date": "2012-05-31", 
        "operating_revenue": 90523, 
        "accumulated_operating_revenue": 481355, 
        "long_term_average": 96271, 
        "short_term_average": 98155
    }, 
    {
        "date": "2012-06-30", 
        "operating_revenue": 103467, 
        "accumulated_operating_revenue": 584822, 
        "long_term_average": 97470, 
        "short_term_average": 98821
    }, 
    {
        "date": "2012-07-31", 
        "operating_revenue": 119020, 
        "accumulated_operating_revenue": 703842, 
        "long_term_average": 100548, 
        "short_term_average": 104336
    }, 
    {
        "date": "2012-08-31", 
        "operating_revenue": 133303, 
        "accumulated_operating_revenue": 837145, 
        "long_term_average": 104643, 
        "short_term_average": 118596
    }, 
    {
        "date": "2012-09-30", 
        "operating_revenue": 128639, 
        "accumulated_operating_revenue": 965784, 
        "long_term_average": 107309, 
        "short_term_average": 126987
    }, 
    {
        "date": "2012-10-31", 
        "operating_revenue": 92065, 
        "accumulated_operating_revenue": 1057849, 
        "long_term_average": 105784, 
        "short_term_average": 118002
    }, 
    {
        "date": "2012-11-30", 
        "operating_revenue": 87573, 
        "accumulated_operating_revenue": 1145422, 
        "long_term_average": 104129, 
        "short_term_average": 102759
    }, 
    {
        "date": "2012-12-31", 
        "operating_revenue": 191235, 
        "accumulated_operating_revenue": 1336657, 
        "long_term_average": 111388, 
        "short_term_average": 123624
    }, 
    {
        "accumulated_operating_revenue_yoy": 2.928025538302168, 
        "accumulated_operating_revenue": 97373, 
        "long_term_average": 111618, 
        "date": "2013-01-31", 
        "operating_revenue": 97373, 
        "short_term_average": 125393
    }, 
    {
        "accumulated_operating_revenue_yoy": -10.195411155344377, 
        "accumulated_operating_revenue": 167834, 
        "long_term_average": 109800, 
        "date": "2013-02-28", 
        "operating_revenue": 70461, 
        "short_term_average": 119689
    }, 
    {
        "accumulated_operating_revenue_yoy": -14.479967540236583, 
        "accumulated_operating_revenue": 246603, 
        "long_term_average": 107908, 
        "date": "2013-03-31", 
        "operating_revenue": 78769, 
        "short_term_average": 82201
    }, 
    {
        "accumulated_operating_revenue_yoy": -11.240379498096368, 
        "accumulated_operating_revenue": 346901, 
        "long_term_average": 107727, 
        "date": "2013-04-30", 
        "operating_revenue": 100298, 
        "short_term_average": 83176
    }, 
    {
        "accumulated_operating_revenue_yoy": -11.366662857973845, 
        "accumulated_operating_revenue": 426641, 
        "long_term_average": 106828, 
        "date": "2013-05-31", 
        "operating_revenue": 79740, 
        "short_term_average": 86269
    }, 
    {
        "accumulated_operating_revenue_yoy": -9.954481876536793, 
        "accumulated_operating_revenue": 526606, 
        "long_term_average": 106536, 
        "date": "2013-06-30", 
        "operating_revenue": 99965, 
        "short_term_average": 93334
    }, 
    {
        "accumulated_operating_revenue_yoy": -9.775063153378174, 
        "accumulated_operating_revenue": 635041, 
        "long_term_average": 105654, 
        "date": "2013-07-31", 
        "operating_revenue": 108435, 
        "short_term_average": 96046
    }, 
    {
        "accumulated_operating_revenue_yoy": -13.728207180357046, 
        "accumulated_operating_revenue": 722220, 
        "long_term_average": 101811, 
        "date": "2013-08-31", 
        "operating_revenue": 87179, 
        "short_term_average": 98526
    }, 
    {
        "accumulated_operating_revenue_yoy": -12.20127896092708, 
        "accumulated_operating_revenue": 847946, 
        "long_term_average": 101568, 
        "date": "2013-09-30", 
        "operating_revenue": 125726, 
        "short_term_average": 107113
    }, 
    {
        "accumulated_operating_revenue_yoy": -9.19346712054367, 
        "accumulated_operating_revenue": 960596, 
        "long_term_average": 103283, 
        "date": "2013-10-31", 
        "operating_revenue": 112650, 
        "short_term_average": 108518
    }, 
    {
        "accumulated_operating_revenue_yoy": -7.032604577177668, 
        "accumulated_operating_revenue": 1064869, 
        "long_term_average": 104675, 
        "date": "2013-11-30", 
        "operating_revenue": 104273, 
        "short_term_average": 114216
    }, 
    {
        "accumulated_operating_revenue_yoy": -5.530813065730401, 
        "accumulated_operating_revenue": 1262729, 
        "long_term_average": 105227, 
        "date": "2013-12-31", 
        "operating_revenue": 197860, 
        "short_term_average": 138261
    }, 
    {
        "accumulated_operating_revenue_yoy": -5.436825403345897, 
        "accumulated_operating_revenue": 92079, 
        "long_term_average": 104786, 
        "date": "2014-01-31", 
        "operating_revenue": 92079, 
        "short_term_average": 131404
    }, 
    {
        "accumulated_operating_revenue_yoy": -5.933243562091114, 
        "accumulated_operating_revenue": 157876, 
        "long_term_average": 104397, 
        "date": "2014-02-28", 
        "operating_revenue": 65797, 
        "short_term_average": 118578
    }, 
    {
        "accumulated_operating_revenue_yoy": -6.659691893448174, 
        "accumulated_operating_revenue": 230180, 
        "long_term_average": 103858, 
        "date": "2014-03-31", 
        "operating_revenue": 72304, 
        "short_term_average": 76726
    }, 
    {
        "accumulated_operating_revenue_yoy": -9.74802609389999, 
        "accumulated_operating_revenue": 313085, 
        "long_term_average": 102409, 
        "date": "2014-04-30", 
        "operating_revenue": 82905, 
        "short_term_average": 73668
    }, 
    {
        "accumulated_operating_revenue_yoy": -10.074277905780269, 
        "accumulated_operating_revenue": 383660, 
        "long_term_average": 101645, 
        "date": "2014-05-31", 
        "operating_revenue": 70575, 
        "short_term_average": 75261
    }, 
    {
        "accumulated_operating_revenue_yoy": -11.500818448707383, 
        "accumulated_operating_revenue": 466042, 
        "long_term_average": 100180, 
        "date": "2014-06-30", 
        "operating_revenue": 82382, 
        "short_term_average": 78620
    }, 
    {
        "accumulated_operating_revenue_yoy": -13.925872502720296, 
        "accumulated_operating_revenue": 546606, 
        "long_term_average": 97857, 
        "date": "2014-07-31", 
        "operating_revenue": 80564, 
        "short_term_average": 77840
    }, 
    {
        "accumulated_operating_revenue_yoy": -14.662291268588518, 
        "accumulated_operating_revenue": 616326, 
        "long_term_average": 96402, 
        "date": "2014-08-31", 
        "operating_revenue": 69720, 
        "short_term_average": 77555
    }, 
    {
        "accumulated_operating_revenue_yoy": -18.598825868628428, 
        "accumulated_operating_revenue": 690238, 
        "long_term_average": 92085, 
        "date": "2014-09-30", 
        "operating_revenue": 73912, 
        "short_term_average": 74732
    }, 
    {
        "accumulated_operating_revenue_yoy": -15.230336166296757, 
        "accumulated_operating_revenue": 814294, 
        "long_term_average": 93035, 
        "date": "2014-10-31", 
        "operating_revenue": 124056, 
        "short_term_average": 89229
    }, 
    {
        "accumulated_operating_revenue_yoy": -17.82031404801905, 
        "accumulated_operating_revenue": 875106, 
        "long_term_average": 89413, 
        "date": "2014-11-30", 
        "operating_revenue": 60812, 
        "short_term_average": 86260
    }, 
    {
        "accumulated_operating_revenue_yoy": -19.546078374694808, 
        "accumulated_operating_revenue": 1015915, 
        "long_term_average": 84659, 
        "date": "2014-12-31", 
        "operating_revenue": 140809, 
        "short_term_average": 108559
    }, 
    {
        "accumulated_operating_revenue_yoy": -36.87702950727093, 
        "accumulated_operating_revenue": 58123, 
        "long_term_average": 81829, 
        "date": "2015-01-31", 
        "operating_revenue": 58123, 
        "short_term_average": 86581
    }, 
    {
        "accumulated_operating_revenue_yoy": -28.187944969469708, 
        "accumulated_operating_revenue": 113374, 
        "long_term_average": 80951, 
        "date": "2015-02-28", 
        "operating_revenue": 55251, 
        "short_term_average": 84727
    }, 
    {
        "accumulated_operating_revenue_yoy": -32.042314710226776, 
        "accumulated_operating_revenue": 156425, 
        "long_term_average": 78513, 
        "date": "2015-03-31", 
        "operating_revenue": 43051, 
        "short_term_average": 52141
    }, 
    {
        "accumulated_operating_revenue_yoy": -25.862625165689828, 
        "accumulated_operating_revenue": 232113, 
        "long_term_average": 77911, 
        "date": "2015-04-30", 
        "operating_revenue": 75688, 
        "short_term_average": 57996
    }, 
    {
        "accumulated_operating_revenue_yoy": -20.713131418443414, 
        "accumulated_operating_revenue": 304192, 
        "long_term_average": 78037, 
        "date": "2015-05-31", 
        "operating_revenue": 72079, 
        "short_term_average": 63606
    }, 
    {
        "accumulated_operating_revenue_yoy": -17.22269666682402, 
        "accumulated_operating_revenue": 385777, 
        "long_term_average": 77970, 
        "date": "2015-06-30", 
        "operating_revenue": 81585, 
        "short_term_average": 76450
    }, 
    {
        "accumulated_operating_revenue_yoy": -12.59847129376553, 
        "accumulated_operating_revenue": 477742, 
        "long_term_average": 78920, 
        "date": "2015-07-31", 
        "operating_revenue": 91965, 
        "short_term_average": 81876
    }, 
    {
        "accumulated_operating_revenue_yoy": -11.349188578771624, 
        "accumulated_operating_revenue": 546378, 
        "long_term_average": 78830, 
        "date": "2015-08-31", 
        "operating_revenue": 68636, 
        "short_term_average": 80728
    }, 
    {
        "accumulated_operating_revenue_yoy": -8.325534091139577, 
        "accumulated_operating_revenue": 632772, 
        "long_term_average": 79870, 
        "date": "2015-09-30", 
        "operating_revenue": 86394, 
        "short_term_average": 82331
    }, 
    {
        "accumulated_operating_revenue_yoy": -9.07718833738183, 
        "accumulated_operating_revenue": 740379, 
        "long_term_average": 78500, 
        "date": "2015-10-31", 
        "operating_revenue": 107607, 
        "short_term_average": 87545
    }
]