[
    {
        "date": "2012-01-31", 
        "operating_revenue": 149039, 
        "accumulated_operating_revenue": 149039, 
        "long_term_average": 149039, 
        "short_term_average": 149039
    }, 
    {
        "date": "2012-02-29", 
        "operating_revenue": 118120, 
        "accumulated_operating_revenue": 267159, 
        "long_term_average": 133579, 
        "short_term_average": 133579
    }, 
    {
        "date": "2012-03-31", 
        "operating_revenue": 134260, 
        "accumulated_operating_revenue": 401419, 
        "long_term_average": 133806, 
        "short_term_average": 133806
    }, 
    {
        "date": "2012-04-30", 
        "operating_revenue": 146573, 
        "accumulated_operating_revenue": 547992, 
        "long_term_average": 136998, 
        "short_term_average": 132984
    }, 
    {
        "date": "2012-05-31", 
        "operating_revenue": 138227, 
        "accumulated_operating_revenue": 686219, 
        "long_term_average": 137243, 
        "short_term_average": 139686
    }, 
    {
        "date": "2012-06-30", 
        "operating_revenue": 127742, 
        "accumulated_operating_revenue": 813961, 
        "long_term_average": 135660, 
        "short_term_average": 137514
    }, 
    {
        "date": "2012-07-31", 
        "operating_revenue": 128897, 
        "accumulated_operating_revenue": 942858, 
        "long_term_average": 134694, 
        "short_term_average": 131622
    }, 
    {
        "date": "2012-08-31", 
        "operating_revenue": 137334, 
        "accumulated_operating_revenue": 1080192, 
        "long_term_average": 135024, 
        "short_term_average": 131324
    }, 
    {
        "date": "2012-09-30", 
        "operating_revenue": 140636, 
        "accumulated_operating_revenue": 1220828, 
        "long_term_average": 135647, 
        "short_term_average": 135622
    }, 
    {
        "date": "2012-10-31", 
        "operating_revenue": 137726, 
        "accumulated_operating_revenue": 1358554, 
        "long_term_average": 135855, 
        "short_term_average": 138565
    }, 
    {
        "date": "2012-11-30", 
        "operating_revenue": 134366, 
        "accumulated_operating_revenue": 1492920, 
        "long_term_average": 135720, 
        "short_term_average": 137576
    }, 
    {
        "date": "2012-12-31", 
        "operating_revenue": 128367, 
        "accumulated_operating_revenue": 1621287, 
        "long_term_average": 135107, 
        "short_term_average": 133486
    }, 
    {
        "accumulated_operating_revenue_yoy": -8.332047316474211, 
        "accumulated_operating_revenue": 136621, 
        "long_term_average": 134072, 
        "date": "2013-01-31", 
        "operating_revenue": 136621, 
        "short_term_average": 133118
    }, 
    {
        "accumulated_operating_revenue_yoy": -13.99017064744216, 
        "accumulated_operating_revenue": 229783, 
        "long_term_average": 131992, 
        "date": "2013-02-28", 
        "operating_revenue": 93162, 
        "short_term_average": 119383
    }, 
    {
        "accumulated_operating_revenue_yoy": -17.038555723570635, 
        "accumulated_operating_revenue": 333023, 
        "long_term_average": 129407, 
        "date": "2013-03-31", 
        "operating_revenue": 103240, 
        "short_term_average": 111007
    }, 
    {
        "accumulated_operating_revenue_yoy": -17.662484123855823, 
        "accumulated_operating_revenue": 451203, 
        "long_term_average": 127041, 
        "date": "2013-04-30", 
        "operating_revenue": 118180, 
        "short_term_average": 104860
    }, 
    {
        "accumulated_operating_revenue_yoy": -17.929844553998066, 
        "accumulated_operating_revenue": 563181, 
        "long_term_average": 124854, 
        "date": "2013-05-31", 
        "operating_revenue": 111978, 
        "short_term_average": 111132
    }, 
    {
        "accumulated_operating_revenue_yoy": -18.430489912907376, 
        "accumulated_operating_revenue": 663944, 
        "long_term_average": 122605, 
        "date": "2013-06-30", 
        "operating_revenue": 100763, 
        "short_term_average": 110307
    }, 
    {
        "accumulated_operating_revenue_yoy": -19.775300204272543, 
        "accumulated_operating_revenue": 756405, 
        "long_term_average": 119569, 
        "date": "2013-07-31", 
        "operating_revenue": 92461, 
        "short_term_average": 101734
    }, 
    {
        "accumulated_operating_revenue_yoy": -18.834799739305605, 
        "accumulated_operating_revenue": 876740, 
        "long_term_average": 118152, 
        "date": "2013-08-31", 
        "operating_revenue": 120335, 
        "short_term_average": 104519
    }, 
    {
        "accumulated_operating_revenue_yoy": -18.97638324153771, 
        "accumulated_operating_revenue": 989159, 
        "long_term_average": 115801, 
        "date": "2013-09-30", 
        "operating_revenue": 112419, 
        "short_term_average": 108405
    }, 
    {
        "accumulated_operating_revenue_yoy": -19.49256341669157, 
        "accumulated_operating_revenue": 1093737, 
        "long_term_average": 113039, 
        "date": "2013-10-31", 
        "operating_revenue": 104578, 
        "short_term_average": 112444
    }, 
    {
        "accumulated_operating_revenue_yoy": -18.704351204351205, 
        "accumulated_operating_revenue": 1213679, 
        "long_term_average": 111837, 
        "date": "2013-11-30", 
        "operating_revenue": 119942, 
        "short_term_average": 112313
    }, 
    {
        "accumulated_operating_revenue_yoy": -17.44774367524072, 
        "accumulated_operating_revenue": 1338409, 
        "long_term_average": 111534, 
        "date": "2013-12-31", 
        "operating_revenue": 124730, 
        "short_term_average": 116416
    }, 
    {
        "accumulated_operating_revenue_yoy": -0.6514371875480344, 
        "accumulated_operating_revenue": 135731, 
        "long_term_average": 111459, 
        "date": "2014-01-31", 
        "operating_revenue": 135731, 
        "short_term_average": 126801
    }, 
    {
        "accumulated_operating_revenue_yoy": -2.335681925991044, 
        "accumulated_operating_revenue": 224416, 
        "long_term_average": 111086, 
        "date": "2014-02-28", 
        "operating_revenue": 88685, 
        "short_term_average": 116382
    }, 
    {
        "accumulated_operating_revenue_yoy": -0.29067061434195235, 
        "accumulated_operating_revenue": 332055, 
        "long_term_average": 111453, 
        "date": "2014-03-31", 
        "operating_revenue": 107639, 
        "short_term_average": 110685
    }, 
    {
        "accumulated_operating_revenue_yoy": -2.324452629969216, 
        "accumulated_operating_revenue": 440715, 
        "long_term_average": 110660, 
        "date": "2014-04-30", 
        "operating_revenue": 108660, 
        "short_term_average": 101661
    }, 
    {
        "accumulated_operating_revenue_yoy": -2.1279126959183636, 
        "accumulated_operating_revenue": 551197, 
        "long_term_average": 110535, 
        "date": "2014-05-31", 
        "operating_revenue": 110482, 
        "short_term_average": 108927
    }, 
    {
        "accumulated_operating_revenue_yoy": -1.4984697504608822, 
        "accumulated_operating_revenue": 653995, 
        "long_term_average": 110705, 
        "date": "2014-06-30", 
        "operating_revenue": 102798, 
        "short_term_average": 107313
    }, 
    {
        "accumulated_operating_revenue_yoy": 0.5425664822416563, 
        "accumulated_operating_revenue": 760509, 
        "long_term_average": 111876, 
        "date": "2014-07-31", 
        "operating_revenue": 106514, 
        "short_term_average": 106598
    }, 
    {
        "accumulated_operating_revenue_yoy": -2.334671624426854, 
        "accumulated_operating_revenue": 856271, 
        "long_term_average": 109828, 
        "date": "2014-08-31", 
        "operating_revenue": 95762, 
        "short_term_average": 101691
    }, 
    {
        "accumulated_operating_revenue_yoy": -3.385603325653409, 
        "accumulated_operating_revenue": 955670, 
        "long_term_average": 108743, 
        "date": "2014-09-30", 
        "operating_revenue": 99399, 
        "short_term_average": 100558
    }, 
    {
        "accumulated_operating_revenue_yoy": -3.620980180793006, 
        "accumulated_operating_revenue": 1054133, 
        "long_term_average": 108233, 
        "date": "2014-10-31", 
        "operating_revenue": 98463, 
        "short_term_average": 97874
    }, 
    {
        "accumulated_operating_revenue_yoy": -4.850376417487656, 
        "accumulated_operating_revenue": 1154811, 
        "long_term_average": 106628, 
        "date": "2014-11-30", 
        "operating_revenue": 100678, 
        "short_term_average": 99513
    }, 
    {
        "accumulated_operating_revenue_yoy": -6.786864105068033, 
        "accumulated_operating_revenue": 1247573, 
        "long_term_average": 103964, 
        "date": "2014-12-31", 
        "operating_revenue": 92762, 
        "short_term_average": 97301
    }, 
    {
        "accumulated_operating_revenue_yoy": -23.54288998091814, 
        "accumulated_operating_revenue": 103776, 
        "long_term_average": 101301, 
        "date": "2015-01-31", 
        "operating_revenue": 103776, 
        "short_term_average": 99072
    }, 
    {
        "accumulated_operating_revenue_yoy": -18.040603165549694, 
        "accumulated_operating_revenue": 183930, 
        "long_term_average": 100590, 
        "date": "2015-02-28", 
        "operating_revenue": 80154, 
        "short_term_average": 92230
    }, 
    {
        "accumulated_operating_revenue_yoy": -16.841185948111008, 
        "accumulated_operating_revenue": 276133, 
        "long_term_average": 99304, 
        "date": "2015-03-31", 
        "operating_revenue": 92203, 
        "short_term_average": 92044
    }, 
    {
        "accumulated_operating_revenue_yoy": -17.516535629601897, 
        "accumulated_operating_revenue": 363517, 
        "long_term_average": 97531, 
        "date": "2015-04-30", 
        "operating_revenue": 87384, 
        "short_term_average": 86580
    }, 
    {
        "accumulated_operating_revenue_yoy": -18.384534023225815, 
        "accumulated_operating_revenue": 449862, 
        "long_term_average": 95519, 
        "date": "2015-05-31", 
        "operating_revenue": 86345, 
        "short_term_average": 88644
    }, 
    {
        "accumulated_operating_revenue_yoy": -16.477037286217787, 
        "accumulated_operating_revenue": 546236, 
        "long_term_average": 94984, 
        "date": "2015-06-30", 
        "operating_revenue": 96374, 
        "short_term_average": 90034
    }, 
    {
        "accumulated_operating_revenue_yoy": -14.639800449435839, 
        "accumulated_operating_revenue": 649172, 
        "long_term_average": 94686, 
        "date": "2015-07-31", 
        "operating_revenue": 102936, 
        "short_term_average": 95218
    }, 
    {
        "accumulated_operating_revenue_yoy": -13.671139160382637, 
        "accumulated_operating_revenue": 739209, 
        "long_term_average": 94209, 
        "date": "2015-08-31", 
        "operating_revenue": 90037, 
        "short_term_average": 96449
    }
]