[
    {
        "date": "2012-01-31", 
        "operating_revenue": 382476, 
        "accumulated_operating_revenue": 382476, 
        "long_term_average": 382476, 
        "short_term_average": 382476
    }, 
    {
        "date": "2012-02-29", 
        "operating_revenue": 410959, 
        "accumulated_operating_revenue": 793435, 
        "long_term_average": 396717, 
        "short_term_average": 396717
    }, 
    {
        "date": "2012-03-31", 
        "operating_revenue": 519857, 
        "accumulated_operating_revenue": 1313292, 
        "long_term_average": 437764, 
        "short_term_average": 437764
    }, 
    {
        "date": "2012-04-30", 
        "operating_revenue": 452672, 
        "accumulated_operating_revenue": 1765964, 
        "long_term_average": 441491, 
        "short_term_average": 461162
    }, 
    {
        "date": "2012-05-31", 
        "operating_revenue": 491602, 
        "accumulated_operating_revenue": 2257566, 
        "long_term_average": 451513, 
        "short_term_average": 488043
    }, 
    {
        "date": "2012-06-30", 
        "operating_revenue": 469263, 
        "accumulated_operating_revenue": 2726829, 
        "long_term_average": 454471, 
        "short_term_average": 471179
    }, 
    {
        "date": "2012-07-31", 
        "operating_revenue": 499611, 
        "accumulated_operating_revenue": 3226440, 
        "long_term_average": 460920, 
        "short_term_average": 486825
    }, 
    {
        "date": "2012-08-31", 
        "operating_revenue": 412294, 
        "accumulated_operating_revenue": 3638734, 
        "long_term_average": 454841, 
        "short_term_average": 460389
    }, 
    {
        "date": "2012-09-30", 
        "operating_revenue": 458726, 
        "accumulated_operating_revenue": 4097460, 
        "long_term_average": 455273, 
        "short_term_average": 456877
    }, 
    {
        "date": "2012-10-31", 
        "operating_revenue": 467483, 
        "accumulated_operating_revenue": 4564943, 
        "long_term_average": 456494, 
        "short_term_average": 446167
    }, 
    {
        "date": "2012-11-30", 
        "operating_revenue": 436678, 
        "accumulated_operating_revenue": 5001621, 
        "long_term_average": 454692, 
        "short_term_average": 454295
    }, 
    {
        "date": "2012-12-31", 
        "operating_revenue": 472506, 
        "accumulated_operating_revenue": 5474127, 
        "long_term_average": 456177, 
        "short_term_average": 458889
    }, 
    {
        "accumulated_operating_revenue_yoy": 40.82792122904444, 
        "accumulated_operating_revenue": 538633, 
        "long_term_average": 469190, 
        "date": "2013-01-31", 
        "operating_revenue": 538633, 
        "short_term_average": 482605
    }, 
    {
        "accumulated_operating_revenue_yoy": 13.836798225437496, 
        "accumulated_operating_revenue": 903221, 
        "long_term_average": 465326, 
        "date": "2013-02-28", 
        "operating_revenue": 364588, 
        "short_term_average": 458575
    }, 
    {
        "accumulated_operating_revenue_yoy": 7.694556884531391, 
        "accumulated_operating_revenue": 1414344, 
        "long_term_average": 464598, 
        "date": "2013-03-31", 
        "operating_revenue": 511123, 
        "short_term_average": 471448
    }, 
    {
        "accumulated_operating_revenue_yoy": 7.465101213841279, 
        "accumulated_operating_revenue": 1897795, 
        "long_term_average": 467163, 
        "date": "2013-04-30", 
        "operating_revenue": 483451, 
        "short_term_average": 453054
    }, 
    {
        "accumulated_operating_revenue_yoy": 9.464662384178359, 
        "accumulated_operating_revenue": 2471237, 
        "long_term_average": 473983, 
        "date": "2013-05-31", 
        "operating_revenue": 573442, 
        "short_term_average": 522672
    }, 
    {
        "accumulated_operating_revenue_yoy": 11.13227122052758, 
        "accumulated_operating_revenue": 3030387, 
        "long_term_average": 481473, 
        "date": "2013-06-30", 
        "operating_revenue": 559150, 
        "short_term_average": 538681
    }, 
    {
        "accumulated_operating_revenue_yoy": 9.911543372881566, 
        "accumulated_operating_revenue": 3546230, 
        "long_term_average": 482826, 
        "date": "2013-07-31", 
        "operating_revenue": 515843, 
        "short_term_average": 549478
    }, 
    {
        "accumulated_operating_revenue_yoy": 11.70896251278604, 
        "accumulated_operating_revenue": 4064792, 
        "long_term_average": 491682, 
        "date": "2013-08-31", 
        "operating_revenue": 518562, 
        "short_term_average": 531185
    }, 
    {
        "accumulated_operating_revenue_yoy": 11.082158215089349, 
        "accumulated_operating_revenue": 4551547, 
        "long_term_average": 494017, 
        "date": "2013-09-30", 
        "operating_revenue": 486755, 
        "short_term_average": 507053
    }, 
    {
        "accumulated_operating_revenue_yoy": 12.624407358427039, 
        "accumulated_operating_revenue": 5141240, 
        "long_term_average": 504202, 
        "date": "2013-10-31", 
        "operating_revenue": 589693, 
        "short_term_average": 531670
    }, 
    {
        "accumulated_operating_revenue_yoy": 13.403294651873862, 
        "accumulated_operating_revenue": 5672003, 
        "long_term_average": 512042, 
        "date": "2013-11-30", 
        "operating_revenue": 530763, 
        "short_term_average": 535737
    }, 
    {
        "accumulated_operating_revenue_yoy": 14.130052152608078, 
        "accumulated_operating_revenue": 6247624, 
        "long_term_average": 520635, 
        "date": "2013-12-31", 
        "operating_revenue": 575621, 
        "short_term_average": 565359
    }, 
    {
        "accumulated_operating_revenue_yoy": 15.031570661285143, 
        "accumulated_operating_revenue": 619598, 
        "long_term_average": 527382, 
        "date": "2014-01-31", 
        "operating_revenue": 619598, 
        "short_term_average": 575327
    }, 
    {
        "accumulated_operating_revenue_yoy": 17.686811976249444, 
        "accumulated_operating_revenue": 1062972, 
        "long_term_average": 533947, 
        "date": "2014-02-28", 
        "operating_revenue": 443374, 
        "short_term_average": 546197
    }, 
    {
        "accumulated_operating_revenue_yoy": 17.064306844728016, 
        "accumulated_operating_revenue": 1655692, 
        "long_term_average": 540747, 
        "date": "2014-03-31", 
        "operating_revenue": 592720, 
        "short_term_average": 551897
    }, 
    {
        "accumulated_operating_revenue_yoy": 17.971909505505074, 
        "accumulated_operating_revenue": 2238865, 
        "long_term_average": 549057, 
        "date": "2014-04-30", 
        "operating_revenue": 583173, 
        "short_term_average": 539755
    }, 
    {
        "accumulated_operating_revenue_yoy": 14.59066855991554, 
        "accumulated_operating_revenue": 2831807, 
        "long_term_average": 550682, 
        "date": "2014-05-31", 
        "operating_revenue": 592942, 
        "short_term_average": 589611
    }, 
    {
        "accumulated_operating_revenue_yoy": 11.754109293631473, 
        "accumulated_operating_revenue": 3386582, 
        "long_term_average": 550318, 
        "date": "2014-06-30", 
        "operating_revenue": 554775, 
        "short_term_average": 576963
    }, 
    {
        "accumulated_operating_revenue_yoy": 10.95834167552584, 
        "accumulated_operating_revenue": 3934838, 
        "long_term_average": 553019, 
        "date": "2014-07-31", 
        "operating_revenue": 548256, 
        "short_term_average": 565324
    }, 
    {
        "accumulated_operating_revenue_yoy": 10.641725333055172, 
        "accumulated_operating_revenue": 4497356, 
        "long_term_average": 556682, 
        "date": "2014-08-31", 
        "operating_revenue": 562518, 
        "short_term_average": 555183
    }, 
    {
        "accumulated_operating_revenue_yoy": 11.067819359000357, 
        "accumulated_operating_revenue": 5055304, 
        "long_term_average": 562615, 
        "date": "2014-09-30", 
        "operating_revenue": 557948, 
        "short_term_average": 556240
    }, 
    {
        "accumulated_operating_revenue_yoy": 10.984879134216648, 
        "accumulated_operating_revenue": 5705999, 
        "long_term_average": 567698, 
        "date": "2014-10-31", 
        "operating_revenue": 650695, 
        "short_term_average": 590387
    }, 
    {
        "accumulated_operating_revenue_yoy": 11.408262654303956, 
        "accumulated_operating_revenue": 6319080, 
        "long_term_average": 574558, 
        "date": "2014-11-30", 
        "operating_revenue": 613081, 
        "short_term_average": 607241
    }, 
    {
        "accumulated_operating_revenue_yoy": 12.497166922977438, 
        "accumulated_operating_revenue": 7028400, 
        "long_term_average": 585700, 
        "date": "2014-12-31", 
        "operating_revenue": 709320, 
        "short_term_average": 657698
    }, 
    {
        "accumulated_operating_revenue_yoy": 13.122863534097915, 
        "accumulated_operating_revenue": 700907, 
        "long_term_average": 592475, 
        "date": "2015-01-31", 
        "operating_revenue": 700907, 
        "short_term_average": 674436
    }, 
    {
        "accumulated_operating_revenue_yoy": 10.22519878228213, 
        "accumulated_operating_revenue": 1171663, 
        "long_term_average": 594757, 
        "date": "2015-02-28", 
        "operating_revenue": 470756, 
        "short_term_average": 626994
    }, 
    {
        "accumulated_operating_revenue_yoy": 16.43632994542463, 
        "accumulated_operating_revenue": 1927827, 
        "long_term_average": 608377, 
        "date": "2015-03-31", 
        "operating_revenue": 756164, 
        "short_term_average": 642609
    }, 
    {
        "accumulated_operating_revenue_yoy": 19.17118718636452, 
        "accumulated_operating_revenue": 2668082, 
        "long_term_average": 621468, 
        "date": "2015-04-30", 
        "operating_revenue": 740255, 
        "short_term_average": 655725
    }, 
    {
        "accumulated_operating_revenue_yoy": 14.716645590606985, 
        "accumulated_operating_revenue": 3248554, 
        "long_term_average": 620428, 
        "date": "2015-05-31", 
        "operating_revenue": 580472, 
        "short_term_average": 692297
    }, 
    {
        "accumulated_operating_revenue_yoy": 14.896317289822008, 
        "accumulated_operating_revenue": 3891058, 
        "long_term_average": 627739, 
        "date": "2015-06-30", 
        "operating_revenue": 642504, 
        "short_term_average": 654410
    }, 
    {
        "accumulated_operating_revenue_yoy": 15.598863282300313, 
        "accumulated_operating_revenue": 4548628, 
        "long_term_average": 636849, 
        "date": "2015-07-31", 
        "operating_revenue": 657570, 
        "short_term_average": 626848
    }, 
    {
        "accumulated_operating_revenue_yoy": 12.825380067755365, 
        "accumulated_operating_revenue": 5074159, 
        "long_term_average": 633766, 
        "date": "2015-08-31", 
        "operating_revenue": 525531, 
        "short_term_average": 608535
    }
]