[
    {
        "date": "2012-01-31", 
        "operating_revenue": 142127, 
        "accumulated_operating_revenue": 142127, 
        "long_term_average": 142127, 
        "short_term_average": 142127
    }, 
    {
        "date": "2012-02-29", 
        "operating_revenue": 128034, 
        "accumulated_operating_revenue": 270161, 
        "long_term_average": 135080, 
        "short_term_average": 135080
    }, 
    {
        "date": "2012-03-31", 
        "operating_revenue": 113723, 
        "accumulated_operating_revenue": 383884, 
        "long_term_average": 127961, 
        "short_term_average": 127961
    }, 
    {
        "date": "2012-04-30", 
        "operating_revenue": 126597, 
        "accumulated_operating_revenue": 510481, 
        "long_term_average": 127620, 
        "short_term_average": 122784
    }, 
    {
        "date": "2012-05-31", 
        "operating_revenue": 113294, 
        "accumulated_operating_revenue": 623775, 
        "long_term_average": 124755, 
        "short_term_average": 117871
    }, 
    {
        "date": "2012-06-30", 
        "operating_revenue": 98818, 
        "accumulated_operating_revenue": 722593, 
        "long_term_average": 120432, 
        "short_term_average": 112903
    }, 
    {
        "date": "2012-07-31", 
        "operating_revenue": 90120, 
        "accumulated_operating_revenue": 812713, 
        "long_term_average": 116101, 
        "short_term_average": 100744
    }, 
    {
        "date": "2012-08-31", 
        "operating_revenue": 107991, 
        "accumulated_operating_revenue": 920704, 
        "long_term_average": 115088, 
        "short_term_average": 98976
    }, 
    {
        "date": "2012-09-30", 
        "operating_revenue": 99689, 
        "accumulated_operating_revenue": 1020393, 
        "long_term_average": 113377, 
        "short_term_average": 99266
    }, 
    {
        "date": "2012-10-31", 
        "operating_revenue": 122815, 
        "accumulated_operating_revenue": 1143208, 
        "long_term_average": 114320, 
        "short_term_average": 110165
    }, 
    {
        "date": "2012-11-30", 
        "operating_revenue": 103025, 
        "accumulated_operating_revenue": 1246233, 
        "long_term_average": 113293, 
        "short_term_average": 108509
    }, 
    {
        "date": "2012-12-31", 
        "operating_revenue": 118699, 
        "accumulated_operating_revenue": 1364932, 
        "long_term_average": 113744, 
        "short_term_average": 114846
    }, 
    {
        "accumulated_operating_revenue_yoy": -12.660507855650227, 
        "accumulated_operating_revenue": 124133, 
        "long_term_average": 112244, 
        "date": "2013-01-31", 
        "operating_revenue": 124133, 
        "short_term_average": 115285
    }, 
    {
        "accumulated_operating_revenue_yoy": 0.7192007728724723, 
        "accumulated_operating_revenue": 272104, 
        "long_term_average": 113906, 
        "date": "2013-02-28", 
        "operating_revenue": 147971, 
        "short_term_average": 130267
    }, 
    {
        "accumulated_operating_revenue_yoy": 3.559148075981286, 
        "accumulated_operating_revenue": 397547, 
        "long_term_average": 114882, 
        "date": "2013-03-31", 
        "operating_revenue": 125443, 
        "short_term_average": 132515
    }, 
    {
        "accumulated_operating_revenue_yoy": 3.949608310593342, 
        "accumulated_operating_revenue": 530643, 
        "long_term_average": 115424, 
        "date": "2013-04-30", 
        "operating_revenue": 133096, 
        "short_term_average": 135503
    }, 
    {
        "accumulated_operating_revenue_yoy": 2.975111217987255, 
        "accumulated_operating_revenue": 642333, 
        "long_term_average": 115290, 
        "date": "2013-05-31", 
        "operating_revenue": 111690, 
        "short_term_average": 123409
    }, 
    {
        "accumulated_operating_revenue_yoy": 6.653953193568165, 
        "accumulated_operating_revenue": 770674, 
        "long_term_average": 117751, 
        "date": "2013-06-30", 
        "operating_revenue": 128341, 
        "short_term_average": 124375
    }, 
    {
        "accumulated_operating_revenue_yoy": 6.5340409221951665, 
        "accumulated_operating_revenue": 865816, 
        "long_term_average": 118169, 
        "date": "2013-07-31", 
        "operating_revenue": 95142, 
        "short_term_average": 111724
    }, 
    {
        "accumulated_operating_revenue_yoy": 5.115759245099402, 
        "accumulated_operating_revenue": 967805, 
        "long_term_average": 117669, 
        "date": "2013-08-31", 
        "operating_revenue": 101989, 
        "short_term_average": 108490
    }, 
    {
        "accumulated_operating_revenue_yoy": 4.719750135487014, 
        "accumulated_operating_revenue": 1068553, 
        "long_term_average": 117757, 
        "date": "2013-09-30", 
        "operating_revenue": 100748, 
        "short_term_average": 99293
    }, 
    {
        "accumulated_operating_revenue_yoy": 4.216293098018909, 
        "accumulated_operating_revenue": 1191409, 
        "long_term_average": 117761, 
        "date": "2013-10-31", 
        "operating_revenue": 122856, 
        "short_term_average": 108531
    }, 
    {
        "accumulated_operating_revenue_yoy": 4.333619796619091, 
        "accumulated_operating_revenue": 1300240, 
        "long_term_average": 118244, 
        "date": "2013-11-30", 
        "operating_revenue": 108831, 
        "short_term_average": 110811
    }, 
    {
        "accumulated_operating_revenue_yoy": 5.11285543895227, 
        "accumulated_operating_revenue": 1434719, 
        "long_term_average": 119559, 
        "date": "2013-12-31", 
        "operating_revenue": 134479, 
        "short_term_average": 122055
    }, 
    {
        "accumulated_operating_revenue_yoy": 8.985523591631557, 
        "accumulated_operating_revenue": 135287, 
        "long_term_average": 120489, 
        "date": "2014-01-31", 
        "operating_revenue": 135287, 
        "short_term_average": 126199
    }, 
    {
        "accumulated_operating_revenue_yoy": 14.60250492458766, 
        "accumulated_operating_revenue": 311838, 
        "long_term_average": 122871, 
        "date": "2014-02-28", 
        "operating_revenue": 176551, 
        "short_term_average": 148772
    }, 
    {
        "accumulated_operating_revenue_yoy": 14.827177667043143, 
        "accumulated_operating_revenue": 456492, 
        "long_term_average": 124472, 
        "date": "2014-03-31", 
        "operating_revenue": 144654, 
        "short_term_average": 152164
    }, 
    {
        "accumulated_operating_revenue_yoy": 14.204276698269835, 
        "accumulated_operating_revenue": 606017, 
        "long_term_average": 125841, 
        "date": "2014-04-30", 
        "operating_revenue": 149525, 
        "short_term_average": 156910
    }, 
    {
        "accumulated_operating_revenue_yoy": 13.619571157016688, 
        "accumulated_operating_revenue": 729816, 
        "long_term_average": 126850, 
        "date": "2014-05-31", 
        "operating_revenue": 123799, 
        "short_term_average": 139326
    }, 
    {
        "accumulated_operating_revenue_yoy": 11.690286684123247, 
        "accumulated_operating_revenue": 860768, 
        "long_term_average": 127067, 
        "date": "2014-06-30", 
        "operating_revenue": 130952, 
        "short_term_average": 134758
    }, 
    {
        "accumulated_operating_revenue_yoy": 11.411547026157983, 
        "accumulated_operating_revenue": 964619, 
        "long_term_average": 127793, 
        "date": "2014-07-31", 
        "operating_revenue": 103851, 
        "short_term_average": 119534
    }, 
    {
        "accumulated_operating_revenue_yoy": 11.78636192208141, 
        "accumulated_operating_revenue": 1081874, 
        "long_term_average": 129065, 
        "date": "2014-08-31", 
        "operating_revenue": 117255, 
        "short_term_average": 117352
    }, 
    {
        "accumulated_operating_revenue_yoy": 11.53232455479513, 
        "accumulated_operating_revenue": 1191782, 
        "long_term_average": 129829, 
        "date": "2014-09-30", 
        "operating_revenue": 109908, 
        "short_term_average": 110338
    }, 
    {
        "accumulated_operating_revenue_yoy": 10.335493520696923, 
        "accumulated_operating_revenue": 1314547, 
        "long_term_average": 129821, 
        "date": "2014-10-31", 
        "operating_revenue": 122765, 
        "short_term_average": 116642
    }, 
    {
        "accumulated_operating_revenue_yoy": 9.918015135667261, 
        "accumulated_operating_revenue": 1429198, 
        "long_term_average": 130306, 
        "date": "2014-11-30", 
        "operating_revenue": 114651, 
        "short_term_average": 115774
    }, 
    {
        "accumulated_operating_revenue_yoy": 9.93121301104955, 
        "accumulated_operating_revenue": 1577204, 
        "long_term_average": 131433, 
        "date": "2014-12-31", 
        "operating_revenue": 148006, 
        "short_term_average": 128474
    }, 
    {
        "accumulated_operating_revenue_yoy": -1.9159268813707158, 
        "accumulated_operating_revenue": 132695, 
        "long_term_average": 131217, 
        "date": "2015-01-31", 
        "operating_revenue": 132695, 
        "short_term_average": 131784
    }, 
    {
        "accumulated_operating_revenue_yoy": -10.089854347449638, 
        "accumulated_operating_revenue": 280374, 
        "long_term_average": 128811, 
        "date": "2015-02-28", 
        "operating_revenue": 147679, 
        "short_term_average": 142793
    }, 
    {
        "accumulated_operating_revenue_yoy": -13.343497804999869, 
        "accumulated_operating_revenue": 395580, 
        "long_term_average": 126357, 
        "date": "2015-03-31", 
        "operating_revenue": 115206, 
        "short_term_average": 131860
    }, 
    {
        "accumulated_operating_revenue_yoy": -13.012176226079466, 
        "accumulated_operating_revenue": 527161, 
        "long_term_average": 124862, 
        "date": "2015-04-30", 
        "operating_revenue": 131581, 
        "short_term_average": 131488
    }, 
    {
        "accumulated_operating_revenue_yoy": -13.915288237035089, 
        "accumulated_operating_revenue": 628260, 
        "long_term_average": 122970, 
        "date": "2015-05-31", 
        "operating_revenue": 101099, 
        "short_term_average": 115962
    }, 
    {
        "accumulated_operating_revenue_yoy": -14.333943641027547, 
        "accumulated_operating_revenue": 737386, 
        "long_term_average": 121151, 
        "date": "2015-06-30", 
        "operating_revenue": 109126, 
        "short_term_average": 113935
    }, 
    {
        "accumulated_operating_revenue_yoy": -15.378299618813232, 
        "accumulated_operating_revenue": 816277, 
        "long_term_average": 119071, 
        "date": "2015-07-31", 
        "operating_revenue": 78891, 
        "short_term_average": 96372
    }, 
    {
        "accumulated_operating_revenue_yoy": -16.619587863281676, 
        "accumulated_operating_revenue": 902071, 
        "long_term_average": 116450, 
        "date": "2015-08-31", 
        "operating_revenue": 85794, 
        "short_term_average": 91270
    }, 
    {
        "accumulated_operating_revenue_yoy": -17.337650677724618, 
        "accumulated_operating_revenue": 985155, 
        "long_term_average": 114214, 
        "date": "2015-09-30", 
        "operating_revenue": 83084, 
        "short_term_average": 82589
    }
]