[
    {
        "date": "2011-09-30", 
        "operating_revenue": 5619967, 
        "accumulated_operating_revenue": 5619967, 
        "long_term_average": 5619967, 
        "short_term_average": 5619967
    }, 
    {
        "date": "2011-10-31", 
        "operating_revenue": 6106718, 
        "accumulated_operating_revenue": 11726685, 
        "long_term_average": 5863342, 
        "short_term_average": 5863342
    }, 
    {
        "date": "2011-11-30", 
        "operating_revenue": 5258306, 
        "accumulated_operating_revenue": 16984991, 
        "long_term_average": 5661663, 
        "short_term_average": 5661663
    }, 
    {
        "date": "2011-12-31", 
        "operating_revenue": 6453907, 
        "accumulated_operating_revenue": 23438898, 
        "long_term_average": 5859724, 
        "short_term_average": 5939643
    }, 
    {
        "date": "2012-01-31", 
        "operating_revenue": 3733858, 
        "accumulated_operating_revenue": 3733858, 
        "long_term_average": 5434551, 
        "short_term_average": 5148690
    }, 
    {
        "date": "2012-02-29", 
        "operating_revenue": 3807775, 
        "accumulated_operating_revenue": 7541633, 
        "long_term_average": 5163421, 
        "short_term_average": 4665180
    }, 
    {
        "date": "2012-03-31", 
        "operating_revenue": 4316860, 
        "accumulated_operating_revenue": 11858493, 
        "long_term_average": 5042484, 
        "short_term_average": 3952831
    }, 
    {
        "date": "2012-04-30", 
        "operating_revenue": 4107402, 
        "accumulated_operating_revenue": 15965895, 
        "long_term_average": 4925599, 
        "short_term_average": 4077345
    }, 
    {
        "date": "2012-05-31", 
        "operating_revenue": 5266482, 
        "accumulated_operating_revenue": 21232377, 
        "long_term_average": 4963475, 
        "short_term_average": 4563581
    }, 
    {
        "date": "2012-06-30", 
        "operating_revenue": 4830374, 
        "accumulated_operating_revenue": 26062751, 
        "long_term_average": 4950164, 
        "short_term_average": 4734752
    }, 
    {
        "date": "2012-07-31", 
        "operating_revenue": 5529977, 
        "accumulated_operating_revenue": 31592728, 
        "long_term_average": 5002875, 
        "short_term_average": 5208944
    }, 
    {
        "date": "2012-08-31", 
        "operating_revenue": 5246781, 
        "accumulated_operating_revenue": 36839509, 
        "long_term_average": 5023200, 
        "short_term_average": 5202377
    }, 
    {
        "accumulated_operating_revenue_yoy": 641.7359923999553, 
        "accumulated_operating_revenue": 41685318, 
        "long_term_average": 4958687, 
        "date": "2012-09-30", 
        "operating_revenue": 4845809, 
        "short_term_average": 5207522
    }, 
    {
        "accumulated_operating_revenue_yoy": 300.72456111850875, 
        "accumulated_operating_revenue": 46991707, 
        "long_term_average": 4891993, 
        "date": "2012-10-31", 
        "operating_revenue": 5306389, 
        "short_term_average": 5132993
    }, 
    {
        "accumulated_operating_revenue_yoy": 215.11606924018974, 
        "accumulated_operating_revenue": 53522436, 
        "long_term_average": 4998028, 
        "date": "2012-11-30", 
        "operating_revenue": 6530729, 
        "short_term_average": 5560975
    }, 
    {
        "accumulated_operating_revenue_yoy": 157.37064088934557, 
        "accumulated_operating_revenue": 60324842, 
        "long_term_average": 5027070, 
        "date": "2012-12-31", 
        "operating_revenue": 6802406, 
        "short_term_average": 6213174
    }, 
    {
        "accumulated_operating_revenue_yoy": -3.1855523161298582, 
        "accumulated_operating_revenue": 3614914, 
        "long_term_average": 5017158, 
        "date": "2013-01-31", 
        "operating_revenue": 3614914, 
        "short_term_average": 5649349
    }, 
    {
        "accumulated_operating_revenue_yoy": -4.786589323558969, 
        "accumulated_operating_revenue": 7180646, 
        "long_term_average": 4996987, 
        "date": "2013-02-28", 
        "operating_revenue": 3565732, 
        "short_term_average": 4661017
    }, 
    {
        "accumulated_operating_revenue_yoy": -3.63934101913287, 
        "accumulated_operating_revenue": 11426922, 
        "long_term_average": 4991105, 
        "date": "2013-03-31", 
        "operating_revenue": 4246276, 
        "short_term_average": 3808974
    }, 
    {
        "accumulated_operating_revenue_yoy": -2.696435119985444, 
        "accumulated_operating_revenue": 15535385, 
        "long_term_average": 4991194, 
        "date": "2013-04-30", 
        "operating_revenue": 4108463, 
        "short_term_average": 3973490
    }, 
    {
        "accumulated_operating_revenue_yoy": -4.4754574582016895, 
        "accumulated_operating_revenue": 20282131, 
        "long_term_average": 4947883, 
        "date": "2013-05-31", 
        "operating_revenue": 4746746, 
        "short_term_average": 4367161
    }, 
    {
        "accumulated_operating_revenue_yoy": -5.687780234711217, 
        "accumulated_operating_revenue": 24580359, 
        "long_term_average": 4903537, 
        "date": "2013-06-30", 
        "operating_revenue": 4298228, 
        "short_term_average": 4384479
    }, 
    {
        "accumulated_operating_revenue_yoy": -8.895939597238959, 
        "accumulated_operating_revenue": 28782258, 
        "long_term_average": 4792864, 
        "date": "2013-07-31", 
        "operating_revenue": 4201899, 
        "short_term_average": 4415624
    }, 
    {
        "accumulated_operating_revenue_yoy": -11.141299413083926, 
        "accumulated_operating_revenue": 32735109, 
        "long_term_average": 4685036, 
        "date": "2013-08-31", 
        "operating_revenue": 3952851, 
        "short_term_average": 4150992
    }, 
    {
        "accumulated_operating_revenue_yoy": -11.033342722730339, 
        "accumulated_operating_revenue": 37086034, 
        "long_term_average": 4643796, 
        "date": "2013-09-30", 
        "operating_revenue": 4350925, 
        "short_term_average": 4168558
    }, 
    {
        "accumulated_operating_revenue_yoy": -10.596820839047195, 
        "accumulated_operating_revenue": 42012080, 
        "long_term_average": 4612101, 
        "date": "2013-10-31", 
        "operating_revenue": 4926046, 
        "short_term_average": 4409940
    }, 
    {
        "accumulated_operating_revenue_yoy": -12.784797388519461, 
        "accumulated_operating_revenue": 46679701, 
        "long_term_average": 4456842, 
        "date": "2013-11-30", 
        "operating_revenue": 4667621, 
        "short_term_average": 4648197
    }, 
    {
        "accumulated_operating_revenue_yoy": -13.432084911221152, 
        "accumulated_operating_revenue": 52221958, 
        "long_term_average": 4351829, 
        "date": "2013-12-31", 
        "operating_revenue": 5542257, 
        "short_term_average": 5045308
    }, 
    {
        "accumulated_operating_revenue_yoy": -8.176902687034879, 
        "accumulated_operating_revenue": 3319326, 
        "long_term_average": 4327197, 
        "date": "2014-01-31", 
        "operating_revenue": 3319326, 
        "short_term_average": 4509734
    }, 
    {
        "accumulated_operating_revenue_yoy": -0.5397843035292368, 
        "accumulated_operating_revenue": 7141886, 
        "long_term_average": 4348599, 
        "date": "2014-02-28", 
        "operating_revenue": 3822560, 
        "short_term_average": 4228047
    }, 
    {
        "accumulated_operating_revenue_yoy": 6.112232147904746, 
        "accumulated_operating_revenue": 12125362, 
        "long_term_average": 4410033, 
        "date": "2014-03-31", 
        "operating_revenue": 4983476, 
        "short_term_average": 4041787
    }, 
    {
        "accumulated_operating_revenue_yoy": 12.169045054242298, 
        "accumulated_operating_revenue": 17425893, 
        "long_term_average": 4509372, 
        "date": "2014-04-30", 
        "operating_revenue": 5300531, 
        "short_term_average": 4702189
    }, 
    {
        "accumulated_operating_revenue_yoy": 6.483825590121669, 
        "accumulated_operating_revenue": 21597189, 
        "long_term_average": 4461418, 
        "date": "2014-05-31", 
        "operating_revenue": 4171296, 
        "short_term_average": 4818434
    }, 
    {
        "accumulated_operating_revenue_yoy": 5.814581471328388, 
        "accumulated_operating_revenue": 26009604, 
        "long_term_average": 4470933, 
        "date": "2014-06-30", 
        "operating_revenue": 4412415, 
        "short_term_average": 4628080
    }, 
    {
        "accumulated_operating_revenue_yoy": 5.024053359538366, 
        "accumulated_operating_revenue": 30228294, 
        "long_term_average": 4472332, 
        "date": "2014-07-31", 
        "operating_revenue": 4218690, 
        "short_term_average": 4267467
    }, 
    {
        "accumulated_operating_revenue_yoy": 9.433697013197664, 
        "accumulated_operating_revenue": 35823240, 
        "long_term_average": 4609174, 
        "date": "2014-08-31", 
        "operating_revenue": 5594946, 
        "short_term_average": 4742017
    }, 
    {
        "accumulated_operating_revenue_yoy": 9.381019280735169, 
        "accumulated_operating_revenue": 40565082, 
        "long_term_average": 4641750, 
        "date": "2014-09-30", 
        "operating_revenue": 4741842, 
        "short_term_average": 4851826
    }, 
    {
        "accumulated_operating_revenue_yoy": 8.133210733674694, 
        "accumulated_operating_revenue": 45429011, 
        "long_term_average": 4636574, 
        "date": "2014-10-31", 
        "operating_revenue": 4863929, 
        "short_term_average": 5066905
    }, 
    {
        "accumulated_operating_revenue_yoy": 8.79566259432553, 
        "accumulated_operating_revenue": 50785490, 
        "long_term_average": 4693978, 
        "date": "2014-11-30", 
        "operating_revenue": 5356479, 
        "short_term_average": 4987416
    }, 
    {
        "accumulated_operating_revenue_yoy": 10.525290913067641, 
        "accumulated_operating_revenue": 57718471, 
        "long_term_average": 4809872, 
        "date": "2014-12-31", 
        "operating_revenue": 6932981, 
        "short_term_average": 5717796
    }, 
    {
        "accumulated_operating_revenue_yoy": 31.43900297831548, 
        "accumulated_operating_revenue": 4362889, 
        "long_term_average": 4896836, 
        "date": "2015-01-31", 
        "operating_revenue": 4362889, 
        "short_term_average": 5550783
    }, 
    {
        "accumulated_operating_revenue_yoy": 19.73036254009095, 
        "accumulated_operating_revenue": 8551006, 
        "long_term_average": 4927299, 
        "date": "2015-02-28", 
        "operating_revenue": 4188117, 
        "short_term_average": 5161329
    }, 
    {
        "accumulated_operating_revenue_yoy": 10.313621976811909, 
        "accumulated_operating_revenue": 13375926, 
        "long_term_average": 4914086, 
        "date": "2015-03-31", 
        "operating_revenue": 4824920, 
        "short_term_average": 4458642
    }, 
    {
        "accumulated_operating_revenue_yoy": 4.5056055376903785, 
        "accumulated_operating_revenue": 18211035, 
        "long_term_average": 4875301, 
        "date": "2015-04-30", 
        "operating_revenue": 4835109, 
        "short_term_average": 4616048
    }, 
    {
        "accumulated_operating_revenue_yoy": 8.875155002810782, 
        "accumulated_operating_revenue": 23513973, 
        "long_term_average": 4969604, 
        "date": "2015-05-31", 
        "operating_revenue": 5302938, 
        "short_term_average": 4987655
    }, 
    {
        "accumulated_operating_revenue_yoy": 14.804496831247413, 
        "accumulated_operating_revenue": 29860195, 
        "long_term_average": 5130755, 
        "date": "2015-06-30", 
        "operating_revenue": 6346222, 
        "short_term_average": 5494756
    }, 
    {
        "accumulated_operating_revenue_yoy": 17.114925506546946, 
        "accumulated_operating_revenue": 35401844, 
        "long_term_average": 5241001, 
        "date": "2015-07-31", 
        "operating_revenue": 5541649, 
        "short_term_average": 5730269
    }, 
    {
        "accumulated_operating_revenue_yoy": 13.948969998246948, 
        "accumulated_operating_revenue": 40820213, 
        "long_term_average": 5226287, 
        "date": "2015-08-31", 
        "operating_revenue": 5418369, 
        "short_term_average": 5768746
    }, 
    {
        "accumulated_operating_revenue_yoy": 14.126050577193459, 
        "accumulated_operating_revenue": 46295326, 
        "long_term_average": 5287392, 
        "date": "2015-09-30", 
        "operating_revenue": 5475113, 
        "short_term_average": 5478377
    }
]