[
    {
        "date": "2011-09-30", 
        "operating_revenue": 1530592, 
        "accumulated_operating_revenue": 1530592, 
        "long_term_average": 1530592, 
        "short_term_average": 1530592
    }, 
    {
        "date": "2011-10-31", 
        "operating_revenue": 1361028, 
        "accumulated_operating_revenue": 2891620, 
        "long_term_average": 1445810, 
        "short_term_average": 1445810
    }, 
    {
        "date": "2011-11-30", 
        "operating_revenue": 1533204, 
        "accumulated_operating_revenue": 4424824, 
        "long_term_average": 1474941, 
        "short_term_average": 1474941
    }, 
    {
        "date": "2011-12-31", 
        "operating_revenue": 1616535, 
        "accumulated_operating_revenue": 6041359, 
        "long_term_average": 1510339, 
        "short_term_average": 1503589
    }, 
    {
        "date": "2012-01-31", 
        "operating_revenue": 1300691, 
        "accumulated_operating_revenue": 1300691, 
        "long_term_average": 1468410, 
        "short_term_average": 1483476
    }, 
    {
        "date": "2012-02-29", 
        "operating_revenue": 1476604, 
        "accumulated_operating_revenue": 2777295, 
        "long_term_average": 1469775, 
        "short_term_average": 1464610
    }, 
    {
        "date": "2012-03-31", 
        "operating_revenue": 1640620, 
        "accumulated_operating_revenue": 4417915, 
        "long_term_average": 1494182, 
        "short_term_average": 1472638
    }, 
    {
        "date": "2012-04-30", 
        "operating_revenue": 1478904, 
        "accumulated_operating_revenue": 5896819, 
        "long_term_average": 1492272, 
        "short_term_average": 1532042
    }, 
    {
        "date": "2012-05-31", 
        "operating_revenue": 1657976, 
        "accumulated_operating_revenue": 7554795, 
        "long_term_average": 1510683, 
        "short_term_average": 1592500
    }, 
    {
        "date": "2012-06-30", 
        "operating_revenue": 1665677, 
        "accumulated_operating_revenue": 9220472, 
        "long_term_average": 1526183, 
        "short_term_average": 1600852
    }, 
    {
        "date": "2012-07-31", 
        "operating_revenue": 1632254, 
        "accumulated_operating_revenue": 10852726, 
        "long_term_average": 1535825, 
        "short_term_average": 1651969
    }, 
    {
        "date": "2012-08-31", 
        "operating_revenue": 1544590, 
        "accumulated_operating_revenue": 12397316, 
        "long_term_average": 1536556, 
        "short_term_average": 1614173
    }, 
    {
        "accumulated_operating_revenue_yoy": 799.0359939160795, 
        "accumulated_operating_revenue": 13760573, 
        "long_term_average": 1522611, 
        "date": "2012-09-30", 
        "operating_revenue": 1363257, 
        "short_term_average": 1513367
    }, 
    {
        "accumulated_operating_revenue_yoy": 424.18243060983116, 
        "accumulated_operating_revenue": 15157364, 
        "long_term_average": 1525591, 
        "date": "2012-10-31", 
        "operating_revenue": 1396791, 
        "short_term_average": 1434879
    }, 
    {
        "accumulated_operating_revenue_yoy": 276.46008067213523, 
        "accumulated_operating_revenue": 16657696, 
        "long_term_average": 1522852, 
        "date": "2012-11-30", 
        "operating_revenue": 1500332, 
        "short_term_average": 1420126
    }, 
    {
        "accumulated_operating_revenue_yoy": 200.66162265808072, 
        "accumulated_operating_revenue": 18164048, 
        "long_term_average": 1513670, 
        "date": "2012-12-31", 
        "operating_revenue": 1506352, 
        "short_term_average": 1467825
    }, 
    {
        "accumulated_operating_revenue_yoy": 32.478121244784504, 
        "accumulated_operating_revenue": 1723131, 
        "long_term_average": 1548874, 
        "date": "2013-01-31", 
        "operating_revenue": 1723131, 
        "short_term_average": 1576605
    }, 
    {
        "accumulated_operating_revenue_yoy": 6.452681476040535, 
        "accumulated_operating_revenue": 2956505, 
        "long_term_average": 1528604, 
        "date": "2013-02-28", 
        "operating_revenue": 1233374, 
        "short_term_average": 1487619
    }, 
    {
        "accumulated_operating_revenue_yoy": 3.4788808748018014, 
        "accumulated_operating_revenue": 4571609, 
        "long_term_average": 1526478, 
        "date": "2013-03-31", 
        "operating_revenue": 1615104, 
        "short_term_average": 1523869
    }, 
    {
        "accumulated_operating_revenue_yoy": 3.3639323167287314, 
        "accumulated_operating_revenue": 6095184, 
        "long_term_average": 1530201, 
        "date": "2013-04-30", 
        "operating_revenue": 1523575, 
        "short_term_average": 1457351
    }, 
    {
        "accumulated_operating_revenue_yoy": 1.9153663335669597, 
        "accumulated_operating_revenue": 7699497, 
        "long_term_average": 1525729, 
        "date": "2013-05-31", 
        "operating_revenue": 1604313, 
        "short_term_average": 1580997
    }, 
    {
        "accumulated_operating_revenue_yoy": 0.9103438522453081, 
        "accumulated_operating_revenue": 9304410, 
        "long_term_average": 1520665, 
        "date": "2013-06-30", 
        "operating_revenue": 1604913, 
        "short_term_average": 1577600
    }, 
    {
        "accumulated_operating_revenue_yoy": -0.40681023366848107, 
        "accumulated_operating_revenue": 10808576, 
        "long_term_average": 1509991, 
        "date": "2013-07-31", 
        "operating_revenue": 1504166, 
        "short_term_average": 1571130
    }, 
    {
        "accumulated_operating_revenue_yoy": 0.30002461823188176, 
        "accumulated_operating_revenue": 12434511, 
        "long_term_average": 1516770, 
        "date": "2013-08-31", 
        "operating_revenue": 1625935, 
        "short_term_average": 1578338
    }, 
    {
        "accumulated_operating_revenue_yoy": 1.503331292962873, 
        "accumulated_operating_revenue": 13967440, 
        "long_term_average": 1530909, 
        "date": "2013-09-30", 
        "operating_revenue": 1532929, 
        "short_term_average": 1554343
    }, 
    {
        "accumulated_operating_revenue_yoy": 2.713671057843567, 
        "accumulated_operating_revenue": 15568685, 
        "long_term_average": 1547947, 
        "date": "2013-10-31", 
        "operating_revenue": 1601245, 
        "short_term_average": 1586703
    }, 
    {
        "accumulated_operating_revenue_yoy": 3.2178459734167317, 
        "accumulated_operating_revenue": 17193715, 
        "long_term_average": 1558338, 
        "date": "2013-11-30", 
        "operating_revenue": 1625030, 
        "short_term_average": 1586401
    }, 
    {
        "accumulated_operating_revenue_yoy": 3.8739822753166036, 
        "accumulated_operating_revenue": 18867720, 
        "long_term_average": 1572310, 
        "date": "2013-12-31", 
        "operating_revenue": 1674005, 
        "short_term_average": 1633426
    }, 
    {
        "accumulated_operating_revenue_yoy": -1.443302917770036, 
        "accumulated_operating_revenue": 1698261, 
        "long_term_average": 1570237, 
        "date": "2014-01-31", 
        "operating_revenue": 1698261, 
        "short_term_average": 1665765
    }, 
    {
        "accumulated_operating_revenue_yoy": 7.485967383785923, 
        "accumulated_operating_revenue": 3177828, 
        "long_term_average": 1590753, 
        "date": "2014-02-28", 
        "operating_revenue": 1479567, 
        "short_term_average": 1617277
    }, 
    {
        "accumulated_operating_revenue_yoy": 6.083481767578986, 
        "accumulated_operating_revenue": 4849722, 
        "long_term_average": 1595486, 
        "date": "2014-03-31", 
        "operating_revenue": 1671894, 
        "short_term_average": 1616574
    }, 
    {
        "accumulated_operating_revenue_yoy": 9.05934915172372, 
        "accumulated_operating_revenue": 6647368, 
        "long_term_average": 1618325, 
        "date": "2014-04-30", 
        "operating_revenue": 1797646, 
        "short_term_average": 1649702
    }, 
    {
        "accumulated_operating_revenue_yoy": 8.783794577749688, 
        "accumulated_operating_revenue": 8375805, 
        "long_term_average": 1628669, 
        "date": "2014-05-31", 
        "operating_revenue": 1728437, 
        "short_term_average": 1732659
    }, 
    {
        "accumulated_operating_revenue_yoy": 8.016424469686955, 
        "accumulated_operating_revenue": 10050291, 
        "long_term_average": 1634466, 
        "date": "2014-06-30", 
        "operating_revenue": 1674486, 
        "short_term_average": 1733523
    }, 
    {
        "accumulated_operating_revenue_yoy": 8.954833643210725, 
        "accumulated_operating_revenue": 11776466, 
        "long_term_average": 1652967, 
        "date": "2014-07-31", 
        "operating_revenue": 1726175, 
        "short_term_average": 1709699
    }, 
    {
        "accumulated_operating_revenue_yoy": 7.477720675947771, 
        "accumulated_operating_revenue": 13364329, 
        "long_term_average": 1649794, 
        "date": "2014-08-31", 
        "operating_revenue": 1587863, 
        "short_term_average": 1662841
    }, 
    {
        "accumulated_operating_revenue_yoy": 6.992283482155642, 
        "accumulated_operating_revenue": 14944083, 
        "long_term_average": 1653696, 
        "date": "2014-09-30", 
        "operating_revenue": 1579754, 
        "short_term_average": 1631264
    }, 
    {
        "accumulated_operating_revenue_yoy": 6.473282746744506, 
        "accumulated_operating_revenue": 16576490, 
        "long_term_average": 1656293, 
        "date": "2014-10-31", 
        "operating_revenue": 1632407, 
        "short_term_average": 1600008
    }, 
    {
        "accumulated_operating_revenue_yoy": 5.61581368540772, 
        "accumulated_operating_revenue": 18159282, 
        "long_term_average": 1652773, 
        "date": "2014-11-30", 
        "operating_revenue": 1582792, 
        "short_term_average": 1598317
    }, 
    {
        "accumulated_operating_revenue_yoy": 5.647015113643832, 
        "accumulated_operating_revenue": 19933183, 
        "long_term_average": 1661098, 
        "date": "2014-12-31", 
        "operating_revenue": 1773901, 
        "short_term_average": 1663033
    }, 
    {
        "accumulated_operating_revenue_yoy": -4.4780513713734225, 
        "accumulated_operating_revenue": 1622212, 
        "long_term_average": 1654761, 
        "date": "2015-01-31", 
        "operating_revenue": 1622212, 
        "short_term_average": 1659635
    }, 
    {
        "accumulated_operating_revenue_yoy": -7.9557483916687755, 
        "accumulated_operating_revenue": 2925008, 
        "long_term_average": 1640030, 
        "date": "2015-02-28", 
        "operating_revenue": 1302796, 
        "short_term_average": 1566303
    }, 
    {
        "accumulated_operating_revenue_yoy": -4.888424532375258, 
        "accumulated_operating_revenue": 4612647, 
        "long_term_average": 1641342, 
        "date": "2015-03-31", 
        "operating_revenue": 1687639, 
        "short_term_average": 1537549
    }, 
    {
        "accumulated_operating_revenue_yoy": -5.527631387340072, 
        "accumulated_operating_revenue": 6279926, 
        "long_term_average": 1630478, 
        "date": "2015-04-30", 
        "operating_revenue": 1667279, 
        "short_term_average": 1552571
    }, 
    {
        "accumulated_operating_revenue_yoy": -4.897188986610839, 
        "accumulated_operating_revenue": 7965626, 
        "long_term_average": 1626917, 
        "date": "2015-05-31", 
        "operating_revenue": 1685700, 
        "short_term_average": 1680206
    }, 
    {
        "accumulated_operating_revenue_yoy": -4.528545491866852, 
        "accumulated_operating_revenue": 9595159, 
        "long_term_average": 1623170, 
        "date": "2015-06-30", 
        "operating_revenue": 1629533, 
        "short_term_average": 1660837
    }, 
    {
        "accumulated_operating_revenue_yoy": -4.302029148642726, 
        "accumulated_operating_revenue": 11269839, 
        "long_term_average": 1618879, 
        "date": "2015-07-31", 
        "operating_revenue": 1674680, 
        "short_term_average": 1663304
    }, 
    {
        "accumulated_operating_revenue_yoy": -3.8555620712420358, 
        "accumulated_operating_revenue": 12849059, 
        "long_term_average": 1618159, 
        "date": "2015-08-31", 
        "operating_revenue": 1579220, 
        "short_term_average": 1627811
    }, 
    {
        "accumulated_operating_revenue_yoy": -1.8220589379756524, 
        "accumulated_operating_revenue": 14671793, 
        "long_term_average": 1638407, 
        "date": "2015-09-30", 
        "operating_revenue": 1822734, 
        "short_term_average": 1692211
    }, 
    {
        "accumulated_operating_revenue_yoy": -1.007770643845591, 
        "accumulated_operating_revenue": 16409437, 
        "long_term_average": 1647177, 
        "date": "2015-10-31", 
        "operating_revenue": 1737644, 
        "short_term_average": 1713199
    }
]