[
    {
        "date": "2012-01-31", 
        "operating_revenue": 156758, 
        "accumulated_operating_revenue": 156758, 
        "long_term_average": 156758, 
        "short_term_average": 156758
    }, 
    {
        "date": "2012-02-29", 
        "operating_revenue": 164607, 
        "accumulated_operating_revenue": 321365, 
        "long_term_average": 160682, 
        "short_term_average": 160682
    }, 
    {
        "date": "2012-03-31", 
        "operating_revenue": 249571, 
        "accumulated_operating_revenue": 570936, 
        "long_term_average": 190312, 
        "short_term_average": 190312
    }, 
    {
        "date": "2012-04-30", 
        "operating_revenue": 243371, 
        "accumulated_operating_revenue": 814307, 
        "long_term_average": 203576, 
        "short_term_average": 219183
    }, 
    {
        "date": "2012-05-31", 
        "operating_revenue": 271484, 
        "accumulated_operating_revenue": 1085791, 
        "long_term_average": 217158, 
        "short_term_average": 254808
    }, 
    {
        "date": "2012-06-30", 
        "operating_revenue": 419339, 
        "accumulated_operating_revenue": 1505130, 
        "long_term_average": 250855, 
        "short_term_average": 311398
    }, 
    {
        "date": "2012-07-31", 
        "operating_revenue": 338458, 
        "accumulated_operating_revenue": 1843588, 
        "long_term_average": 263369, 
        "short_term_average": 343093
    }, 
    {
        "date": "2012-08-31", 
        "operating_revenue": 359174, 
        "accumulated_operating_revenue": 2202762, 
        "long_term_average": 275345, 
        "short_term_average": 372323
    }, 
    {
        "date": "2012-09-30", 
        "operating_revenue": 424877, 
        "accumulated_operating_revenue": 2627639, 
        "long_term_average": 291959, 
        "short_term_average": 374169
    }, 
    {
        "date": "2012-10-31", 
        "operating_revenue": 270837, 
        "accumulated_operating_revenue": 2898476, 
        "long_term_average": 289847, 
        "short_term_average": 351629
    }, 
    {
        "date": "2012-11-30", 
        "operating_revenue": 251306, 
        "accumulated_operating_revenue": 3149782, 
        "long_term_average": 286343, 
        "short_term_average": 315673
    }, 
    {
        "date": "2012-12-31", 
        "operating_revenue": 236254, 
        "accumulated_operating_revenue": 3386036, 
        "long_term_average": 282169, 
        "short_term_average": 252799
    }, 
    {
        "accumulated_operating_revenue_yoy": 96.84099057145409, 
        "accumulated_operating_revenue": 308564, 
        "long_term_average": 294820, 
        "date": "2013-01-31", 
        "operating_revenue": 308564, 
        "short_term_average": 265374
    }, 
    {
        "accumulated_operating_revenue_yoy": 42.08392326482348, 
        "accumulated_operating_revenue": 456608, 
        "long_term_average": 293439, 
        "date": "2013-02-28", 
        "operating_revenue": 148044, 
        "short_term_average": 230954
    }, 
    {
        "accumulated_operating_revenue_yoy": 22.55786988383987, 
        "accumulated_operating_revenue": 699727, 
        "long_term_average": 292902, 
        "date": "2013-03-31", 
        "operating_revenue": 243119, 
        "short_term_average": 233242
    }, 
    {
        "accumulated_operating_revenue_yoy": 17.392580439563947, 
        "accumulated_operating_revenue": 955936, 
        "long_term_average": 293972, 
        "date": "2013-04-30", 
        "operating_revenue": 256209, 
        "short_term_average": 215790
    }, 
    {
        "accumulated_operating_revenue_yoy": 17.325802111087675, 
        "accumulated_operating_revenue": 1273913, 
        "long_term_average": 297846, 
        "date": "2013-05-31", 
        "operating_revenue": 317977, 
        "short_term_average": 272435
    }, 
    {
        "accumulated_operating_revenue_yoy": 2.3001999827257444, 
        "accumulated_operating_revenue": 1539751, 
        "long_term_average": 285054, 
        "date": "2013-06-30", 
        "operating_revenue": 265838, 
        "short_term_average": 280008
    }, 
    {
        "accumulated_operating_revenue_yoy": 0.5405763109762051, 
        "accumulated_operating_revenue": 1853554, 
        "long_term_average": 283000, 
        "date": "2013-07-31", 
        "operating_revenue": 313803, 
        "short_term_average": 299206
    }, 
    {
        "accumulated_operating_revenue_yoy": -2.691847780195954, 
        "accumulated_operating_revenue": 2143467, 
        "long_term_average": 277228, 
        "date": "2013-08-31", 
        "operating_revenue": 289913, 
        "short_term_average": 289851
    }, 
    {
        "accumulated_operating_revenue_yoy": -5.262252539256725, 
        "accumulated_operating_revenue": 2489366, 
        "long_term_average": 270646, 
        "date": "2013-09-30", 
        "operating_revenue": 345899, 
        "short_term_average": 316538
    }, 
    {
        "accumulated_operating_revenue_yoy": -2.8482209271355017, 
        "accumulated_operating_revenue": 2815921, 
        "long_term_average": 275290, 
        "date": "2013-10-31", 
        "operating_revenue": 326555, 
        "short_term_average": 320789
    }, 
    {
        "accumulated_operating_revenue_yoy": -1.3668564999101525, 
        "accumulated_operating_revenue": 3106729, 
        "long_term_average": 278581, 
        "date": "2013-11-30", 
        "operating_revenue": 290808, 
        "short_term_average": 321087
    }, 
    {
        "accumulated_operating_revenue_yoy": -2.0855655403545623, 
        "accumulated_operating_revenue": 3315418, 
        "long_term_average": 276284, 
        "date": "2013-12-31", 
        "operating_revenue": 208689, 
        "short_term_average": 275350
    }, 
    {
        "accumulated_operating_revenue_yoy": -12.397428086231706, 
        "accumulated_operating_revenue": 270310, 
        "long_term_average": 273097, 
        "date": "2014-01-31", 
        "operating_revenue": 270310, 
        "short_term_average": 256602
    }, 
    {
        "accumulated_operating_revenue_yoy": -7.464827598289999, 
        "accumulated_operating_revenue": 422523, 
        "long_term_average": 273444, 
        "date": "2014-02-28", 
        "operating_revenue": 152213, 
        "short_term_average": 210404
    }, 
    {
        "accumulated_operating_revenue_yoy": -7.951386755120211, 
        "accumulated_operating_revenue": 644089, 
        "long_term_average": 271648, 
        "date": "2014-03-31", 
        "operating_revenue": 221566, 
        "short_term_average": 214696
    }, 
    {
        "accumulated_operating_revenue_yoy": -9.073096943728451, 
        "accumulated_operating_revenue": 869203, 
        "long_term_average": 269057, 
        "date": "2014-04-30", 
        "operating_revenue": 225114, 
        "short_term_average": 199631
    }, 
    {
        "accumulated_operating_revenue_yoy": -8.879099279150147, 
        "accumulated_operating_revenue": 1160801, 
        "long_term_average": 266858, 
        "date": "2014-05-31", 
        "operating_revenue": 291598, 
        "short_term_average": 246092
    }, 
    {
        "accumulated_operating_revenue_yoy": -3.5535615823597455, 
        "accumulated_operating_revenue": 1485035, 
        "long_term_average": 271725, 
        "date": "2014-06-30", 
        "operating_revenue": 324234, 
        "short_term_average": 280315
    }, 
    {
        "accumulated_operating_revenue_yoy": -4.4642886044863, 
        "accumulated_operating_revenue": 1770806, 
        "long_term_average": 269389, 
        "date": "2014-07-31", 
        "operating_revenue": 285771, 
        "short_term_average": 300534
    }, 
    {
        "accumulated_operating_revenue_yoy": -9.158620123379553, 
        "accumulated_operating_revenue": 1947155, 
        "long_term_average": 259925, 
        "date": "2014-08-31", 
        "operating_revenue": 176349, 
        "short_term_average": 262118
    }, 
    {
        "accumulated_operating_revenue_yoy": -12.079621879627183, 
        "accumulated_operating_revenue": 2188660, 
        "long_term_average": 251226, 
        "date": "2014-09-30", 
        "operating_revenue": 241505, 
        "short_term_average": 234541
    }, 
    {
        "accumulated_operating_revenue_yoy": -13.78976896013773, 
        "accumulated_operating_revenue": 2427612, 
        "long_term_average": 243925, 
        "date": "2014-10-31", 
        "operating_revenue": 238952, 
        "short_term_average": 218935
    }, 
    {
        "accumulated_operating_revenue_yoy": -14.5952221774091, 
        "accumulated_operating_revenue": 2653295, 
        "long_term_average": 238498, 
        "date": "2014-11-30", 
        "operating_revenue": 225683, 
        "short_term_average": 235380
    }, 
    {
        "accumulated_operating_revenue_yoy": -12.886700862455353, 
        "accumulated_operating_revenue": 2888170, 
        "long_term_average": 240680, 
        "date": "2014-12-31", 
        "operating_revenue": 234875, 
        "short_term_average": 233170
    }, 
    {
        "accumulated_operating_revenue_yoy": -2.769042950686249, 
        "accumulated_operating_revenue": 262825, 
        "long_term_average": 240057, 
        "date": "2015-01-31", 
        "operating_revenue": 262825, 
        "short_term_average": 241127
    }, 
    {
        "accumulated_operating_revenue_yoy": 33.5094184221924, 
        "accumulated_operating_revenue": 564108, 
        "long_term_average": 252479, 
        "date": "2015-02-28", 
        "operating_revenue": 301283, 
        "short_term_average": 266327
    }, 
    {
        "accumulated_operating_revenue_yoy": 22.98781690108044, 
        "accumulated_operating_revenue": 792151, 
        "long_term_average": 253019, 
        "date": "2015-03-31", 
        "operating_revenue": 228043, 
        "short_term_average": 264050
    }, 
    {
        "accumulated_operating_revenue_yoy": 28.550407672315902, 
        "accumulated_operating_revenue": 1117364, 
        "long_term_average": 261360, 
        "date": "2015-04-30", 
        "operating_revenue": 325213, 
        "short_term_average": 284846
    }, 
    {
        "accumulated_operating_revenue_yoy": 23.195190217789268, 
        "accumulated_operating_revenue": 1430051, 
        "long_term_average": 263118, 
        "date": "2015-05-31", 
        "operating_revenue": 312687, 
        "short_term_average": 288647
    }, 
    {
        "accumulated_operating_revenue_yoy": 15.461857801331282, 
        "accumulated_operating_revenue": 1714649, 
        "long_term_average": 259815, 
        "date": "2015-06-30", 
        "operating_revenue": 284598, 
        "short_term_average": 307499
    }, 
    {
        "accumulated_operating_revenue_yoy": 14.595782937261337, 
        "accumulated_operating_revenue": 2029269, 
        "long_term_average": 262219, 
        "date": "2015-07-31", 
        "operating_revenue": 314620, 
        "short_term_average": 303968
    }, 
    {
        "accumulated_operating_revenue_yoy": 14.304870439179213, 
        "accumulated_operating_revenue": 2225693, 
        "long_term_average": 263892, 
        "date": "2015-08-31", 
        "operating_revenue": 196424, 
        "short_term_average": 265214
    }, 
    {
        "accumulated_operating_revenue_yoy": 14.633611433479846, 
        "accumulated_operating_revenue": 2508940, 
        "long_term_average": 267370, 
        "date": "2015-09-30", 
        "operating_revenue": 283247, 
        "short_term_average": 264763
    }
]