[
    {
        "date": "2012-01-31", 
        "operating_revenue": 2536170, 
        "accumulated_operating_revenue": 2536170, 
        "long_term_average": 2536170, 
        "short_term_average": 2536170
    }, 
    {
        "date": "2012-02-29", 
        "operating_revenue": 2406414, 
        "accumulated_operating_revenue": 4942584, 
        "long_term_average": 2471292, 
        "short_term_average": 2471292
    }, 
    {
        "date": "2012-03-31", 
        "operating_revenue": 2740528, 
        "accumulated_operating_revenue": 7683112, 
        "long_term_average": 2561037, 
        "short_term_average": 2561037
    }, 
    {
        "date": "2012-04-30", 
        "operating_revenue": 2516007, 
        "accumulated_operating_revenue": 10199119, 
        "long_term_average": 2549779, 
        "short_term_average": 2554316
    }, 
    {
        "date": "2012-05-31", 
        "operating_revenue": 2662307, 
        "accumulated_operating_revenue": 12861426, 
        "long_term_average": 2572285, 
        "short_term_average": 2639614
    }, 
    {
        "date": "2012-06-30", 
        "operating_revenue": 2445911, 
        "accumulated_operating_revenue": 15307337, 
        "long_term_average": 2551222, 
        "short_term_average": 2541408
    }, 
    {
        "date": "2012-07-31", 
        "operating_revenue": 2697887, 
        "accumulated_operating_revenue": 18005224, 
        "long_term_average": 2572174, 
        "short_term_average": 2602035
    }, 
    {
        "date": "2012-08-31", 
        "operating_revenue": 2753142, 
        "accumulated_operating_revenue": 20758366, 
        "long_term_average": 2594795, 
        "short_term_average": 2632313
    }, 
    {
        "date": "2012-09-30", 
        "operating_revenue": 2689609, 
        "accumulated_operating_revenue": 23447975, 
        "long_term_average": 2605330, 
        "short_term_average": 2713546
    }, 
    {
        "date": "2012-10-31", 
        "operating_revenue": 2665283, 
        "accumulated_operating_revenue": 26113258, 
        "long_term_average": 2611325, 
        "short_term_average": 2702678
    }, 
    {
        "date": "2012-11-30", 
        "operating_revenue": 2536503, 
        "accumulated_operating_revenue": 28649761, 
        "long_term_average": 2604523, 
        "short_term_average": 2630465
    }, 
    {
        "date": "2012-12-31", 
        "operating_revenue": 2582970, 
        "accumulated_operating_revenue": 31232731, 
        "long_term_average": 2602727, 
        "short_term_average": 2594918
    }, 
    {
        "accumulated_operating_revenue_yoy": 2.9316646754752247, 
        "accumulated_operating_revenue": 2610522, 
        "long_term_average": 2608923, 
        "date": "2013-01-31", 
        "operating_revenue": 2610522, 
        "short_term_average": 2576665
    }, 
    {
        "accumulated_operating_revenue_yoy": 1.025576904712191, 
        "accumulated_operating_revenue": 4993274, 
        "long_term_average": 2606951, 
        "date": "2013-02-28", 
        "operating_revenue": 2382752, 
        "short_term_average": 2525414
    }, 
    {
        "accumulated_operating_revenue_yoy": -0.8076024402611858, 
        "accumulated_operating_revenue": 7621063, 
        "long_term_average": 2597556, 
        "date": "2013-03-31", 
        "operating_revenue": 2627789, 
        "short_term_average": 2540354
    }, 
    {
        "accumulated_operating_revenue_yoy": -1.5796658515309019, 
        "accumulated_operating_revenue": 10038007, 
        "long_term_average": 2589301, 
        "date": "2013-04-30", 
        "operating_revenue": 2416944, 
        "short_term_average": 2475828
    }, 
    {
        "accumulated_operating_revenue_yoy": -2.487577971525086, 
        "accumulated_operating_revenue": 12541488, 
        "long_term_average": 2576066, 
        "date": "2013-05-31", 
        "operating_revenue": 2503481, 
        "short_term_average": 2516071
    }, 
    {
        "accumulated_operating_revenue_yoy": -1.8029915980813647, 
        "accumulated_operating_revenue": 15031347, 
        "long_term_average": 2579728, 
        "date": "2013-06-30", 
        "operating_revenue": 2489859, 
        "short_term_average": 2470094
    }, 
    {
        "accumulated_operating_revenue_yoy": -1.8592659552583184, 
        "accumulated_operating_revenue": 17670459, 
        "long_term_average": 2574830, 
        "date": "2013-07-31", 
        "operating_revenue": 2639112, 
        "short_term_average": 2544150
    }, 
    {
        "accumulated_operating_revenue_yoy": -2.0327611527805223, 
        "accumulated_operating_revenue": 20336398, 
        "long_term_average": 2567563, 
        "date": "2013-08-31", 
        "operating_revenue": 2665939, 
        "short_term_average": 2598303
    }, 
    {
        "accumulated_operating_revenue_yoy": -2.761372783790498, 
        "accumulated_operating_revenue": 22800489, 
        "long_term_average": 2548770, 
        "date": "2013-09-30", 
        "operating_revenue": 2464091, 
        "short_term_average": 2589714
    }, 
    {
        "accumulated_operating_revenue_yoy": -2.8535007006785595, 
        "accumulated_operating_revenue": 25368116, 
        "long_term_average": 2540632, 
        "date": "2013-10-31", 
        "operating_revenue": 2567627, 
        "short_term_average": 2565885
    }, 
    {
        "accumulated_operating_revenue_yoy": -2.847084832575043, 
        "accumulated_operating_revenue": 27834078, 
        "long_term_average": 2534754, 
        "date": "2013-11-30", 
        "operating_revenue": 2465962, 
        "short_term_average": 2499226
    }, 
    {
        "accumulated_operating_revenue_yoy": -2.3902040458773843, 
        "accumulated_operating_revenue": 30486205, 
        "long_term_average": 2540517, 
        "date": "2013-12-31", 
        "operating_revenue": 2652127, 
        "short_term_average": 2561905
    }, 
    {
        "accumulated_operating_revenue_yoy": -2.051467101215772, 
        "accumulated_operating_revenue": 2556968, 
        "long_term_average": 2536054, 
        "date": "2014-01-31", 
        "operating_revenue": 2556968, 
        "short_term_average": 2558352
    }, 
    {
        "accumulated_operating_revenue_yoy": -4.925966410014752, 
        "accumulated_operating_revenue": 4747307, 
        "long_term_average": 2520019, 
        "date": "2014-02-28", 
        "operating_revenue": 2190339, 
        "short_term_average": 2466478
    }, 
    {
        "accumulated_operating_revenue_yoy": -5.1163072657974356, 
        "accumulated_operating_revenue": 7231146, 
        "long_term_average": 2508024, 
        "date": "2014-03-31", 
        "operating_revenue": 2483839, 
        "short_term_average": 2410382
    }, 
    {
        "accumulated_operating_revenue_yoy": -3.92683527716209, 
        "accumulated_operating_revenue": 9643831, 
        "long_term_average": 2507669, 
        "date": "2014-04-30", 
        "operating_revenue": 2412685, 
        "short_term_average": 2362287
    }, 
    {
        "accumulated_operating_revenue_yoy": -2.8081994736190796, 
        "accumulated_operating_revenue": 12189298, 
        "long_term_average": 2511167, 
        "date": "2014-05-31", 
        "operating_revenue": 2545467, 
        "short_term_average": 2480663
    }, 
    {
        "accumulated_operating_revenue_yoy": -2.2064023936111647, 
        "accumulated_operating_revenue": 14699695, 
        "long_term_average": 2512879, 
        "date": "2014-06-30", 
        "operating_revenue": 2510397, 
        "short_term_average": 2489516
    }, 
    {
        "accumulated_operating_revenue_yoy": -2.2666587212024316, 
        "accumulated_operating_revenue": 17269930, 
        "long_term_average": 2507139, 
        "date": "2014-07-31", 
        "operating_revenue": 2570235, 
        "short_term_average": 2542033
    }, 
    {
        "accumulated_operating_revenue_yoy": -2.9157670891374177, 
        "accumulated_operating_revenue": 19743436, 
        "long_term_average": 2491103, 
        "date": "2014-08-31", 
        "operating_revenue": 2473506, 
        "short_term_average": 2518046
    }, 
    {
        "accumulated_operating_revenue_yoy": -3.29287674488034, 
        "accumulated_operating_revenue": 22049697, 
        "long_term_average": 2477951, 
        "date": "2014-09-30", 
        "operating_revenue": 2306261, 
        "short_term_average": 2450000
    }, 
    {
        "accumulated_operating_revenue_yoy": -4.317660010700046, 
        "accumulated_operating_revenue": 24272807, 
        "long_term_average": 2449241, 
        "date": "2014-10-31", 
        "operating_revenue": 2223110, 
        "short_term_average": 2334292
    }, 
    {
        "accumulated_operating_revenue_yoy": -5.664053251557317, 
        "accumulated_operating_revenue": 26257541, 
        "long_term_average": 2409139, 
        "date": "2014-11-30", 
        "operating_revenue": 1984734, 
        "short_term_average": 2171368
    }, 
    {
        "accumulated_operating_revenue_yoy": -7.188297133080355, 
        "accumulated_operating_revenue": 28294766, 
        "long_term_average": 2357897, 
        "date": "2014-12-31", 
        "operating_revenue": 2037225, 
        "short_term_average": 2081689
    }, 
    {
        "accumulated_operating_revenue_yoy": -34.83817552663936, 
        "accumulated_operating_revenue": 1666167, 
        "long_term_average": 2283663, 
        "date": "2015-01-31", 
        "operating_revenue": 1666167, 
        "short_term_average": 1896042
    }, 
    {
        "accumulated_operating_revenue_yoy": -31.830635768868536, 
        "accumulated_operating_revenue": 3236209, 
        "long_term_average": 2231972, 
        "date": "2015-02-28", 
        "operating_revenue": 1570042, 
        "short_term_average": 1757811
    }, 
    {
        "accumulated_operating_revenue_yoy": -30.439006486662002, 
        "accumulated_operating_revenue": 5030057, 
        "long_term_average": 2174473, 
        "date": "2015-03-31", 
        "operating_revenue": 1793848, 
        "short_term_average": 1676685
    }, 
    {
        "accumulated_operating_revenue_yoy": -29.722959682723598, 
        "accumulated_operating_revenue": 6777399, 
        "long_term_average": 2119027, 
        "date": "2015-04-30", 
        "operating_revenue": 1747342, 
        "short_term_average": 1703744
    }, 
    {
        "accumulated_operating_revenue_yoy": -29.060451225328972, 
        "accumulated_operating_revenue": 8647033, 
        "long_term_average": 2062708, 
        "date": "2015-05-31", 
        "operating_revenue": 1869634, 
        "short_term_average": 1803608
    }, 
    {
        "accumulated_operating_revenue_yoy": -28.229334009991362, 
        "accumulated_operating_revenue": 10550069, 
        "long_term_average": 2012095, 
        "date": "2015-06-30", 
        "operating_revenue": 1903036, 
        "short_term_average": 1840004
    }, 
    {
        "accumulated_operating_revenue_yoy": -28.053310001835563, 
        "accumulated_operating_revenue": 12425143, 
        "long_term_average": 1954164, 
        "date": "2015-07-31", 
        "operating_revenue": 1875074, 
        "short_term_average": 1882581
    }, 
    {
        "accumulated_operating_revenue_yoy": -28.435273373894997, 
        "accumulated_operating_revenue": 14129336, 
        "long_term_average": 1890055, 
        "date": "2015-08-31", 
        "operating_revenue": 1704193, 
        "short_term_average": 1827434
    }, 
    {
        "accumulated_operating_revenue_yoy": -28.455955653268163, 
        "accumulated_operating_revenue": 15775245, 
        "long_term_average": 1835026, 
        "date": "2015-09-30", 
        "operating_revenue": 1645909, 
        "short_term_average": 1741725
    }, 
    {
        "accumulated_operating_revenue_yoy": -28.077284180605893, 
        "accumulated_operating_revenue": 17457662, 
        "long_term_average": 1789968, 
        "date": "2015-10-31", 
        "operating_revenue": 1682417, 
        "short_term_average": 1677506
    }
]