[
    {
        "date": "2011-09-30", 
        "operating_revenue": 710405, 
        "accumulated_operating_revenue": 710405, 
        "long_term_average": 710405, 
        "short_term_average": 710405
    }, 
    {
        "date": "2011-10-31", 
        "operating_revenue": 696498, 
        "accumulated_operating_revenue": 1406903, 
        "long_term_average": 703451, 
        "short_term_average": 703451
    }, 
    {
        "date": "2011-11-30", 
        "operating_revenue": 729690, 
        "accumulated_operating_revenue": 2136593, 
        "long_term_average": 712197, 
        "short_term_average": 712197
    }, 
    {
        "date": "2011-12-31", 
        "operating_revenue": 660538, 
        "accumulated_operating_revenue": 2797131, 
        "long_term_average": 699282, 
        "short_term_average": 695575
    }, 
    {
        "date": "2012-01-31", 
        "operating_revenue": 372264, 
        "accumulated_operating_revenue": 372264, 
        "long_term_average": 633879, 
        "short_term_average": 587497
    }, 
    {
        "date": "2012-02-29", 
        "operating_revenue": 498961, 
        "accumulated_operating_revenue": 871225, 
        "long_term_average": 611392, 
        "short_term_average": 510587
    }, 
    {
        "date": "2012-03-31", 
        "operating_revenue": 663094, 
        "accumulated_operating_revenue": 1534319, 
        "long_term_average": 618778, 
        "short_term_average": 511439
    }, 
    {
        "date": "2012-04-30", 
        "operating_revenue": 586275, 
        "accumulated_operating_revenue": 2120594, 
        "long_term_average": 614715, 
        "short_term_average": 582776
    }, 
    {
        "date": "2012-05-31", 
        "operating_revenue": 573235, 
        "accumulated_operating_revenue": 2693829, 
        "long_term_average": 610106, 
        "short_term_average": 607534
    }, 
    {
        "date": "2012-06-30", 
        "operating_revenue": 528429, 
        "accumulated_operating_revenue": 3222258, 
        "long_term_average": 601938, 
        "short_term_average": 562646
    }, 
    {
        "date": "2012-07-31", 
        "operating_revenue": 503567, 
        "accumulated_operating_revenue": 3725825, 
        "long_term_average": 592996, 
        "short_term_average": 535077
    }, 
    {
        "date": "2012-08-31", 
        "operating_revenue": 567172, 
        "accumulated_operating_revenue": 4292997, 
        "long_term_average": 590844, 
        "short_term_average": 533056
    }, 
    {
        "accumulated_operating_revenue_yoy": 588.9772735270726, 
        "accumulated_operating_revenue": 4894529, 
        "long_term_average": 581771, 
        "date": "2012-09-30", 
        "operating_revenue": 601532, 
        "short_term_average": 557423
    }, 
    {
        "accumulated_operating_revenue_yoy": 296.08878508326444, 
        "accumulated_operating_revenue": 5572585, 
        "long_term_average": 580234, 
        "date": "2012-10-31", 
        "operating_revenue": 678056, 
        "short_term_average": 615586
    }, 
    {
        "accumulated_operating_revenue_yoy": 197.96264426589434, 
        "accumulated_operating_revenue": 6366249, 
        "long_term_average": 585565, 
        "date": "2012-11-30", 
        "operating_revenue": 793664, 
        "short_term_average": 691084
    }, 
    {
        "accumulated_operating_revenue_yoy": 149.57436745007652, 
        "accumulated_operating_revenue": 6980922, 
        "long_term_average": 581743, 
        "date": "2012-12-31", 
        "operating_revenue": 614673, 
        "short_term_average": 695464
    }, 
    {
        "accumulated_operating_revenue_yoy": 46.45520383383835, 
        "accumulated_operating_revenue": 545200, 
        "long_term_average": 596154, 
        "date": "2013-01-31", 
        "operating_revenue": 545200, 
        "short_term_average": 651179
    }, 
    {
        "accumulated_operating_revenue_yoy": 2.5459554076157134, 
        "accumulated_operating_revenue": 893406, 
        "long_term_average": 583591, 
        "date": "2013-02-28", 
        "operating_revenue": 348206, 
        "short_term_average": 502693
    }, 
    {
        "accumulated_operating_revenue_yoy": 6.07794076720682, 
        "accumulated_operating_revenue": 1627574, 
        "long_term_average": 589514, 
        "date": "2013-03-31", 
        "operating_revenue": 734168, 
        "short_term_average": 542524
    }, 
    {
        "accumulated_operating_revenue_yoy": 13.338102437335955, 
        "accumulated_operating_revenue": 2403441, 
        "long_term_average": 605314, 
        "date": "2013-04-30", 
        "operating_revenue": 775867, 
        "short_term_average": 619413
    }, 
    {
        "accumulated_operating_revenue_yoy": 16.131387701298042, 
        "accumulated_operating_revenue": 3128381, 
        "long_term_average": 617956, 
        "date": "2013-05-31", 
        "operating_revenue": 724940, 
        "short_term_average": 744991
    }, 
    {
        "accumulated_operating_revenue_yoy": 16.921674180031516, 
        "accumulated_operating_revenue": 3767518, 
        "long_term_average": 627181, 
        "date": "2013-06-30", 
        "operating_revenue": 639137, 
        "short_term_average": 713314
    }, 
    {
        "accumulated_operating_revenue_yoy": 17.289486221172492, 
        "accumulated_operating_revenue": 4370001, 
        "long_term_average": 635424, 
        "date": "2013-07-31", 
        "operating_revenue": 602483, 
        "short_term_average": 655520
    }, 
    {
        "accumulated_operating_revenue_yoy": 17.708421412826517, 
        "accumulated_operating_revenue": 5053219, 
        "long_term_average": 645095, 
        "date": "2013-08-31", 
        "operating_revenue": 683218, 
        "short_term_average": 641612
    }, 
    {
        "accumulated_operating_revenue_yoy": 18.324643699117935, 
        "accumulated_operating_revenue": 5791434, 
        "long_term_average": 656485, 
        "date": "2013-09-30", 
        "operating_revenue": 738215, 
        "short_term_average": 674638
    }, 
    {
        "accumulated_operating_revenue_yoy": 19.029983391908782, 
        "accumulated_operating_revenue": 6633047, 
        "long_term_average": 670115, 
        "date": "2013-10-31", 
        "operating_revenue": 841613, 
        "short_term_average": 754348
    }, 
    {
        "accumulated_operating_revenue_yoy": 16.603340522810214, 
        "accumulated_operating_revenue": 7423259, 
        "long_term_average": 669827, 
        "date": "2013-11-30", 
        "operating_revenue": 790212, 
        "short_term_average": 790013
    }, 
    {
        "accumulated_operating_revenue_yoy": 16.128800751533966, 
        "accumulated_operating_revenue": 8106861, 
        "long_term_average": 675571, 
        "date": "2013-12-31", 
        "operating_revenue": 683602, 
        "short_term_average": 771809
    }, 
    {
        "accumulated_operating_revenue_yoy": 8.157923697725606, 
        "accumulated_operating_revenue": 589677, 
        "long_term_average": 679278, 
        "date": "2014-01-31", 
        "operating_revenue": 589677, 
        "short_term_average": 687830
    }, 
    {
        "accumulated_operating_revenue_yoy": 31.7774897415061, 
        "accumulated_operating_revenue": 1177308, 
        "long_term_average": 699230, 
        "date": "2014-02-28", 
        "operating_revenue": 587631, 
        "short_term_average": 620303
    }, 
    {
        "accumulated_operating_revenue_yoy": 29.89418607080231, 
        "accumulated_operating_revenue": 2114124, 
        "long_term_average": 716117, 
        "date": "2014-03-31", 
        "operating_revenue": 936816, 
        "short_term_average": 704708
    }, 
    {
        "accumulated_operating_revenue_yoy": 24.102276694123134, 
        "accumulated_operating_revenue": 2982725, 
        "long_term_average": 723845, 
        "date": "2014-04-30", 
        "operating_revenue": 868601, 
        "short_term_average": 797682
    }, 
    {
        "accumulated_operating_revenue_yoy": 18.84137513940917, 
        "accumulated_operating_revenue": 3717811, 
        "long_term_average": 724690, 
        "date": "2014-05-31", 
        "operating_revenue": 735086, 
        "short_term_average": 846834
    }, 
    {
        "accumulated_operating_revenue_yoy": 16.796867327508455, 
        "accumulated_operating_revenue": 4400343, 
        "long_term_average": 728307, 
        "date": "2014-06-30", 
        "operating_revenue": 682532, 
        "short_term_average": 762073
    }, 
    {
        "accumulated_operating_revenue_yoy": 15.895305287115495, 
        "accumulated_operating_revenue": 5064626, 
        "long_term_average": 733457, 
        "date": "2014-07-31", 
        "operating_revenue": 664283, 
        "short_term_average": 693967
    }, 
    {
        "accumulated_operating_revenue_yoy": 14.127826243034391, 
        "accumulated_operating_revenue": 5767129, 
        "long_term_average": 735064, 
        "date": "2014-08-31", 
        "operating_revenue": 702503, 
        "short_term_average": 683106
    }, 
    {
        "accumulated_operating_revenue_yoy": 14.163314301777419, 
        "accumulated_operating_revenue": 6611693, 
        "long_term_average": 743926, 
        "date": "2014-09-30", 
        "operating_revenue": 844564, 
        "short_term_average": 737116
    }, 
    {
        "accumulated_operating_revenue_yoy": 12.601569082806138, 
        "accumulated_operating_revenue": 7468915, 
        "long_term_average": 745227, 
        "date": "2014-10-31", 
        "operating_revenue": 857222, 
        "short_term_average": 801429
    }, 
    {
        "accumulated_operating_revenue_yoy": 11.424254495229116, 
        "accumulated_operating_revenue": 8271311, 
        "long_term_average": 746242, 
        "date": "2014-11-30", 
        "operating_revenue": 802396, 
        "short_term_average": 834727
    }, 
    {
        "accumulated_operating_revenue_yoy": 12.323413464224933, 
        "accumulated_operating_revenue": 9105903, 
        "long_term_average": 758825, 
        "date": "2014-12-31", 
        "operating_revenue": 834592, 
        "short_term_average": 831403
    }, 
    {
        "accumulated_operating_revenue_yoy": 24.456609296275758, 
        "accumulated_operating_revenue": 733892, 
        "long_term_average": 770843, 
        "date": "2015-01-31", 
        "operating_revenue": 733892, 
        "short_term_average": 790293
    }, 
    {
        "accumulated_operating_revenue_yoy": 0.8077750257366807, 
        "accumulated_operating_revenue": 1186818, 
        "long_term_average": 759617, 
        "date": "2015-02-28", 
        "operating_revenue": 452926, 
        "short_term_average": 673803
    }, 
    {
        "accumulated_operating_revenue_yoy": 1.4155744885352042, 
        "accumulated_operating_revenue": 2144051, 
        "long_term_average": 761319, 
        "date": "2015-03-31", 
        "operating_revenue": 957233, 
        "short_term_average": 714683
    }, 
    {
        "accumulated_operating_revenue_yoy": 3.7676621210470294, 
        "accumulated_operating_revenue": 3095104, 
        "long_term_average": 768190, 
        "date": "2015-04-30", 
        "operating_revenue": 951053, 
        "short_term_average": 787070
    }, 
    {
        "accumulated_operating_revenue_yoy": 3.3070535323070485, 
        "accumulated_operating_revenue": 3840761, 
        "long_term_average": 769071, 
        "date": "2015-05-31", 
        "operating_revenue": 745657, 
        "short_term_average": 884647
    }, 
    {
        "accumulated_operating_revenue_yoy": 3.25142835456236, 
        "accumulated_operating_revenue": 4543417, 
        "long_term_average": 770748, 
        "date": "2015-06-30", 
        "operating_revenue": 702656, 
        "short_term_average": 799788
    }, 
    {
        "accumulated_operating_revenue_yoy": 3.4581625573142025, 
        "accumulated_operating_revenue": 5239769, 
        "long_term_average": 773420, 
        "date": "2015-07-31", 
        "operating_revenue": 696352, 
        "short_term_average": 714888
    }, 
    {
        "accumulated_operating_revenue_yoy": 4.5873431997099425, 
        "accumulated_operating_revenue": 6031687, 
        "long_term_average": 780871, 
        "date": "2015-08-31", 
        "operating_revenue": 791918, 
        "short_term_average": 730308
    }, 
    {
        "accumulated_operating_revenue_yoy": 4.578449120369019, 
        "accumulated_operating_revenue": 6914406, 
        "long_term_average": 784051, 
        "date": "2015-09-30", 
        "operating_revenue": 882719, 
        "short_term_average": 790329
    }
]