[
    {
        "date": "2011-09-30", 
        "operating_revenue": 1151798, 
        "accumulated_operating_revenue": 1151798, 
        "long_term_average": 1151798, 
        "short_term_average": 1151798
    }, 
    {
        "date": "2011-10-31", 
        "operating_revenue": 964957, 
        "accumulated_operating_revenue": 2116755, 
        "long_term_average": 1058377, 
        "short_term_average": 1058377
    }, 
    {
        "date": "2011-12-31", 
        "operating_revenue": 1017795, 
        "accumulated_operating_revenue": 3134550, 
        "long_term_average": 1044850, 
        "short_term_average": 1044850
    }, 
    {
        "date": "2012-01-31", 
        "operating_revenue": 1050433, 
        "accumulated_operating_revenue": 1050433, 
        "long_term_average": 1046245, 
        "short_term_average": 1011061
    }, 
    {
        "date": "2012-02-29", 
        "operating_revenue": 1007219, 
        "accumulated_operating_revenue": 2057652, 
        "long_term_average": 1038440, 
        "short_term_average": 1025149
    }, 
    {
        "date": "2012-03-31", 
        "operating_revenue": 1398348, 
        "accumulated_operating_revenue": 3456000, 
        "long_term_average": 1098425, 
        "short_term_average": 1152000
    }, 
    {
        "date": "2012-04-30", 
        "operating_revenue": 1421253, 
        "accumulated_operating_revenue": 4877253, 
        "long_term_average": 1144543, 
        "short_term_average": 1275606
    }, 
    {
        "date": "2012-05-31", 
        "operating_revenue": 1598841, 
        "accumulated_operating_revenue": 6476094, 
        "long_term_average": 1201330, 
        "short_term_average": 1472814
    }, 
    {
        "date": "2012-06-30", 
        "operating_revenue": 1612510, 
        "accumulated_operating_revenue": 8088604, 
        "long_term_average": 1247017, 
        "short_term_average": 1544201
    }, 
    {
        "date": "2012-07-31", 
        "operating_revenue": 1801804, 
        "accumulated_operating_revenue": 9890408, 
        "long_term_average": 1302495, 
        "short_term_average": 1671051
    }, 
    {
        "date": "2012-08-31", 
        "operating_revenue": 1560900, 
        "accumulated_operating_revenue": 11451308, 
        "long_term_average": 1325987, 
        "short_term_average": 1658404
    }, 
    {
        "accumulated_operating_revenue_yoy": 997.4223778822328, 
        "accumulated_operating_revenue": 12640089, 
        "long_term_average": 1314553, 
        "date": "2012-09-30", 
        "operating_revenue": 1188781, 
        "short_term_average": 1517161
    }, 
    {
        "accumulated_operating_revenue_yoy": 547.6148160746047, 
        "accumulated_operating_revenue": 13708419, 
        "long_term_average": 1307597, 
        "date": "2012-10-31", 
        "operating_revenue": 1068330, 
        "short_term_average": 1272670
    }, 
    {
        "date": "2012-11-30", 
        "operating_revenue": 974799, 
        "accumulated_operating_revenue": 14683218, 
        "long_term_average": 1308417, 
        "short_term_average": 1077303
    }, 
    {
        "accumulated_operating_revenue_yoy": 397.1995023209073, 
        "accumulated_operating_revenue": 15584967, 
        "long_term_average": 1298747, 
        "date": "2012-12-31", 
        "operating_revenue": 901749, 
        "short_term_average": 981626
    }, 
    {
        "accumulated_operating_revenue_yoy": 23.3600810332501, 
        "accumulated_operating_revenue": 1295815, 
        "long_term_average": 1319195, 
        "date": "2013-01-31", 
        "operating_revenue": 1295815, 
        "short_term_average": 1057454
    }, 
    {
        "accumulated_operating_revenue_yoy": 15.59301572860717, 
        "accumulated_operating_revenue": 2378502, 
        "long_term_average": 1325484, 
        "date": "2013-02-28", 
        "operating_revenue": 1082687, 
        "short_term_average": 1093417
    }, 
    {
        "accumulated_operating_revenue_yoy": 15.276331018518519, 
        "accumulated_operating_revenue": 3983950, 
        "long_term_average": 1342743, 
        "date": "2013-03-31", 
        "operating_revenue": 1605448, 
        "short_term_average": 1327983
    }, 
    {
        "accumulated_operating_revenue_yoy": 14.715107048988438, 
        "accumulated_operating_revenue": 5594946, 
        "long_term_average": 1358555, 
        "date": "2013-04-30", 
        "operating_revenue": 1610996, 
        "short_term_average": 1433043
    }, 
    {
        "accumulated_operating_revenue_yoy": 10.145081278931405, 
        "accumulated_operating_revenue": 7133099, 
        "long_term_average": 1353497, 
        "date": "2013-05-31", 
        "operating_revenue": 1538153, 
        "short_term_average": 1584865
    }, 
    {
        "accumulated_operating_revenue_yoy": 8.173808484133973, 
        "accumulated_operating_revenue": 8749751, 
        "long_term_average": 1353842, 
        "date": "2013-06-30", 
        "operating_revenue": 1616652, 
        "short_term_average": 1588600
    }, 
    {
        "accumulated_operating_revenue_yoy": 7.7224822272246, 
        "accumulated_operating_revenue": 10654193, 
        "long_term_average": 1362396, 
        "date": "2013-07-31", 
        "operating_revenue": 1904442, 
        "short_term_average": 1686415
    }, 
    {
        "accumulated_operating_revenue_yoy": 6.867730743073193, 
        "accumulated_operating_revenue": 12237753, 
        "long_term_average": 1364284, 
        "date": "2013-08-31", 
        "operating_revenue": 1583560, 
        "short_term_average": 1701551
    }, 
    {
        "accumulated_operating_revenue_yoy": 7.216444441174426, 
        "accumulated_operating_revenue": 13552254, 
        "long_term_average": 1374761, 
        "date": "2013-09-30", 
        "operating_revenue": 1314501, 
        "short_term_average": 1600834
    }, 
    {
        "accumulated_operating_revenue_yoy": 6.754134083587611, 
        "accumulated_operating_revenue": 14634304, 
        "long_term_average": 1375904, 
        "date": "2013-10-31", 
        "operating_revenue": 1082050, 
        "short_term_average": 1326703
    }, 
    {
        "accumulated_operating_revenue_yoy": 6.5241148091651295, 
        "accumulated_operating_revenue": 15641168, 
        "long_term_average": 1378576, 
        "date": "2013-11-30", 
        "operating_revenue": 1006864, 
        "short_term_average": 1134471
    }, 
    {
        "accumulated_operating_revenue_yoy": 6.54895836481399, 
        "accumulated_operating_revenue": 16605620, 
        "long_term_average": 1383801, 
        "date": "2013-12-31", 
        "operating_revenue": 964452, 
        "short_term_average": 1017788
    }, 
    {
        "accumulated_operating_revenue_yoy": 10.726762693748721, 
        "accumulated_operating_revenue": 1434814, 
        "long_term_average": 1395384, 
        "date": "2014-01-31", 
        "operating_revenue": 1434814, 
        "short_term_average": 1135376
    }, 
    {
        "accumulated_operating_revenue_yoy": 11.293074380429363, 
        "accumulated_operating_revenue": 2647108, 
        "long_term_average": 1406185, 
        "date": "2014-02-28", 
        "operating_revenue": 1212294, 
        "short_term_average": 1203853
    }, 
    {
        "accumulated_operating_revenue_yoy": 8.716274049624117, 
        "accumulated_operating_revenue": 4331202, 
        "long_term_average": 1412739, 
        "date": "2014-03-31", 
        "operating_revenue": 1684094, 
        "short_term_average": 1443734
    }, 
    {
        "accumulated_operating_revenue_yoy": 4.766069234627108, 
        "accumulated_operating_revenue": 5861605, 
        "long_term_average": 1406023, 
        "date": "2014-04-30", 
        "operating_revenue": 1530403, 
        "short_term_average": 1475597
    }, 
    {
        "accumulated_operating_revenue_yoy": 4.776353167115723, 
        "accumulated_operating_revenue": 7473801, 
        "long_term_average": 1412193, 
        "date": "2014-05-31", 
        "operating_revenue": 1612196, 
        "short_term_average": 1608897
    }, 
    {
        "accumulated_operating_revenue_yoy": 4.925991608218337, 
        "accumulated_operating_revenue": 9180763, 
        "long_term_average": 1419719, 
        "date": "2014-06-30", 
        "operating_revenue": 1706962, 
        "short_term_average": 1616520
    }, 
    {
        "accumulated_operating_revenue_yoy": 3.433436957637242, 
        "accumulated_operating_revenue": 11019998, 
        "long_term_average": 1414285, 
        "date": "2014-07-31", 
        "operating_revenue": 1839235, 
        "short_term_average": 1719464
    }, 
    {
        "accumulated_operating_revenue_yoy": 3.3441596672199543, 
        "accumulated_operating_revenue": 12647003, 
        "long_term_average": 1417905, 
        "date": "2014-08-31", 
        "operating_revenue": 1627005, 
        "short_term_average": 1724400
    }, 
    {
        "accumulated_operating_revenue_yoy": 3.146701648301456, 
        "accumulated_operating_revenue": 13978703, 
        "long_term_average": 1419339, 
        "date": "2014-09-30", 
        "operating_revenue": 1331700, 
        "short_term_average": 1599313
    }, 
    {
        "accumulated_operating_revenue_yoy": 3.4146755458954523, 
        "accumulated_operating_revenue": 15134018, 
        "long_term_average": 1425444, 
        "date": "2014-10-31", 
        "operating_revenue": 1155315, 
        "short_term_average": 1371340
    }, 
    {
        "accumulated_operating_revenue_yoy": 2.9867718318734253, 
        "accumulated_operating_revenue": 16108334, 
        "long_term_average": 1422732, 
        "date": "2014-11-30", 
        "operating_revenue": 974316, 
        "short_term_average": 1153777
    }, 
    {
        "accumulated_operating_revenue_yoy": 3.738818544565033, 
        "accumulated_operating_revenue": 17226474, 
        "long_term_average": 1435539, 
        "date": "2014-12-31", 
        "operating_revenue": 1118140, 
        "short_term_average": 1082590
    }, 
    {
        "accumulated_operating_revenue_yoy": -4.494101674502758, 
        "accumulated_operating_revenue": 1370332, 
        "long_term_average": 1430166, 
        "date": "2015-01-31", 
        "operating_revenue": 1370332, 
        "short_term_average": 1154262
    }, 
    {
        "accumulated_operating_revenue_yoy": -7.798132905797573, 
        "accumulated_operating_revenue": 2440683, 
        "long_term_average": 1418337, 
        "date": "2015-02-28", 
        "operating_revenue": 1070351, 
        "short_term_average": 1186274
    }, 
    {
        "accumulated_operating_revenue_yoy": -4.093020828859979, 
        "accumulated_operating_revenue": 4153925, 
        "long_term_average": 1420766, 
        "date": "2015-03-31", 
        "operating_revenue": 1713242, 
        "short_term_average": 1384641
    }, 
    {
        "accumulated_operating_revenue_yoy": -0.9838090420627116, 
        "accumulated_operating_revenue": 5803938, 
        "long_term_average": 1430733, 
        "date": "2015-04-30", 
        "operating_revenue": 1650013, 
        "short_term_average": 1477868
    }, 
    {
        "accumulated_operating_revenue_yoy": -1.0990257835337067, 
        "accumulated_operating_revenue": 7391662, 
        "long_term_average": 1428694, 
        "date": "2015-05-31", 
        "operating_revenue": 1587724, 
        "short_term_average": 1650326
    }, 
    {
        "accumulated_operating_revenue_yoy": -0.33923106391048324, 
        "accumulated_operating_revenue": 9149619, 
        "long_term_average": 1432944, 
        "date": "2015-06-30", 
        "operating_revenue": 1757957, 
        "short_term_average": 1665231
    }, 
    {
        "accumulated_operating_revenue_yoy": -1.3080855368576292, 
        "accumulated_operating_revenue": 10875847, 
        "long_term_average": 1423526, 
        "date": "2015-07-31", 
        "operating_revenue": 1726228, 
        "short_term_average": 1690636
    }, 
    {
        "accumulated_operating_revenue_yoy": -1.962354243135706, 
        "accumulated_operating_revenue": 12398824, 
        "long_term_average": 1414857, 
        "date": "2015-08-31", 
        "operating_revenue": 1522977, 
        "short_term_average": 1669054
    }
]