[
    {
        "date": "2011-09-30", 
        "operating_revenue": 659772, 
        "accumulated_operating_revenue": 659772, 
        "long_term_average": 659772, 
        "short_term_average": 659772
    }, 
    {
        "date": "2011-10-31", 
        "operating_revenue": 661955, 
        "accumulated_operating_revenue": 1321727, 
        "long_term_average": 660863, 
        "short_term_average": 660863
    }, 
    {
        "date": "2011-11-30", 
        "operating_revenue": 584644, 
        "accumulated_operating_revenue": 1906371, 
        "long_term_average": 635457, 
        "short_term_average": 635457
    }, 
    {
        "date": "2011-12-31", 
        "operating_revenue": 729903, 
        "accumulated_operating_revenue": 2636274, 
        "long_term_average": 659068, 
        "short_term_average": 658834
    }, 
    {
        "date": "2012-01-31", 
        "operating_revenue": 294524, 
        "accumulated_operating_revenue": 294524, 
        "long_term_average": 586159, 
        "short_term_average": 536357
    }, 
    {
        "date": "2012-02-29", 
        "operating_revenue": 592638, 
        "accumulated_operating_revenue": 887162, 
        "long_term_average": 587239, 
        "short_term_average": 539021
    }, 
    {
        "date": "2012-03-31", 
        "operating_revenue": 929317, 
        "accumulated_operating_revenue": 1816479, 
        "long_term_average": 636107, 
        "short_term_average": 605493
    }, 
    {
        "date": "2012-04-30", 
        "operating_revenue": 928778, 
        "accumulated_operating_revenue": 2745257, 
        "long_term_average": 672691, 
        "short_term_average": 816911
    }, 
    {
        "date": "2012-05-31", 
        "operating_revenue": 822374, 
        "accumulated_operating_revenue": 3567631, 
        "long_term_average": 689322, 
        "short_term_average": 893489
    }, 
    {
        "date": "2012-06-30", 
        "operating_revenue": 711560, 
        "accumulated_operating_revenue": 4279191, 
        "long_term_average": 691546, 
        "short_term_average": 820904
    }, 
    {
        "date": "2012-07-31", 
        "operating_revenue": 704442, 
        "accumulated_operating_revenue": 4983633, 
        "long_term_average": 692718, 
        "short_term_average": 746125
    }, 
    {
        "date": "2012-08-31", 
        "operating_revenue": 648336, 
        "accumulated_operating_revenue": 5631969, 
        "long_term_average": 689020, 
        "short_term_average": 688112
    }, 
    {
        "accumulated_operating_revenue_yoy": 849.4969474303244, 
        "accumulated_operating_revenue": 6264515, 
        "long_term_average": 686751, 
        "date": "2012-09-30", 
        "operating_revenue": 632546, 
        "short_term_average": 661774
    }, 
    {
        "accumulated_operating_revenue_yoy": 435.1292664824128, 
        "accumulated_operating_revenue": 7072948, 
        "long_term_average": 698957, 
        "date": "2012-10-31", 
        "operating_revenue": 808433, 
        "short_term_average": 696438
    }, 
    {
        "accumulated_operating_revenue_yoy": 308.5440347130753, 
        "accumulated_operating_revenue": 7788365, 
        "long_term_average": 709855, 
        "date": "2012-11-30", 
        "operating_revenue": 715417, 
        "short_term_average": 718798
    }, 
    {
        "accumulated_operating_revenue_yoy": 231.93150636087142, 
        "accumulated_operating_revenue": 8750624, 
        "long_term_average": 729218, 
        "date": "2012-12-31", 
        "operating_revenue": 962259, 
        "short_term_average": 828703
    }, 
    {
        "accumulated_operating_revenue_yoy": 169.89786910404584, 
        "accumulated_operating_revenue": 794914, 
        "long_term_average": 770917, 
        "date": "2013-01-31", 
        "operating_revenue": 794914, 
        "short_term_average": 824196
    }, 
    {
        "accumulated_operating_revenue_yoy": 51.545039124759626, 
        "accumulated_operating_revenue": 1344450, 
        "long_term_average": 767326, 
        "date": "2013-02-28", 
        "operating_revenue": 549536, 
        "short_term_average": 768903
    }, 
    {
        "accumulated_operating_revenue_yoy": 40.656677010854516, 
        "accumulated_operating_revenue": 2554999, 
        "long_term_average": 790762, 
        "date": "2013-03-31", 
        "operating_revenue": 1210549, 
        "short_term_average": 851666
    }, 
    {
        "accumulated_operating_revenue_yoy": 35.89332437728052, 
        "accumulated_operating_revenue": 3730621, 
        "long_term_average": 811332, 
        "date": "2013-04-30", 
        "operating_revenue": 1175622, 
        "short_term_average": 978569
    }, 
    {
        "accumulated_operating_revenue_yoy": 36.809300064945056, 
        "accumulated_operating_revenue": 4880851, 
        "long_term_average": 838653, 
        "date": "2013-05-31", 
        "operating_revenue": 1150230, 
        "short_term_average": 1178800
    }, 
    {
        "accumulated_operating_revenue_yoy": 39.32666244624276, 
        "accumulated_operating_revenue": 5962054, 
        "long_term_average": 869457, 
        "date": "2013-06-30", 
        "operating_revenue": 1081203, 
        "short_term_average": 1135685
    }, 
    {
        "accumulated_operating_revenue_yoy": 40.3288725313441, 
        "accumulated_operating_revenue": 6993476, 
        "long_term_average": 896705, 
        "date": "2013-07-31", 
        "operating_revenue": 1031422, 
        "short_term_average": 1087618
    }, 
    {
        "accumulated_operating_revenue_yoy": 41.240656686853214, 
        "accumulated_operating_revenue": 7954630, 
        "long_term_average": 922773, 
        "date": "2013-08-31", 
        "operating_revenue": 961154, 
        "short_term_average": 1024593
    }, 
    {
        "accumulated_operating_revenue_yoy": 43.694475949055914, 
        "accumulated_operating_revenue": 9001762, 
        "long_term_average": 957322, 
        "date": "2013-09-30", 
        "operating_revenue": 1047132, 
        "short_term_average": 1013236
    }, 
    {
        "accumulated_operating_revenue_yoy": 42.15164596148593, 
        "accumulated_operating_revenue": 10054312, 
        "long_term_average": 977665, 
        "date": "2013-10-31", 
        "operating_revenue": 1052550, 
        "short_term_average": 1020278
    }, 
    {
        "accumulated_operating_revenue_yoy": 41.20220354336244, 
        "accumulated_operating_revenue": 10997343, 
        "long_term_average": 996633, 
        "date": "2013-11-30", 
        "operating_revenue": 943031, 
        "short_term_average": 1014237
    }, 
    {
        "accumulated_operating_revenue_yoy": 38.29580610479893, 
        "accumulated_operating_revenue": 12101746, 
        "long_term_average": 1008478, 
        "date": "2013-12-31", 
        "operating_revenue": 1104403, 
        "short_term_average": 1033328
    }, 
    {
        "accumulated_operating_revenue_yoy": -17.63876343856065, 
        "accumulated_operating_revenue": 654701, 
        "long_term_average": 996794, 
        "date": "2014-01-31", 
        "operating_revenue": 654701, 
        "short_term_average": 900711
    }, 
    {
        "accumulated_operating_revenue_yoy": -6.66971624084198, 
        "accumulated_operating_revenue": 1254779, 
        "long_term_average": 1001006, 
        "date": "2014-02-28", 
        "operating_revenue": 600078, 
        "short_term_average": 786394
    }, 
    {
        "accumulated_operating_revenue_yoy": -13.739457432272967, 
        "accumulated_operating_revenue": 2203956, 
        "long_term_average": 979225, 
        "date": "2014-03-31", 
        "operating_revenue": 949177, 
        "short_term_average": 734652
    }, 
    {
        "accumulated_operating_revenue_yoy": -17.148244219930138, 
        "accumulated_operating_revenue": 3090885, 
        "long_term_average": 955167, 
        "date": "2014-04-30", 
        "operating_revenue": 886929, 
        "short_term_average": 812061
    }, 
    {
        "accumulated_operating_revenue_yoy": -20.06832415084992, 
        "accumulated_operating_revenue": 3901346, 
        "long_term_average": 926853, 
        "date": "2014-05-31", 
        "operating_revenue": 810461, 
        "short_term_average": 882189
    }, 
    {
        "accumulated_operating_revenue_yoy": -21.808457286700186, 
        "accumulated_operating_revenue": 4661822, 
        "long_term_average": 900126, 
        "date": "2014-06-30", 
        "operating_revenue": 760476, 
        "short_term_average": 819288
    }, 
    {
        "accumulated_operating_revenue_yoy": -23.325610897928296, 
        "accumulated_operating_revenue": 5362205, 
        "long_term_average": 872539, 
        "date": "2014-07-31", 
        "operating_revenue": 700383, 
        "short_term_average": 757106
    }, 
    {
        "accumulated_operating_revenue_yoy": -24.100781557407448, 
        "accumulated_operating_revenue": 6037502, 
        "long_term_average": 848718, 
        "date": "2014-08-31", 
        "operating_revenue": 675297, 
        "short_term_average": 712052
    }, 
    {
        "accumulated_operating_revenue_yoy": -25.673884735010766, 
        "accumulated_operating_revenue": 6690660, 
        "long_term_average": 815887, 
        "date": "2014-09-30", 
        "operating_revenue": 653158, 
        "short_term_average": 676279
    }, 
    {
        "accumulated_operating_revenue_yoy": -26.191707597695395, 
        "accumulated_operating_revenue": 7420916, 
        "long_term_average": 789029, 
        "date": "2014-10-31", 
        "operating_revenue": 730256, 
        "short_term_average": 686237
    }, 
    {
        "accumulated_operating_revenue_yoy": -25.869039457985444, 
        "accumulated_operating_revenue": 8152436, 
        "long_term_average": 771403, 
        "date": "2014-11-30", 
        "operating_revenue": 731520, 
        "short_term_average": 704978
    }, 
    {
        "accumulated_operating_revenue_yoy": -26.244502239594187, 
        "accumulated_operating_revenue": 8925703, 
        "long_term_average": 743808, 
        "date": "2014-12-31", 
        "operating_revenue": 773267, 
        "short_term_average": 745014
    }, 
    {
        "accumulated_operating_revenue_yoy": -11.749027418623157, 
        "accumulated_operating_revenue": 577780, 
        "long_term_average": 737398, 
        "date": "2015-01-31", 
        "operating_revenue": 577780, 
        "short_term_average": 694189
    }, 
    {
        "accumulated_operating_revenue_yoy": -21.56762266502707, 
        "accumulated_operating_revenue": 984153, 
        "long_term_average": 721256, 
        "date": "2015-02-28", 
        "operating_revenue": 406373, 
        "short_term_average": 585806
    }, 
    {
        "accumulated_operating_revenue_yoy": -18.010477523144743, 
        "accumulated_operating_revenue": 1807013, 
        "long_term_average": 710730, 
        "date": "2015-03-31", 
        "operating_revenue": 822860, 
        "short_term_average": 602337
    }, 
    {
        "accumulated_operating_revenue_yoy": -15.10793834128413, 
        "accumulated_operating_revenue": 2623916, 
        "long_term_average": 704894, 
        "date": "2015-04-30", 
        "operating_revenue": 816903, 
        "short_term_average": 682045
    }, 
    {
        "accumulated_operating_revenue_yoy": -14.492844264517938, 
        "accumulated_operating_revenue": 3335930, 
        "long_term_average": 696690, 
        "date": "2015-05-31", 
        "operating_revenue": 712014, 
        "short_term_average": 783925
    }, 
    {
        "accumulated_operating_revenue_yoy": -14.921612193687361, 
        "accumulated_operating_revenue": 3966203, 
        "long_term_average": 685840, 
        "date": "2015-06-30", 
        "operating_revenue": 630273, 
        "short_term_average": 719730
    }, 
    {
        "accumulated_operating_revenue_yoy": -14.40375740949852, 
        "accumulated_operating_revenue": 4589846, 
        "long_term_average": 679445, 
        "date": "2015-07-31", 
        "operating_revenue": 623643, 
        "short_term_average": 655310
    }, 
    {
        "accumulated_operating_revenue_yoy": -14.932814929088224, 
        "accumulated_operating_revenue": 5135933, 
        "long_term_average": 668677, 
        "date": "2015-08-31", 
        "operating_revenue": 546087, 
        "short_term_average": 600001
    }
]