[
    {
        "date": "2011-09-30", 
        "operating_revenue": 715279, 
        "accumulated_operating_revenue": 715279, 
        "long_term_average": 715279, 
        "short_term_average": 715279
    }, 
    {
        "date": "2011-10-31", 
        "operating_revenue": 723703, 
        "accumulated_operating_revenue": 1438982, 
        "long_term_average": 719491, 
        "short_term_average": 719491
    }, 
    {
        "date": "2011-11-30", 
        "operating_revenue": 755575, 
        "accumulated_operating_revenue": 2194557, 
        "long_term_average": 731519, 
        "short_term_average": 731519
    }, 
    {
        "date": "2011-12-31", 
        "operating_revenue": 814565, 
        "accumulated_operating_revenue": 3009122, 
        "long_term_average": 752280, 
        "short_term_average": 764614
    }, 
    {
        "date": "2012-01-31", 
        "operating_revenue": 978601, 
        "accumulated_operating_revenue": 978601, 
        "long_term_average": 797544, 
        "short_term_average": 849580
    }, 
    {
        "date": "2012-02-29", 
        "operating_revenue": 948595, 
        "accumulated_operating_revenue": 1927196, 
        "long_term_average": 822719, 
        "short_term_average": 913920
    }, 
    {
        "date": "2012-03-31", 
        "operating_revenue": 1086085, 
        "accumulated_operating_revenue": 3013281, 
        "long_term_average": 860343, 
        "short_term_average": 1004427
    }, 
    {
        "date": "2012-04-30", 
        "operating_revenue": 1135989, 
        "accumulated_operating_revenue": 4149270, 
        "long_term_average": 894799, 
        "short_term_average": 1056889
    }, 
    {
        "date": "2012-05-31", 
        "operating_revenue": 1028667, 
        "accumulated_operating_revenue": 5177937, 
        "long_term_average": 909673, 
        "short_term_average": 1083580
    }, 
    {
        "date": "2012-06-30", 
        "operating_revenue": 1104315, 
        "accumulated_operating_revenue": 6282252, 
        "long_term_average": 929137, 
        "short_term_average": 1089657
    }, 
    {
        "date": "2012-07-31", 
        "operating_revenue": 1143403, 
        "accumulated_operating_revenue": 7425655, 
        "long_term_average": 948616, 
        "short_term_average": 1092128
    }, 
    {
        "date": "2012-08-31", 
        "operating_revenue": 1114194, 
        "accumulated_operating_revenue": 8539849, 
        "long_term_average": 962414, 
        "short_term_average": 1120637
    }, 
    {
        "accumulated_operating_revenue_yoy": 1247.7173242888439, 
        "accumulated_operating_revenue": 9639939, 
        "long_term_average": 994481, 
        "date": "2012-09-30", 
        "operating_revenue": 1100090, 
        "short_term_average": 1119229
    }, 
    {
        "accumulated_operating_revenue_yoy": 634.8444942327285, 
        "accumulated_operating_revenue": 10574280, 
        "long_term_average": 1012035, 
        "date": "2012-10-31", 
        "operating_revenue": 934341, 
        "short_term_average": 1049541
    }, 
    {
        "accumulated_operating_revenue_yoy": 430.66135898953644, 
        "accumulated_operating_revenue": 11645666, 
        "long_term_average": 1038352, 
        "date": "2012-11-30", 
        "operating_revenue": 1071386, 
        "short_term_average": 1035272
    }, 
    {
        "accumulated_operating_revenue_yoy": 323.8056815243782, 
        "accumulated_operating_revenue": 12752830, 
        "long_term_average": 1062735, 
        "date": "2012-12-31", 
        "operating_revenue": 1107164, 
        "short_term_average": 1037630
    }, 
    {
        "accumulated_operating_revenue_yoy": 28.50865674570126, 
        "accumulated_operating_revenue": 1257587, 
        "long_term_average": 1085984, 
        "date": "2013-01-31", 
        "operating_revenue": 1257587, 
        "short_term_average": 1145379
    }, 
    {
        "accumulated_operating_revenue_yoy": 18.990595663336784, 
        "accumulated_operating_revenue": 2293182, 
        "long_term_average": 1093234, 
        "date": "2013-02-28", 
        "operating_revenue": 1035595, 
        "short_term_average": 1133448
    }, 
    {
        "accumulated_operating_revenue_yoy": 16.02389554774347, 
        "accumulated_operating_revenue": 3496126, 
        "long_term_average": 1102972, 
        "date": "2013-03-31", 
        "operating_revenue": 1202944, 
        "short_term_average": 1165375
    }, 
    {
        "accumulated_operating_revenue_yoy": 12.850019401003069, 
        "accumulated_operating_revenue": 4682452, 
        "long_term_average": 1107167, 
        "date": "2013-04-30", 
        "operating_revenue": 1186326, 
        "short_term_average": 1141621
    }, 
    {
        "accumulated_operating_revenue_yoy": 13.152863775669733, 
        "accumulated_operating_revenue": 5858984, 
        "long_term_average": 1119489, 
        "date": "2013-05-31", 
        "operating_revenue": 1176532, 
        "short_term_average": 1188600
    }, 
    {
        "accumulated_operating_revenue_yoy": 11.205599520681437, 
        "accumulated_operating_revenue": 6986216, 
        "long_term_average": 1121399, 
        "date": "2013-06-30", 
        "operating_revenue": 1127232, 
        "short_term_average": 1163363
    }, 
    {
        "accumulated_operating_revenue_yoy": 10.247203782023268, 
        "accumulated_operating_revenue": 8186577, 
        "long_term_average": 1126146, 
        "date": "2013-07-31", 
        "operating_revenue": 1200361, 
        "short_term_average": 1168041
    }, 
    {
        "accumulated_operating_revenue_yoy": 10.108012448463667, 
        "accumulated_operating_revenue": 9403058, 
        "long_term_average": 1134669, 
        "date": "2013-08-31", 
        "operating_revenue": 1216481, 
        "short_term_average": 1181358
    }, 
    {
        "accumulated_operating_revenue_yoy": 9.944430146290346, 
        "accumulated_operating_revenue": 10598576, 
        "long_term_average": 1142622, 
        "date": "2013-09-30", 
        "operating_revenue": 1195518, 
        "short_term_average": 1204120
    }, 
    {
        "accumulated_operating_revenue_yoy": 12.095622586124067, 
        "accumulated_operating_revenue": 11853305, 
        "long_term_average": 1169321, 
        "date": "2013-10-31", 
        "operating_revenue": 1254729, 
        "short_term_average": 1222242
    }, 
    {
        "accumulated_operating_revenue_yoy": 12.394997417923543, 
        "accumulated_operating_revenue": 13089146, 
        "long_term_average": 1183025, 
        "date": "2013-11-30", 
        "operating_revenue": 1235841, 
        "short_term_average": 1228696
    }, 
    {
        "accumulated_operating_revenue_yoy": 12.44762927130684, 
        "accumulated_operating_revenue": 14340255, 
        "long_term_average": 1195021, 
        "date": "2013-12-31", 
        "operating_revenue": 1251109, 
        "short_term_average": 1247226
    }, 
    {
        "accumulated_operating_revenue_yoy": 3.460277499687894, 
        "accumulated_operating_revenue": 1301103, 
        "long_term_average": 1198647, 
        "date": "2014-01-31", 
        "operating_revenue": 1301103, 
        "short_term_average": 1262684
    }, 
    {
        "accumulated_operating_revenue_yoy": 7.230302697300084, 
        "accumulated_operating_revenue": 2458986, 
        "long_term_average": 1208838, 
        "date": "2014-02-28", 
        "operating_revenue": 1157883, 
        "short_term_average": 1236698
    }, 
    {
        "accumulated_operating_revenue_yoy": 6.718293333821493, 
        "accumulated_operating_revenue": 3731006, 
        "long_term_average": 1214594, 
        "date": "2014-03-31", 
        "operating_revenue": 1272020, 
        "short_term_average": 1243668
    }, 
    {
        "accumulated_operating_revenue_yoy": 7.38363148196714, 
        "accumulated_operating_revenue": 5028187, 
        "long_term_average": 1223832, 
        "date": "2014-04-30", 
        "operating_revenue": 1297181, 
        "short_term_average": 1242361
    }, 
    {
        "accumulated_operating_revenue_yoy": 7.126133131614629, 
        "accumulated_operating_revenue": 6276503, 
        "long_term_average": 1229814, 
        "date": "2014-05-31", 
        "operating_revenue": 1248316, 
        "short_term_average": 1272505
    }, 
    {
        "accumulated_operating_revenue_yoy": 7.881147677082987, 
        "accumulated_operating_revenue": 7536810, 
        "long_term_average": 1240904, 
        "date": "2014-06-30", 
        "operating_revenue": 1260307, 
        "short_term_average": 1268601
    }, 
    {
        "accumulated_operating_revenue_yoy": 8.11197402772856, 
        "accumulated_operating_revenue": 8850670, 
        "long_term_average": 1250362, 
        "date": "2014-07-31", 
        "operating_revenue": 1313860, 
        "short_term_average": 1274161
    }, 
    {
        "accumulated_operating_revenue_yoy": 7.945479013316732, 
        "accumulated_operating_revenue": 10150176, 
        "long_term_average": 1257281, 
        "date": "2014-08-31", 
        "operating_revenue": 1299506, 
        "short_term_average": 1291224
    }, 
    {
        "accumulated_operating_revenue_yoy": 8.513417274169662, 
        "accumulated_operating_revenue": 11500877, 
        "long_term_average": 1270213, 
        "date": "2014-09-30", 
        "operating_revenue": 1350701, 
        "short_term_average": 1321355
    }, 
    {
        "accumulated_operating_revenue_yoy": 8.832313013121656, 
        "accumulated_operating_revenue": 12900226, 
        "long_term_average": 1282264, 
        "date": "2014-10-31", 
        "operating_revenue": 1399349, 
        "short_term_average": 1349852
    }, 
    {
        "accumulated_operating_revenue_yoy": 8.907326727045445, 
        "accumulated_operating_revenue": 14255039, 
        "long_term_average": 1292179, 
        "date": "2014-11-30", 
        "operating_revenue": 1354813, 
        "short_term_average": 1368287
    }, 
    {
        "accumulated_operating_revenue_yoy": 9.284193342447537, 
        "accumulated_operating_revenue": 15671632, 
        "long_term_average": 1305969, 
        "date": "2014-12-31", 
        "operating_revenue": 1416593, 
        "short_term_average": 1390251
    }, 
    {
        "accumulated_operating_revenue_yoy": 6.12695536018286, 
        "accumulated_operating_revenue": 1380821, 
        "long_term_average": 1312612, 
        "date": "2015-01-31", 
        "operating_revenue": 1380821, 
        "short_term_average": 1384075
    }, 
    {
        "accumulated_operating_revenue_yoy": 10.217788958538195, 
        "accumulated_operating_revenue": 2710240, 
        "long_term_average": 1326907, 
        "date": "2015-02-28", 
        "operating_revenue": 1329419, 
        "short_term_average": 1375611
    }, 
    {
        "accumulated_operating_revenue_yoy": 11.270204336310368, 
        "accumulated_operating_revenue": 4151498, 
        "long_term_average": 1341010, 
        "date": "2015-03-31", 
        "operating_revenue": 1441258, 
        "short_term_average": 1383832
    }, 
    {
        "accumulated_operating_revenue_yoy": 10.580632740985966, 
        "accumulated_operating_revenue": 5560201, 
        "long_term_average": 1350303, 
        "date": "2015-04-30", 
        "operating_revenue": 1408703, 
        "short_term_average": 1393126
    }, 
    {
        "accumulated_operating_revenue_yoy": 10.467070596477052, 
        "accumulated_operating_revenue": 6933469, 
        "long_term_average": 1360716, 
        "date": "2015-05-31", 
        "operating_revenue": 1373268, 
        "short_term_average": 1407743
    }, 
    {
        "accumulated_operating_revenue_yoy": 10.463843456316399, 
        "accumulated_operating_revenue": 8325450, 
        "long_term_average": 1371689, 
        "date": "2015-06-30", 
        "operating_revenue": 1391981, 
        "short_term_average": 1391317
    }, 
    {
        "accumulated_operating_revenue_yoy": 10.289672985209029, 
        "accumulated_operating_revenue": 9761375, 
        "long_term_average": 1381861, 
        "date": "2015-07-31", 
        "operating_revenue": 1435925, 
        "short_term_average": 1400391
    }, 
    {
        "accumulated_operating_revenue_yoy": 10.20227629550463, 
        "accumulated_operating_revenue": 11185725, 
        "long_term_average": 1392265, 
        "date": "2015-08-31", 
        "operating_revenue": 1424350, 
        "short_term_average": 1417418
    }, 
    {
        "accumulated_operating_revenue_yoy": 9.066108610673778, 
        "accumulated_operating_revenue": 12543559, 
        "long_term_average": 1392859, 
        "date": "2015-09-30", 
        "operating_revenue": 1357834, 
        "short_term_average": 1406036
    }
]