[
    {
        "date": "2012-01-31", 
        "operating_revenue": 170179, 
        "accumulated_operating_revenue": 170179, 
        "long_term_average": 170179, 
        "short_term_average": 170179
    }, 
    {
        "date": "2012-02-29", 
        "operating_revenue": 200318, 
        "accumulated_operating_revenue": 370497, 
        "long_term_average": 185248, 
        "short_term_average": 185248
    }, 
    {
        "date": "2012-03-31", 
        "operating_revenue": 213965, 
        "accumulated_operating_revenue": 584462, 
        "long_term_average": 194820, 
        "short_term_average": 194820
    }, 
    {
        "date": "2012-04-30", 
        "operating_revenue": 203409, 
        "accumulated_operating_revenue": 787871, 
        "long_term_average": 196967, 
        "short_term_average": 205897
    }, 
    {
        "date": "2012-05-31", 
        "operating_revenue": 218263, 
        "accumulated_operating_revenue": 1006134, 
        "long_term_average": 201226, 
        "short_term_average": 211879
    }, 
    {
        "date": "2012-06-30", 
        "operating_revenue": 205163, 
        "accumulated_operating_revenue": 1211297, 
        "long_term_average": 201882, 
        "short_term_average": 208945
    }, 
    {
        "date": "2012-07-31", 
        "operating_revenue": 199289, 
        "accumulated_operating_revenue": 1410586, 
        "long_term_average": 201512, 
        "short_term_average": 207571
    }, 
    {
        "date": "2012-08-31", 
        "operating_revenue": 177922, 
        "accumulated_operating_revenue": 1588508, 
        "long_term_average": 198563, 
        "short_term_average": 194124
    }, 
    {
        "date": "2012-09-30", 
        "operating_revenue": 174520, 
        "accumulated_operating_revenue": 1763028, 
        "long_term_average": 195892, 
        "short_term_average": 183910
    }, 
    {
        "date": "2012-10-31", 
        "operating_revenue": 182131, 
        "accumulated_operating_revenue": 1945159, 
        "long_term_average": 194515, 
        "short_term_average": 178191
    }, 
    {
        "date": "2012-11-30", 
        "operating_revenue": 194774, 
        "accumulated_operating_revenue": 2139933, 
        "long_term_average": 194539, 
        "short_term_average": 183808
    }, 
    {
        "date": "2012-12-31", 
        "operating_revenue": 197105, 
        "accumulated_operating_revenue": 2337038, 
        "long_term_average": 194753, 
        "short_term_average": 191336
    }, 
    {
        "accumulated_operating_revenue_yoy": 22.65438156294255, 
        "accumulated_operating_revenue": 208732, 
        "long_term_average": 197965, 
        "date": "2013-01-31", 
        "operating_revenue": 208732, 
        "short_term_average": 200203
    }, 
    {
        "accumulated_operating_revenue_yoy": -5.834055336480457, 
        "accumulated_operating_revenue": 348882, 
        "long_term_average": 192951, 
        "date": "2013-02-28", 
        "operating_revenue": 140150, 
        "short_term_average": 181995
    }, 
    {
        "accumulated_operating_revenue_yoy": -4.198048803857223, 
        "accumulated_operating_revenue": 559926, 
        "long_term_average": 192708, 
        "date": "2013-03-31", 
        "operating_revenue": 211044, 
        "short_term_average": 186642
    }, 
    {
        "accumulated_operating_revenue_yoy": 0.8998935104858536, 
        "accumulated_operating_revenue": 794961, 
        "long_term_average": 195344, 
        "date": "2013-04-30", 
        "operating_revenue": 235035, 
        "short_term_average": 195409
    }, 
    {
        "accumulated_operating_revenue_yoy": 1.6947046814837785, 
        "accumulated_operating_revenue": 1023185, 
        "long_term_average": 196174, 
        "date": "2013-05-31", 
        "operating_revenue": 228224, 
        "short_term_average": 224767
    }, 
    {
        "accumulated_operating_revenue_yoy": 1.5890405078193046, 
        "accumulated_operating_revenue": 1230545, 
        "long_term_average": 196357, 
        "date": "2013-06-30", 
        "operating_revenue": 207360, 
        "short_term_average": 223539
    }, 
    {
        "accumulated_operating_revenue_yoy": 2.74134295959268, 
        "accumulated_operating_revenue": 1449255, 
        "long_term_average": 197975, 
        "date": "2013-07-31", 
        "operating_revenue": 218710, 
        "short_term_average": 218098
    }, 
    {
        "accumulated_operating_revenue_yoy": 5.268402803133506, 
        "accumulated_operating_revenue": 1672197, 
        "long_term_average": 201727, 
        "date": "2013-08-31", 
        "operating_revenue": 222942, 
        "short_term_average": 216337
    }, 
    {
        "accumulated_operating_revenue_yoy": 6.297574400406574, 
        "accumulated_operating_revenue": 1874056, 
        "long_term_average": 204005, 
        "date": "2013-09-30", 
        "operating_revenue": 201859, 
        "short_term_average": 214503
    }, 
    {
        "accumulated_operating_revenue_yoy": 7.026366482123056, 
        "accumulated_operating_revenue": 2081833, 
        "long_term_average": 206142, 
        "date": "2013-10-31", 
        "operating_revenue": 207777, 
        "short_term_average": 210859
    }, 
    {
        "accumulated_operating_revenue_yoy": 7.020500174538174, 
        "accumulated_operating_revenue": 2290167, 
        "long_term_average": 207272, 
        "date": "2013-11-30", 
        "operating_revenue": 208334, 
        "short_term_average": 205990
    }, 
    {
        "accumulated_operating_revenue_yoy": 8.350784197775132, 
        "accumulated_operating_revenue": 2532199, 
        "long_term_average": 211016, 
        "date": "2013-12-31", 
        "operating_revenue": 242032, 
        "short_term_average": 219381
    }, 
    {
        "accumulated_operating_revenue_yoy": 19.119732479926412, 
        "accumulated_operating_revenue": 248641, 
        "long_term_average": 214342, 
        "date": "2014-01-31", 
        "operating_revenue": 248641, 
        "short_term_average": 233002
    }, 
    {
        "accumulated_operating_revenue_yoy": 27.86472216967341, 
        "accumulated_operating_revenue": 446097, 
        "long_term_average": 219117, 
        "date": "2014-02-28", 
        "operating_revenue": 197456, 
        "short_term_average": 229376
    }, 
    {
        "accumulated_operating_revenue_yoy": 26.886945774977406, 
        "accumulated_operating_revenue": 710473, 
        "long_term_average": 223562, 
        "date": "2014-03-31", 
        "operating_revenue": 264376, 
        "short_term_average": 236824
    }, 
    {
        "accumulated_operating_revenue_yoy": 24.459942060050743, 
        "accumulated_operating_revenue": 989408, 
        "long_term_average": 227220, 
        "date": "2014-04-30", 
        "operating_revenue": 278935, 
        "short_term_average": 246922
    }, 
    {
        "accumulated_operating_revenue_yoy": 20.337671095647416, 
        "accumulated_operating_revenue": 1231277, 
        "long_term_average": 228357, 
        "date": "2014-05-31", 
        "operating_revenue": 241869, 
        "short_term_average": 261726
    }, 
    {
        "accumulated_operating_revenue_yoy": 20.185933874827818, 
        "accumulated_operating_revenue": 1478942, 
        "long_term_average": 231716, 
        "date": "2014-06-30", 
        "operating_revenue": 247665, 
        "short_term_average": 256156
    }, 
    {
        "accumulated_operating_revenue_yoy": 18.627087710582334, 
        "accumulated_operating_revenue": 1719209, 
        "long_term_average": 233512, 
        "date": "2014-07-31", 
        "operating_revenue": 240267, 
        "short_term_average": 243267
    }, 
    {
        "accumulated_operating_revenue_yoy": 16.05660098660624, 
        "accumulated_operating_revenue": 1940695, 
        "long_term_average": 233391, 
        "date": "2014-08-31", 
        "operating_revenue": 221486, 
        "short_term_average": 236472
    }, 
    {
        "accumulated_operating_revenue_yoy": 17.261330504531347, 
        "accumulated_operating_revenue": 2197543, 
        "long_term_average": 237973, 
        "date": "2014-09-30", 
        "operating_revenue": 256848, 
        "short_term_average": 239533
    }, 
    {
        "accumulated_operating_revenue_yoy": 16.757251902530125, 
        "accumulated_operating_revenue": 2430691, 
        "long_term_average": 240088, 
        "date": "2014-10-31", 
        "operating_revenue": 233148, 
        "short_term_average": 237160
    }, 
    {
        "accumulated_operating_revenue_yoy": 15.783346803966698, 
        "accumulated_operating_revenue": 2651632, 
        "long_term_average": 241138, 
        "date": "2014-11-30", 
        "operating_revenue": 220941, 
        "short_term_average": 236979
    }, 
    {
        "accumulated_operating_revenue_yoy": 14.86482697449924, 
        "accumulated_operating_revenue": 2908606, 
        "long_term_average": 242383, 
        "date": "2014-12-31", 
        "operating_revenue": 256974, 
        "short_term_average": 237021
    }, 
    {
        "accumulated_operating_revenue_yoy": 6.24756174564935, 
        "accumulated_operating_revenue": 264175, 
        "long_term_average": 243678, 
        "date": "2015-01-31", 
        "operating_revenue": 264175, 
        "short_term_average": 247363
    }, 
    {
        "accumulated_operating_revenue_yoy": -7.137909468120163, 
        "accumulated_operating_revenue": 414255, 
        "long_term_average": 239730, 
        "date": "2015-02-28", 
        "operating_revenue": 150080, 
        "short_term_average": 223743
    }, 
    {
        "accumulated_operating_revenue_yoy": -1.6919714049654244, 
        "accumulated_operating_revenue": 698452, 
        "long_term_average": 241382, 
        "date": "2015-03-31", 
        "operating_revenue": 284197, 
        "short_term_average": 232817
    }, 
    {
        "accumulated_operating_revenue_yoy": -4.022102105501472, 
        "accumulated_operating_revenue": 949613, 
        "long_term_average": 239067, 
        "date": "2015-04-30", 
        "operating_revenue": 251161, 
        "short_term_average": 228479
    }, 
    {
        "accumulated_operating_revenue_yoy": -2.8871651139426793, 
        "accumulated_operating_revenue": 1195728, 
        "long_term_average": 239421, 
        "date": "2015-05-31", 
        "operating_revenue": 246115, 
        "short_term_average": 260491
    }, 
    {
        "accumulated_operating_revenue_yoy": -4.123758741045964, 
        "accumulated_operating_revenue": 1417954, 
        "long_term_average": 237301, 
        "date": "2015-06-30", 
        "operating_revenue": 222226, 
        "short_term_average": 239834
    }, 
    {
        "accumulated_operating_revenue_yoy": -3.9206984142125827, 
        "accumulated_operating_revenue": 1651804, 
        "long_term_average": 236766, 
        "date": "2015-07-31", 
        "operating_revenue": 233850, 
        "short_term_average": 234063
    }, 
    {
        "accumulated_operating_revenue_yoy": -3.7188223806419867, 
        "accumulated_operating_revenue": 1868524, 
        "long_term_average": 236369, 
        "date": "2015-08-31", 
        "operating_revenue": 216720, 
        "short_term_average": 224265
    }, 
    {
        "accumulated_operating_revenue_yoy": -4.82793738279524, 
        "accumulated_operating_revenue": 2091447, 
        "long_term_average": 233542, 
        "date": "2015-09-30", 
        "operating_revenue": 222923, 
        "short_term_average": 224497
    }
]