[
    {
        "date": "2012-01-31", 
        "operating_revenue": 410749, 
        "accumulated_operating_revenue": 410749, 
        "long_term_average": 410749, 
        "short_term_average": 410749
    }, 
    {
        "date": "2012-02-29", 
        "operating_revenue": 286799, 
        "accumulated_operating_revenue": 697548, 
        "long_term_average": 348774, 
        "short_term_average": 348774
    }, 
    {
        "date": "2012-03-31", 
        "operating_revenue": 241912, 
        "accumulated_operating_revenue": 939460, 
        "long_term_average": 313153, 
        "short_term_average": 313153
    }, 
    {
        "date": "2012-04-30", 
        "operating_revenue": 259856, 
        "accumulated_operating_revenue": 1199316, 
        "long_term_average": 299829, 
        "short_term_average": 262855
    }, 
    {
        "date": "2012-05-31", 
        "operating_revenue": 264695, 
        "accumulated_operating_revenue": 1464011, 
        "long_term_average": 292802, 
        "short_term_average": 255487
    }, 
    {
        "date": "2012-06-30", 
        "operating_revenue": 313652, 
        "accumulated_operating_revenue": 1777663, 
        "long_term_average": 296277, 
        "short_term_average": 279401
    }, 
    {
        "date": "2012-07-31", 
        "operating_revenue": 295029, 
        "accumulated_operating_revenue": 2072692, 
        "long_term_average": 296098, 
        "short_term_average": 291125
    }, 
    {
        "date": "2012-08-31", 
        "operating_revenue": 295249, 
        "accumulated_operating_revenue": 2367941, 
        "long_term_average": 295992, 
        "short_term_average": 301310
    }, 
    {
        "date": "2012-09-30", 
        "operating_revenue": 267114, 
        "accumulated_operating_revenue": 2635055, 
        "long_term_average": 292783, 
        "short_term_average": 285797
    }, 
    {
        "date": "2012-10-31", 
        "operating_revenue": 259683, 
        "accumulated_operating_revenue": 2894738, 
        "long_term_average": 289473, 
        "short_term_average": 274015
    }, 
    {
        "date": "2012-11-30", 
        "operating_revenue": 238020, 
        "accumulated_operating_revenue": 3132758, 
        "long_term_average": 284796, 
        "short_term_average": 254939
    }, 
    {
        "date": "2012-12-31", 
        "operating_revenue": 296866, 
        "accumulated_operating_revenue": 3429624, 
        "long_term_average": 285802, 
        "short_term_average": 264856
    }, 
    {
        "accumulated_operating_revenue_yoy": -30.207742441247575, 
        "accumulated_operating_revenue": 286671, 
        "long_term_average": 275462, 
        "date": "2013-01-31", 
        "operating_revenue": 286671, 
        "short_term_average": 273852
    }, 
    {
        "accumulated_operating_revenue_yoy": -9.471032817813255, 
        "accumulated_operating_revenue": 631483, 
        "long_term_average": 280296, 
        "date": "2013-02-28", 
        "operating_revenue": 344812, 
        "short_term_average": 309449
    }, 
    {
        "accumulated_operating_revenue_yoy": -6.563664232644285, 
        "accumulated_operating_revenue": 877797, 
        "long_term_average": 280663, 
        "date": "2013-03-31", 
        "operating_revenue": 246314, 
        "short_term_average": 292599
    }, 
    {
        "accumulated_operating_revenue_yoy": -5.912703574370724, 
        "accumulated_operating_revenue": 1128404, 
        "long_term_average": 279892, 
        "date": "2013-04-30", 
        "operating_revenue": 250607, 
        "short_term_average": 280577
    }, 
    {
        "accumulated_operating_revenue_yoy": -5.58622851877479, 
        "accumulated_operating_revenue": 1382228, 
        "long_term_average": 278986, 
        "date": "2013-05-31", 
        "operating_revenue": 253824, 
        "short_term_average": 250248
    }, 
    {
        "accumulated_operating_revenue_yoy": -5.429938070376669, 
        "accumulated_operating_revenue": 1681137, 
        "long_term_average": 277758, 
        "date": "2013-06-30", 
        "operating_revenue": 298909, 
        "short_term_average": 267780
    }, 
    {
        "accumulated_operating_revenue_yoy": -5.44837341968802, 
        "accumulated_operating_revenue": 1959764, 
        "long_term_average": 276391, 
        "date": "2013-07-31", 
        "operating_revenue": 278627, 
        "short_term_average": 277120
    }, 
    {
        "accumulated_operating_revenue_yoy": -4.565105296120131, 
        "accumulated_operating_revenue": 2259842, 
        "long_term_average": 276793, 
        "date": "2013-08-31", 
        "operating_revenue": 300078, 
        "short_term_average": 292538
    }, 
    {
        "accumulated_operating_revenue_yoy": -3.95361766642442, 
        "accumulated_operating_revenue": 2530875, 
        "long_term_average": 277120, 
        "date": "2013-09-30", 
        "operating_revenue": 271033, 
        "short_term_average": 283246
    }, 
    {
        "accumulated_operating_revenue_yoy": -3.849053005833343, 
        "accumulated_operating_revenue": 2783318, 
        "long_term_average": 276517, 
        "date": "2013-10-31", 
        "operating_revenue": 252443, 
        "short_term_average": 274518
    }, 
    {
        "accumulated_operating_revenue_yoy": -3.587765157730026, 
        "accumulated_operating_revenue": 3020362, 
        "long_term_average": 276435, 
        "date": "2013-11-30", 
        "operating_revenue": 237044, 
        "short_term_average": 253506
    }, 
    {
        "accumulated_operating_revenue_yoy": -4.413136833658733, 
        "accumulated_operating_revenue": 3278270, 
        "long_term_average": 273189, 
        "date": "2013-12-31", 
        "operating_revenue": 257908, 
        "short_term_average": 249131
    }, 
    {
        "accumulated_operating_revenue_yoy": 11.331107785579986, 
        "accumulated_operating_revenue": 319154, 
        "long_term_average": 275896, 
        "date": "2014-01-31", 
        "operating_revenue": 319154, 
        "short_term_average": 271368
    }, 
    {
        "accumulated_operating_revenue_yoy": -1.53559161529289, 
        "accumulated_operating_revenue": 621786, 
        "long_term_average": 272381, 
        "date": "2014-02-28", 
        "operating_revenue": 302632, 
        "short_term_average": 293231
    }, 
    {
        "accumulated_operating_revenue_yoy": -2.038284478074088, 
        "accumulated_operating_revenue": 859905, 
        "long_term_average": 271698, 
        "date": "2014-03-31", 
        "operating_revenue": 238119, 
        "short_term_average": 286635
    }, 
    {
        "accumulated_operating_revenue_yoy": -2.943981056430144, 
        "accumulated_operating_revenue": 1095184, 
        "long_term_average": 270420, 
        "date": "2014-04-30", 
        "operating_revenue": 235279, 
        "short_term_average": 258676
    }, 
    {
        "accumulated_operating_revenue_yoy": -1.814100133986578, 
        "accumulated_operating_revenue": 1357153, 
        "long_term_average": 271099, 
        "date": "2014-05-31", 
        "operating_revenue": 261969, 
        "short_term_average": 245122
    }, 
    {
        "accumulated_operating_revenue_yoy": -2.496346222824196, 
        "accumulated_operating_revenue": 1639170, 
        "long_term_average": 269691, 
        "date": "2014-06-30", 
        "operating_revenue": 282017, 
        "short_term_average": 259755
    }, 
    {
        "accumulated_operating_revenue_yoy": -2.490503958639918, 
        "accumulated_operating_revenue": 1910956, 
        "long_term_average": 269121, 
        "date": "2014-07-31", 
        "operating_revenue": 271786, 
        "short_term_average": 271924
    }, 
    {
        "accumulated_operating_revenue_yoy": -2.816126083150946, 
        "accumulated_operating_revenue": 2196202, 
        "long_term_average": 267885, 
        "date": "2014-08-31", 
        "operating_revenue": 285246, 
        "short_term_average": 279683
    }, 
    {
        "accumulated_operating_revenue_yoy": -3.1882254161110293, 
        "accumulated_operating_revenue": 2450185, 
        "long_term_average": 266465, 
        "date": "2014-09-30", 
        "operating_revenue": 253983, 
        "short_term_average": 270338
    }, 
    {
        "accumulated_operating_revenue_yoy": -2.8099196714137586, 
        "accumulated_operating_revenue": 2705109, 
        "long_term_average": 266671, 
        "date": "2014-10-31", 
        "operating_revenue": 254924, 
        "short_term_average": 264717
    }, 
    {
        "accumulated_operating_revenue_yoy": -1.361856625133014, 
        "accumulated_operating_revenue": 2979229, 
        "long_term_average": 269761, 
        "date": "2014-11-30", 
        "operating_revenue": 274120, 
        "short_term_average": 261009
    }, 
    {
        "accumulated_operating_revenue_yoy": -1.3584604074710138, 
        "accumulated_operating_revenue": 3233736, 
        "long_term_average": 269478, 
        "date": "2014-12-31", 
        "operating_revenue": 254507, 
        "short_term_average": 261183
    }, 
    {
        "accumulated_operating_revenue_yoy": -10.122386058141212, 
        "accumulated_operating_revenue": 286848, 
        "long_term_average": 266785, 
        "date": "2015-01-31", 
        "operating_revenue": 286848, 
        "short_term_average": 271825
    }, 
    {
        "accumulated_operating_revenue_yoy": 1.9072478312474068, 
        "accumulated_operating_revenue": 633645, 
        "long_term_average": 270466, 
        "date": "2015-02-28", 
        "operating_revenue": 346797, 
        "short_term_average": 296050
    }, 
    {
        "accumulated_operating_revenue_yoy": 2.346305696559504, 
        "accumulated_operating_revenue": 880081, 
        "long_term_average": 271159, 
        "date": "2015-03-31", 
        "operating_revenue": 246436, 
        "short_term_average": 293360
    }, 
    {
        "accumulated_operating_revenue_yoy": 1.1259295241712808, 
        "accumulated_operating_revenue": 1107515, 
        "long_term_average": 270505, 
        "date": "2015-04-30", 
        "operating_revenue": 227434, 
        "short_term_average": 273555
    }, 
    {
        "accumulated_operating_revenue_yoy": 0.3429237528856363, 
        "accumulated_operating_revenue": 1361807, 
        "long_term_average": 269865, 
        "date": "2015-05-31", 
        "operating_revenue": 254292, 
        "short_term_average": 242720
    }, 
    {
        "accumulated_operating_revenue_yoy": -1.5213187161795299, 
        "accumulated_operating_revenue": 1614233, 
        "long_term_average": 267399, 
        "date": "2015-06-30", 
        "operating_revenue": 252426, 
        "short_term_average": 244717
    }, 
    {
        "accumulated_operating_revenue_yoy": -2.0438461168127366, 
        "accumulated_operating_revenue": 1871899, 
        "long_term_average": 266223, 
        "date": "2015-07-31", 
        "operating_revenue": 257666, 
        "short_term_average": 254794
    }, 
    {
        "accumulated_operating_revenue_yoy": -2.341678953028911, 
        "accumulated_operating_revenue": 2144774, 
        "long_term_average": 265192, 
        "date": "2015-08-31", 
        "operating_revenue": 272875, 
        "short_term_average": 260989
    }, 
    {
        "accumulated_operating_revenue_yoy": -2.8346022851335717, 
        "accumulated_operating_revenue": 2380732, 
        "long_term_average": 263690, 
        "date": "2015-09-30", 
        "operating_revenue": 235958, 
        "short_term_average": 255499
    }, 
    {
        "accumulated_operating_revenue_yoy": -3.1613143869618563, 
        "accumulated_operating_revenue": 2619592, 
        "long_term_average": 262351, 
        "date": "2015-10-31", 
        "operating_revenue": 238860, 
        "short_term_average": 249231
    }
]