[
    {
        "date": "2011-09-30", 
        "operating_revenue": 291571, 
        "accumulated_operating_revenue": 291571, 
        "long_term_average": 291571, 
        "short_term_average": 291571
    }, 
    {
        "date": "2011-10-31", 
        "operating_revenue": 315602, 
        "accumulated_operating_revenue": 607173, 
        "long_term_average": 303586, 
        "short_term_average": 303586
    }, 
    {
        "date": "2011-11-30", 
        "operating_revenue": 309186, 
        "accumulated_operating_revenue": 916359, 
        "long_term_average": 305453, 
        "short_term_average": 305453
    }, 
    {
        "date": "2011-12-31", 
        "operating_revenue": 322087, 
        "accumulated_operating_revenue": 1238446, 
        "long_term_average": 309611, 
        "short_term_average": 315625
    }, 
    {
        "date": "2012-01-31", 
        "operating_revenue": 268582, 
        "accumulated_operating_revenue": 268582, 
        "long_term_average": 301405, 
        "short_term_average": 299951
    }, 
    {
        "date": "2012-02-29", 
        "operating_revenue": 320826, 
        "accumulated_operating_revenue": 589408, 
        "long_term_average": 304642, 
        "short_term_average": 303831
    }, 
    {
        "date": "2012-03-31", 
        "operating_revenue": 351546, 
        "accumulated_operating_revenue": 940954, 
        "long_term_average": 311342, 
        "short_term_average": 313651
    }, 
    {
        "date": "2012-04-30", 
        "operating_revenue": 378008, 
        "accumulated_operating_revenue": 1318962, 
        "long_term_average": 319676, 
        "short_term_average": 350126
    }, 
    {
        "date": "2012-05-31", 
        "operating_revenue": 365256, 
        "accumulated_operating_revenue": 1684218, 
        "long_term_average": 324740, 
        "short_term_average": 364936
    }, 
    {
        "date": "2012-06-30", 
        "operating_revenue": 319559, 
        "accumulated_operating_revenue": 2003777, 
        "long_term_average": 324222, 
        "short_term_average": 354274
    }, 
    {
        "date": "2012-07-31", 
        "operating_revenue": 313397, 
        "accumulated_operating_revenue": 2317174, 
        "long_term_average": 323238, 
        "short_term_average": 332737
    }, 
    {
        "date": "2012-08-31", 
        "operating_revenue": 311457, 
        "accumulated_operating_revenue": 2628631, 
        "long_term_average": 322256, 
        "short_term_average": 314804
    }, 
    {
        "accumulated_operating_revenue_yoy": 907.9640979384095, 
        "accumulated_operating_revenue": 2938931, 
        "long_term_average": 323817, 
        "date": "2012-09-30", 
        "operating_revenue": 310300, 
        "short_term_average": 311718
    }, 
    {
        "accumulated_operating_revenue_yoy": 431.94855502467993, 
        "accumulated_operating_revenue": 3229848, 
        "long_term_average": 321760, 
        "date": "2012-10-31", 
        "operating_revenue": 290917, 
        "short_term_average": 304224
    }, 
    {
        "accumulated_operating_revenue_yoy": 283.8497793986854, 
        "accumulated_operating_revenue": 3517442, 
        "long_term_average": 319960, 
        "date": "2012-11-30", 
        "operating_revenue": 287594, 
        "short_term_average": 296270
    }, 
    {
        "accumulated_operating_revenue_yoy": 206.41231026625303, 
        "accumulated_operating_revenue": 3794751, 
        "long_term_average": 316229, 
        "date": "2012-12-31", 
        "operating_revenue": 277309, 
        "short_term_average": 285273
    }, 
    {
        "accumulated_operating_revenue_yoy": 10.929995308695297, 
        "accumulated_operating_revenue": 297938, 
        "long_term_average": 318675, 
        "date": "2013-01-31", 
        "operating_revenue": 297938, 
        "short_term_average": 287613
    }, 
    {
        "accumulated_operating_revenue_yoy": -6.4695423204299916, 
        "accumulated_operating_revenue": 551276, 
        "long_term_average": 313051, 
        "date": "2013-02-28", 
        "operating_revenue": 253338, 
        "short_term_average": 276195
    }, 
    {
        "accumulated_operating_revenue_yoy": -3.989780584385634, 
        "accumulated_operating_revenue": 903412, 
        "long_term_average": 313100, 
        "date": "2013-03-31", 
        "operating_revenue": 352136, 
        "short_term_average": 301137
    }, 
    {
        "accumulated_operating_revenue_yoy": -5.523510154197012, 
        "accumulated_operating_revenue": 1246109, 
        "long_term_average": 310158, 
        "date": "2013-04-30", 
        "operating_revenue": 342697, 
        "short_term_average": 316057
    }, 
    {
        "accumulated_operating_revenue_yoy": -5.641728089831601, 
        "accumulated_operating_revenue": 1589199, 
        "long_term_average": 308311, 
        "date": "2013-05-31", 
        "operating_revenue": 343090, 
        "short_term_average": 345974
    }, 
    {
        "accumulated_operating_revenue_yoy": -3.8760301171238116, 
        "accumulated_operating_revenue": 1926110, 
        "long_term_average": 309757, 
        "date": "2013-06-30", 
        "operating_revenue": 336911, 
        "short_term_average": 340899
    }, 
    {
        "accumulated_operating_revenue_yoy": -2.8373786344918424, 
        "accumulated_operating_revenue": 2251427, 
        "long_term_average": 310750, 
        "date": "2013-07-31", 
        "operating_revenue": 325317, 
        "short_term_average": 335106
    }, 
    {
        "accumulated_operating_revenue_yoy": -1.777883620789681, 
        "accumulated_operating_revenue": 2581897, 
        "long_term_average": 312334, 
        "date": "2013-08-31", 
        "operating_revenue": 330470, 
        "short_term_average": 330899
    }, 
    {
        "accumulated_operating_revenue_yoy": -0.80229852283024, 
        "accumulated_operating_revenue": 2915352, 
        "long_term_average": 314264, 
        "date": "2013-09-30", 
        "operating_revenue": 333455, 
        "short_term_average": 329747
    }, 
    {
        "accumulated_operating_revenue_yoy": 0.9363598534667885, 
        "accumulated_operating_revenue": 3260091, 
        "long_term_average": 318749, 
        "date": "2013-10-31", 
        "operating_revenue": 344739, 
        "short_term_average": 336221
    }, 
    {
        "accumulated_operating_revenue_yoy": 1.833150340503127, 
        "accumulated_operating_revenue": 3581922, 
        "long_term_average": 321602, 
        "date": "2013-11-30", 
        "operating_revenue": 321831, 
        "short_term_average": 333341
    }, 
    {
        "accumulated_operating_revenue_yoy": 4.084484067597584, 
        "accumulated_operating_revenue": 3949747, 
        "long_term_average": 329145, 
        "date": "2013-12-31", 
        "operating_revenue": 367825, 
        "short_term_average": 344798
    }, 
    {
        "accumulated_operating_revenue_yoy": 13.689760956977626, 
        "accumulated_operating_revenue": 338725, 
        "long_term_average": 332544, 
        "date": "2014-01-31", 
        "operating_revenue": 338725, 
        "short_term_average": 342793
    }, 
    {
        "accumulated_operating_revenue_yoy": 17.51899230149689, 
        "accumulated_operating_revenue": 647854, 
        "long_term_average": 337193, 
        "date": "2014-02-28", 
        "operating_revenue": 309129, 
        "short_term_average": 338559
    }, 
    {
        "accumulated_operating_revenue_yoy": 13.67515596427765, 
        "accumulated_operating_revenue": 1026955, 
        "long_term_average": 339440, 
        "date": "2014-03-31", 
        "operating_revenue": 379101, 
        "short_term_average": 342318
    }, 
    {
        "accumulated_operating_revenue_yoy": 14.26127248900377, 
        "accumulated_operating_revenue": 1423820, 
        "long_term_average": 343954, 
        "date": "2014-04-30", 
        "operating_revenue": 396865, 
        "short_term_average": 361698
    }, 
    {
        "accumulated_operating_revenue_yoy": 13.521717544498832, 
        "accumulated_operating_revenue": 1804086, 
        "long_term_average": 347052, 
        "date": "2014-05-31", 
        "operating_revenue": 380266, 
        "short_term_average": 385410
    }, 
    {
        "accumulated_operating_revenue_yoy": 12.07314224005898, 
        "accumulated_operating_revenue": 2158652, 
        "long_term_average": 348524, 
        "date": "2014-06-30", 
        "operating_revenue": 354566, 
        "short_term_average": 377232
    }, 
    {
        "accumulated_operating_revenue_yoy": 12.542134388545575, 
        "accumulated_operating_revenue": 2533804, 
        "long_term_average": 352677, 
        "date": "2014-07-31", 
        "operating_revenue": 375152, 
        "short_term_average": 369994
    }, 
    {
        "accumulated_operating_revenue_yoy": 10.602708008878743, 
        "accumulated_operating_revenue": 2855648, 
        "long_term_average": 351958, 
        "date": "2014-08-31", 
        "operating_revenue": 321844, 
        "short_term_average": 350520
    }, 
    {
        "accumulated_operating_revenue_yoy": 9.34171928466957, 
        "accumulated_operating_revenue": 3187696, 
        "long_term_average": 351840, 
        "date": "2014-09-30", 
        "operating_revenue": 332048, 
        "short_term_average": 343014
    }, 
    {
        "accumulated_operating_revenue_yoy": 7.470036879338644, 
        "accumulated_operating_revenue": 3503621, 
        "long_term_average": 349439, 
        "date": "2014-10-31", 
        "operating_revenue": 315925, 
        "short_term_average": 323272
    }, 
    {
        "accumulated_operating_revenue_yoy": 7.194656946745351, 
        "accumulated_operating_revenue": 3839629, 
        "long_term_average": 350621, 
        "date": "2014-11-30", 
        "operating_revenue": 336008, 
        "short_term_average": 327993
    }, 
    {
        "accumulated_operating_revenue_yoy": 6.414993162853215, 
        "accumulated_operating_revenue": 4203123, 
        "long_term_average": 350260, 
        "date": "2014-12-31", 
        "operating_revenue": 363494, 
        "short_term_average": 338475
    }, 
    {
        "accumulated_operating_revenue_yoy": -3.1361724112480625, 
        "accumulated_operating_revenue": 328102, 
        "long_term_average": 349375, 
        "date": "2015-01-31", 
        "operating_revenue": 328102, 
        "short_term_average": 342534
    }, 
    {
        "accumulated_operating_revenue_yoy": -8.967452543319945, 
        "accumulated_operating_revenue": 589758, 
        "long_term_average": 345418, 
        "date": "2015-02-28", 
        "operating_revenue": 261656, 
        "short_term_average": 317750
    }, 
    {
        "accumulated_operating_revenue_yoy": -5.395952110851985, 
        "accumulated_operating_revenue": 971541, 
        "long_term_average": 345642, 
        "date": "2015-03-31", 
        "operating_revenue": 381783, 
        "short_term_average": 323847
    }, 
    {
        "accumulated_operating_revenue_yoy": -1.792010226011715, 
        "accumulated_operating_revenue": 1398305, 
        "long_term_average": 348134, 
        "date": "2015-04-30", 
        "operating_revenue": 426764, 
        "short_term_average": 356734
    }, 
    {
        "accumulated_operating_revenue_yoy": -0.8666992593479469, 
        "accumulated_operating_revenue": 1788450, 
        "long_term_average": 348957, 
        "date": "2015-05-31", 
        "operating_revenue": 390145, 
        "short_term_average": 399564
    }, 
    {
        "accumulated_operating_revenue_yoy": -1.8312817443478617, 
        "accumulated_operating_revenue": 2119121, 
        "long_term_average": 346966, 
        "date": "2015-06-30", 
        "operating_revenue": 330671, 
        "short_term_average": 382526
    }, 
    {
        "accumulated_operating_revenue_yoy": -3.4392162929729375, 
        "accumulated_operating_revenue": 2446661, 
        "long_term_average": 342998, 
        "date": "2015-07-31", 
        "operating_revenue": 327540, 
        "short_term_average": 349452
    }, 
    {
        "accumulated_operating_revenue_yoy": -4.163748473201179, 
        "accumulated_operating_revenue": 2736746, 
        "long_term_average": 340351, 
        "date": "2015-08-31", 
        "operating_revenue": 290085, 
        "short_term_average": 316098
    }, 
    {
        "accumulated_operating_revenue_yoy": -4.8484548087396035, 
        "accumulated_operating_revenue": 3033142, 
        "long_term_average": 337380, 
        "date": "2015-09-30", 
        "operating_revenue": 296396, 
        "short_term_average": 304673
    }
]