[
    {
        "date": "2012-01-31", 
        "operating_revenue": 1094756, 
        "accumulated_operating_revenue": 1094756, 
        "long_term_average": 1094756, 
        "short_term_average": 1094756
    }, 
    {
        "date": "2012-02-29", 
        "operating_revenue": 1098518, 
        "accumulated_operating_revenue": 2193274, 
        "long_term_average": 1096637, 
        "short_term_average": 1096637
    }, 
    {
        "date": "2012-03-31", 
        "operating_revenue": 1059131, 
        "accumulated_operating_revenue": 3252405, 
        "long_term_average": 1084135, 
        "short_term_average": 1084135
    }, 
    {
        "date": "2012-04-30", 
        "operating_revenue": 791617, 
        "accumulated_operating_revenue": 4044022, 
        "long_term_average": 1011005, 
        "short_term_average": 983088
    }, 
    {
        "date": "2012-05-31", 
        "operating_revenue": 1122523, 
        "accumulated_operating_revenue": 5166545, 
        "long_term_average": 1033309, 
        "short_term_average": 991090
    }, 
    {
        "date": "2012-06-30", 
        "operating_revenue": 947028, 
        "accumulated_operating_revenue": 6113573, 
        "long_term_average": 1018928, 
        "short_term_average": 953722
    }, 
    {
        "date": "2012-07-31", 
        "operating_revenue": 1396988, 
        "accumulated_operating_revenue": 7510561, 
        "long_term_average": 1072937, 
        "short_term_average": 1155513
    }, 
    {
        "date": "2012-08-31", 
        "operating_revenue": 1130035, 
        "accumulated_operating_revenue": 8640596, 
        "long_term_average": 1080074, 
        "short_term_average": 1158017
    }, 
    {
        "date": "2012-09-30", 
        "operating_revenue": 1006799, 
        "accumulated_operating_revenue": 9647395, 
        "long_term_average": 1071932, 
        "short_term_average": 1177940
    }, 
    {
        "date": "2012-10-31", 
        "operating_revenue": 1149596, 
        "accumulated_operating_revenue": 10796991, 
        "long_term_average": 1079699, 
        "short_term_average": 1095476
    }, 
    {
        "date": "2012-11-30", 
        "operating_revenue": 1039773, 
        "accumulated_operating_revenue": 11836764, 
        "long_term_average": 1076069, 
        "short_term_average": 1065389
    }, 
    {
        "date": "2012-12-31", 
        "operating_revenue": 1501804, 
        "accumulated_operating_revenue": 13338568, 
        "long_term_average": 1111547, 
        "short_term_average": 1230391
    }, 
    {
        "accumulated_operating_revenue_yoy": 17.738564575119938, 
        "accumulated_operating_revenue": 1288950, 
        "long_term_average": 1127730, 
        "date": "2013-01-31", 
        "operating_revenue": 1288950, 
        "short_term_average": 1276842
    }, 
    {
        "accumulated_operating_revenue_yoy": 3.980031678668511, 
        "accumulated_operating_revenue": 2280567, 
        "long_term_average": 1118821, 
        "date": "2013-02-28", 
        "operating_revenue": 991617, 
        "short_term_average": 1260790
    }, 
    {
        "accumulated_operating_revenue_yoy": 8.777996590215547, 
        "accumulated_operating_revenue": 3537901, 
        "long_term_average": 1135338, 
        "date": "2013-03-31", 
        "operating_revenue": 1257334, 
        "short_term_average": 1179300
    }, 
    {
        "accumulated_operating_revenue_yoy": 18.513474951422122, 
        "accumulated_operating_revenue": 4792711, 
        "long_term_average": 1173938, 
        "date": "2013-04-30", 
        "operating_revenue": 1254810, 
        "short_term_average": 1167920
    }, 
    {
        "accumulated_operating_revenue_yoy": 17.568878234874564, 
        "accumulated_operating_revenue": 6074249, 
        "long_term_average": 1187189, 
        "date": "2013-05-31", 
        "operating_revenue": 1281538, 
        "short_term_average": 1264560
    }, 
    {
        "accumulated_operating_revenue_yoy": 17.885171241105652, 
        "accumulated_operating_revenue": 7206996, 
        "long_term_average": 1202665, 
        "date": "2013-06-30", 
        "operating_revenue": 1132747, 
        "short_term_average": 1223031
    }, 
    {
        "accumulated_operating_revenue_yoy": 10.047132298106625, 
        "accumulated_operating_revenue": 8265157, 
        "long_term_average": 1174430, 
        "date": "2013-07-31", 
        "operating_revenue": 1058161, 
        "short_term_average": 1157482
    }, 
    {
        "accumulated_operating_revenue_yoy": 10.75865600011851, 
        "accumulated_operating_revenue": 9570208, 
        "long_term_average": 1189015, 
        "date": "2013-08-31", 
        "operating_revenue": 1305051, 
        "short_term_average": 1165319
    }, 
    {
        "accumulated_operating_revenue_yoy": 12.099245443977363, 
        "accumulated_operating_revenue": 10814657, 
        "long_term_average": 1208819, 
        "date": "2013-09-30", 
        "operating_revenue": 1244449, 
        "short_term_average": 1202553
    }, 
    {
        "accumulated_operating_revenue_yoy": 10.118458003716036, 
        "accumulated_operating_revenue": 11889480, 
        "long_term_average": 1202588, 
        "date": "2013-10-31", 
        "operating_revenue": 1074823, 
        "short_term_average": 1208107
    }, 
    {
        "accumulated_operating_revenue_yoy": 10.222895379176268, 
        "accumulated_operating_revenue": 13046824, 
        "long_term_average": 1212385, 
        "date": "2013-11-30", 
        "operating_revenue": 1157344, 
        "short_term_average": 1158872
    }, 
    {
        "accumulated_operating_revenue_yoy": 13.193350290675882, 
        "accumulated_operating_revenue": 15098372, 
        "long_term_average": 1258197, 
        "date": "2013-12-31", 
        "operating_revenue": 2051548, 
        "short_term_average": 1427905
    }, 
    {
        "accumulated_operating_revenue_yoy": -12.092012878699716, 
        "accumulated_operating_revenue": 1133090, 
        "long_term_average": 1245209, 
        "date": "2014-01-31", 
        "operating_revenue": 1133090, 
        "short_term_average": 1447327
    }, 
    {
        "accumulated_operating_revenue_yoy": -15.149653572993033, 
        "accumulated_operating_revenue": 1935069, 
        "long_term_average": 1229406, 
        "date": "2014-02-28", 
        "operating_revenue": 801979, 
        "short_term_average": 1328872
    }, 
    {
        "accumulated_operating_revenue_yoy": -16.10118542039475, 
        "accumulated_operating_revenue": 2968257, 
        "long_term_average": 1210727, 
        "date": "2014-03-31", 
        "operating_revenue": 1033188, 
        "short_term_average": 989419
    }, 
    {
        "accumulated_operating_revenue_yoy": -16.93538375253588, 
        "accumulated_operating_revenue": 3981047, 
        "long_term_average": 1190559, 
        "date": "2014-04-30", 
        "operating_revenue": 1012790, 
        "short_term_average": 949319
    }, 
    {
        "accumulated_operating_revenue_yoy": -17.825742737908833, 
        "accumulated_operating_revenue": 4991469, 
        "long_term_average": 1167966, 
        "date": "2014-05-31", 
        "operating_revenue": 1010422, 
        "short_term_average": 1018800
    }, 
    {
        "accumulated_operating_revenue_yoy": -11.56501266269608, 
        "accumulated_operating_revenue": 6373506, 
        "long_term_average": 1188740, 
        "date": "2014-06-30", 
        "operating_revenue": 1382037, 
        "short_term_average": 1135083
    }, 
    {
        "accumulated_operating_revenue_yoy": -10.488560592375922, 
        "accumulated_operating_revenue": 7398261, 
        "long_term_average": 1185956, 
        "date": "2014-07-31", 
        "operating_revenue": 1024755, 
        "short_term_average": 1139071
    }, 
    {
        "accumulated_operating_revenue_yoy": -11.89348235691429, 
        "accumulated_operating_revenue": 8431977, 
        "long_term_average": 1163345, 
        "date": "2014-08-31", 
        "operating_revenue": 1033716, 
        "short_term_average": 1146836
    }, 
    {
        "accumulated_operating_revenue_yoy": -13.300532786199321, 
        "accumulated_operating_revenue": 9376250, 
        "long_term_average": 1138330, 
        "date": "2014-09-30", 
        "operating_revenue": 944273, 
        "short_term_average": 1000914
    }, 
    {
        "accumulated_operating_revenue_yoy": -12.639207097366748, 
        "accumulated_operating_revenue": 10386744, 
        "long_term_average": 1132969, 
        "date": "2014-10-31", 
        "operating_revenue": 1010494, 
        "short_term_average": 996161
    }, 
    {
        "accumulated_operating_revenue_yoy": -13.216779807867415, 
        "accumulated_operating_revenue": 11322454, 
        "long_term_average": 1114500, 
        "date": "2014-11-30", 
        "operating_revenue": 935710, 
        "short_term_average": 963492
    }, 
    {
        "accumulated_operating_revenue_yoy": -18.39695034669963, 
        "accumulated_operating_revenue": 12320732, 
        "long_term_average": 1026727, 
        "date": "2014-12-31", 
        "operating_revenue": 998278, 
        "short_term_average": 981494
    }, 
    {
        "accumulated_operating_revenue_yoy": -23.720181097706273, 
        "accumulated_operating_revenue": 864319, 
        "long_term_average": 1004330, 
        "date": "2015-01-31", 
        "operating_revenue": 864319, 
        "short_term_average": 932769
    }, 
    {
        "accumulated_operating_revenue_yoy": -27.911717876726875, 
        "accumulated_operating_revenue": 1394958, 
        "long_term_average": 981718, 
        "date": "2015-02-28", 
        "operating_revenue": 530639, 
        "short_term_average": 797745
    }, 
    {
        "accumulated_operating_revenue_yoy": -26.98829649858486, 
        "accumulated_operating_revenue": 2167175, 
        "long_term_average": 959970, 
        "date": "2015-03-31", 
        "operating_revenue": 772217, 
        "short_term_average": 722391
    }, 
    {
        "accumulated_operating_revenue_yoy": -29.771414404301176, 
        "accumulated_operating_revenue": 2795833, 
        "long_term_average": 927959, 
        "date": "2015-04-30", 
        "operating_revenue": 628658, 
        "short_term_average": 643838
    }, 
    {
        "accumulated_operating_revenue_yoy": -30.84598942716062, 
        "accumulated_operating_revenue": 3451801, 
        "long_term_average": 898422, 
        "date": "2015-05-31", 
        "operating_revenue": 655968, 
        "short_term_average": 685614
    }, 
    {
        "accumulated_operating_revenue_yoy": -36.48163193068305, 
        "accumulated_operating_revenue": 4048347, 
        "long_term_average": 832964, 
        "date": "2015-06-30", 
        "operating_revenue": 596546, 
        "short_term_average": 627057
    }, 
    {
        "accumulated_operating_revenue_yoy": -33.40571520793873, 
        "accumulated_operating_revenue": 4926819, 
        "long_term_average": 820774, 
        "date": "2015-07-31", 
        "operating_revenue": 878472, 
        "short_term_average": 710328
    }, 
    {
        "accumulated_operating_revenue_yoy": -30.096536079261128, 
        "accumulated_operating_revenue": 5894244, 
        "long_term_average": 815249, 
        "date": "2015-08-31", 
        "operating_revenue": 967425, 
        "short_term_average": 814147
    }
]