[
    {
        "date": "2012-01-31", 
        "operating_revenue": 7591, 
        "accumulated_operating_revenue": 7591, 
        "long_term_average": 7591, 
        "short_term_average": 7591
    }, 
    {
        "date": "2012-02-29", 
        "operating_revenue": 6457, 
        "accumulated_operating_revenue": 14048, 
        "long_term_average": 7024, 
        "short_term_average": 7024
    }, 
    {
        "date": "2012-03-31", 
        "operating_revenue": 7407, 
        "accumulated_operating_revenue": 21455, 
        "long_term_average": 7151, 
        "short_term_average": 7151
    }, 
    {
        "date": "2012-04-30", 
        "operating_revenue": 6242, 
        "accumulated_operating_revenue": 27697, 
        "long_term_average": 6924, 
        "short_term_average": 6702
    }, 
    {
        "date": "2012-05-31", 
        "operating_revenue": 265299, 
        "accumulated_operating_revenue": 292996, 
        "long_term_average": 58599, 
        "short_term_average": 92982
    }, 
    {
        "date": "2012-06-30", 
        "operating_revenue": 251586, 
        "accumulated_operating_revenue": 544582, 
        "long_term_average": 90763, 
        "short_term_average": 174375
    }, 
    {
        "date": "2012-07-31", 
        "operating_revenue": 145579, 
        "accumulated_operating_revenue": 690161, 
        "long_term_average": 98594, 
        "short_term_average": 220821
    }, 
    {
        "date": "2012-08-31", 
        "operating_revenue": 127484, 
        "accumulated_operating_revenue": 817645, 
        "long_term_average": 102205, 
        "short_term_average": 174883
    }, 
    {
        "date": "2012-09-30", 
        "operating_revenue": 43027, 
        "accumulated_operating_revenue": 860672, 
        "long_term_average": 95630, 
        "short_term_average": 105363
    }, 
    {
        "date": "2012-10-31", 
        "operating_revenue": 83068, 
        "accumulated_operating_revenue": 943740, 
        "long_term_average": 94374, 
        "short_term_average": 84526
    }, 
    {
        "date": "2012-11-30", 
        "operating_revenue": 28531, 
        "accumulated_operating_revenue": 972271, 
        "long_term_average": 88388, 
        "short_term_average": 51542
    }, 
    {
        "date": "2012-12-31", 
        "operating_revenue": 1010750, 
        "accumulated_operating_revenue": 1983021, 
        "long_term_average": 165251, 
        "short_term_average": 374116
    }, 
    {
        "accumulated_operating_revenue_yoy": 6747.503622711105, 
        "accumulated_operating_revenue": 519794, 
        "long_term_average": 207935, 
        "date": "2013-01-31", 
        "operating_revenue": 519794, 
        "short_term_average": 519691
    }, 
    {
        "accumulated_operating_revenue_yoy": 4860.293280182233, 
        "accumulated_operating_revenue": 696822, 
        "long_term_average": 222149, 
        "date": "2013-02-28", 
        "operating_revenue": 177028, 
        "short_term_average": 569190
    }, 
    {
        "accumulated_operating_revenue_yoy": 6741.896993707761, 
        "accumulated_operating_revenue": 1467929, 
        "long_term_average": 285791, 
        "date": "2013-03-31", 
        "operating_revenue": 771107, 
        "short_term_average": 489309
    }, 
    {
        "accumulated_operating_revenue_yoy": 7246.362421922951, 
        "accumulated_operating_revenue": 2034722, 
        "long_term_average": 332503, 
        "date": "2013-04-30", 
        "operating_revenue": 566793, 
        "short_term_average": 504976
    }, 
    {
        "accumulated_operating_revenue_yoy": 808.0584717880107, 
        "accumulated_operating_revenue": 2660575, 
        "long_term_average": 362550, 
        "date": "2013-05-31", 
        "operating_revenue": 625853, 
        "short_term_average": 654584
    }, 
    {
        "accumulated_operating_revenue_yoy": 427.3325229258404, 
        "accumulated_operating_revenue": 2871758, 
        "long_term_average": 359183, 
        "date": "2013-06-30", 
        "operating_revenue": 211183, 
        "short_term_average": 467943
    }, 
    {
        "accumulated_operating_revenue_yoy": 348.14630209472864, 
        "accumulated_operating_revenue": 3092931, 
        "long_term_average": 365482, 
        "date": "2013-07-31", 
        "operating_revenue": 221173, 
        "short_term_average": 352736
    }, 
    {
        "accumulated_operating_revenue_yoy": 454.87454824526543, 
        "accumulated_operating_revenue": 4536904, 
        "long_term_average": 475190, 
        "date": "2013-08-31", 
        "operating_revenue": 1443973, 
        "short_term_average": 625443
    }, 
    {
        "accumulated_operating_revenue_yoy": 470.76551810678166, 
        "accumulated_operating_revenue": 4912419, 
        "long_term_average": 502897, 
        "date": "2013-09-30", 
        "operating_revenue": 375515, 
        "short_term_average": 680220
    }, 
    {
        "accumulated_operating_revenue_yoy": 435.3239239621082, 
        "accumulated_operating_revenue": 5052066, 
        "long_term_average": 507612, 
        "date": "2013-10-31", 
        "operating_revenue": 139647, 
        "short_term_average": 653045
    }, 
    {
        "accumulated_operating_revenue_yoy": 459.03415817194997, 
        "accumulated_operating_revenue": 5435327, 
        "long_term_average": 537173, 
        "date": "2013-11-30", 
        "operating_revenue": 383261, 
        "short_term_average": 299474
    }, 
    {
        "accumulated_operating_revenue_yoy": 176.89772322128712, 
        "accumulated_operating_revenue": 5490940, 
        "long_term_average": 457578, 
        "date": "2013-12-31", 
        "operating_revenue": 55613, 
        "short_term_average": 192840
    }, 
    {
        "accumulated_operating_revenue_yoy": -90.65956898309715, 
        "accumulated_operating_revenue": 48551, 
        "long_term_average": 418308, 
        "date": "2014-01-31", 
        "operating_revenue": 48551, 
        "short_term_average": 162475
    }, 
    {
        "accumulated_operating_revenue_yoy": -31.93728096988901, 
        "accumulated_operating_revenue": 474276, 
        "long_term_average": 439032, 
        "date": "2014-02-28", 
        "operating_revenue": 425725, 
        "short_term_average": 176629
    }, 
    {
        "accumulated_operating_revenue_yoy": -67.34814830962533, 
        "accumulated_operating_revenue": 479306, 
        "long_term_average": 375193, 
        "date": "2014-03-31", 
        "operating_revenue": 5030, 
        "short_term_average": 159768
    }, 
    {
        "accumulated_operating_revenue_yoy": -76.18308545344277, 
        "accumulated_operating_revenue": 484608, 
        "long_term_average": 328402, 
        "date": "2014-04-30", 
        "operating_revenue": 5302, 
        "short_term_average": 145352
    }, 
    {
        "accumulated_operating_revenue_yoy": -81.56481211768133, 
        "accumulated_operating_revenue": 490482, 
        "long_term_average": 276737, 
        "date": "2014-05-31", 
        "operating_revenue": 5874, 
        "short_term_average": 5402
    }, 
    {
        "accumulated_operating_revenue_yoy": -82.32389358713374, 
        "accumulated_operating_revenue": 507615, 
        "long_term_average": 260566, 
        "date": "2014-06-30", 
        "operating_revenue": 17133, 
        "short_term_average": 9436
    }, 
    {
        "accumulated_operating_revenue_yoy": -83.35582009427304, 
        "accumulated_operating_revenue": 514793, 
        "long_term_average": 242733, 
        "date": "2014-07-31", 
        "operating_revenue": 7178, 
        "short_term_average": 10061
    }, 
    {
        "accumulated_operating_revenue_yoy": -88.56603534039952, 
        "accumulated_operating_revenue": 518748, 
        "long_term_average": 122732, 
        "date": "2014-08-31", 
        "operating_revenue": 3955, 
        "short_term_average": 9422
    }, 
    {
        "accumulated_operating_revenue_yoy": -89.31858214863186, 
        "accumulated_operating_revenue": 524716, 
        "long_term_average": 91936, 
        "date": "2014-09-30", 
        "operating_revenue": 5968, 
        "short_term_average": 5700
    }, 
    {
        "accumulated_operating_revenue_yoy": -89.51033102101201, 
        "accumulated_operating_revenue": 529945, 
        "long_term_average": 80734, 
        "date": "2014-10-31", 
        "operating_revenue": 5229, 
        "short_term_average": 5050
    }, 
    {
        "accumulated_operating_revenue_yoy": -90.16598265384953, 
        "accumulated_operating_revenue": 534511, 
        "long_term_average": 49177, 
        "date": "2014-11-30", 
        "operating_revenue": 4566, 
        "short_term_average": 5254
    }, 
    {
        "accumulated_operating_revenue_yoy": -88.3171187446958, 
        "accumulated_operating_revenue": 641500, 
        "long_term_average": 53458, 
        "date": "2014-12-31", 
        "operating_revenue": 106989, 
        "short_term_average": 38928
    }, 
    {
        "accumulated_operating_revenue_yoy": 44.159749541719016, 
        "accumulated_operating_revenue": 69991, 
        "long_term_average": 55245, 
        "date": "2015-01-31", 
        "operating_revenue": 69991, 
        "short_term_average": 60515
    }, 
    {
        "accumulated_operating_revenue_yoy": -81.7367946090462, 
        "accumulated_operating_revenue": 86618, 
        "long_term_average": 21153, 
        "date": "2015-02-28", 
        "operating_revenue": 16627, 
        "short_term_average": 64535
    }, 
    {
        "accumulated_operating_revenue_yoy": -71.27763891960458, 
        "accumulated_operating_revenue": 137668, 
        "long_term_average": 24988, 
        "date": "2015-03-31", 
        "operating_revenue": 51050, 
        "short_term_average": 45889
    }, 
    {
        "accumulated_operating_revenue_yoy": -67.48093304278923, 
        "accumulated_operating_revenue": 157590, 
        "long_term_average": 26206, 
        "date": "2015-04-30", 
        "operating_revenue": 19922, 
        "short_term_average": 29199
    }, 
    {
        "accumulated_operating_revenue_yoy": -50.67831235397018, 
        "accumulated_operating_revenue": 241914, 
        "long_term_average": 32744, 
        "date": "2015-05-31", 
        "operating_revenue": 84324, 
        "short_term_average": 51765
    }, 
    {
        "accumulated_operating_revenue_yoy": -16.227849846832736, 
        "accumulated_operating_revenue": 425240, 
        "long_term_average": 46593, 
        "date": "2015-06-30", 
        "operating_revenue": 183326, 
        "short_term_average": 95857
    }, 
    {
        "accumulated_operating_revenue_yoy": 186.8047933829714, 
        "accumulated_operating_revenue": 1476451, 
        "long_term_average": 133596, 
        "date": "2015-07-31", 
        "operating_revenue": 1051211, 
        "short_term_average": 439620
    }, 
    {
        "accumulated_operating_revenue_yoy": 390.8976998465536, 
        "accumulated_operating_revenue": 2546522, 
        "long_term_average": 222439, 
        "date": "2015-08-31", 
        "operating_revenue": 1070071, 
        "short_term_average": 768202
    }, 
    {
        "accumulated_operating_revenue_yoy": 518.9761699662293, 
        "accumulated_operating_revenue": 3247867, 
        "long_term_average": 280387, 
        "date": "2015-09-30", 
        "operating_revenue": 701345, 
        "short_term_average": 940875
    }
]