[
    {
        "date": "2011-09-30", 
        "operating_revenue": 40783, 
        "accumulated_operating_revenue": 40783, 
        "long_term_average": 40783, 
        "short_term_average": 40783
    }, 
    {
        "date": "2011-10-31", 
        "operating_revenue": 40672, 
        "accumulated_operating_revenue": 81455, 
        "long_term_average": 40727, 
        "short_term_average": 40727
    }, 
    {
        "date": "2011-11-30", 
        "operating_revenue": 47629, 
        "accumulated_operating_revenue": 129084, 
        "long_term_average": 43028, 
        "short_term_average": 43028
    }, 
    {
        "date": "2011-12-31", 
        "operating_revenue": 65068, 
        "accumulated_operating_revenue": 194152, 
        "long_term_average": 48538, 
        "short_term_average": 51123
    }, 
    {
        "date": "2012-01-31", 
        "operating_revenue": 71233, 
        "accumulated_operating_revenue": 71233, 
        "long_term_average": 53077, 
        "short_term_average": 61310
    }, 
    {
        "date": "2012-02-29", 
        "operating_revenue": 47787, 
        "accumulated_operating_revenue": 119020, 
        "long_term_average": 52195, 
        "short_term_average": 61362
    }, 
    {
        "date": "2012-03-31", 
        "operating_revenue": 43301, 
        "accumulated_operating_revenue": 162321, 
        "long_term_average": 50924, 
        "short_term_average": 54107
    }, 
    {
        "date": "2012-04-30", 
        "operating_revenue": 45392, 
        "accumulated_operating_revenue": 207713, 
        "long_term_average": 50233, 
        "short_term_average": 45493
    }, 
    {
        "date": "2012-05-31", 
        "operating_revenue": 45410, 
        "accumulated_operating_revenue": 253123, 
        "long_term_average": 49697, 
        "short_term_average": 44701
    }, 
    {
        "date": "2012-06-30", 
        "operating_revenue": 52133, 
        "accumulated_operating_revenue": 305256, 
        "long_term_average": 49940, 
        "short_term_average": 47645
    }, 
    {
        "date": "2012-07-31", 
        "operating_revenue": 46842, 
        "accumulated_operating_revenue": 352098, 
        "long_term_average": 49659, 
        "short_term_average": 48128
    }, 
    {
        "date": "2012-08-31", 
        "operating_revenue": 39309, 
        "accumulated_operating_revenue": 391407, 
        "long_term_average": 48796, 
        "short_term_average": 46094
    }, 
    {
        "accumulated_operating_revenue_yoy": 957.6294044086998, 
        "accumulated_operating_revenue": 431333, 
        "long_term_average": 48725, 
        "date": "2012-09-30", 
        "operating_revenue": 39926, 
        "short_term_average": 42025
    }, 
    {
        "accumulated_operating_revenue_yoy": 495.6970106193604, 
        "accumulated_operating_revenue": 485225, 
        "long_term_average": 49826, 
        "date": "2012-10-31", 
        "operating_revenue": 53892, 
        "short_term_average": 44375
    }, 
    {
        "accumulated_operating_revenue_yoy": 315.4759691363763, 
        "accumulated_operating_revenue": 536313, 
        "long_term_average": 50115, 
        "date": "2012-11-30", 
        "operating_revenue": 51088, 
        "short_term_average": 48302
    }, 
    {
        "accumulated_operating_revenue_yoy": 213.5311508508797, 
        "accumulated_operating_revenue": 608727, 
        "long_term_average": 50727, 
        "date": "2012-12-31", 
        "operating_revenue": 72414, 
        "short_term_average": 59131
    }, 
    {
        "accumulated_operating_revenue_yoy": -24.331419426389456, 
        "accumulated_operating_revenue": 53901, 
        "long_term_average": 49282, 
        "date": "2013-01-31", 
        "operating_revenue": 53901, 
        "short_term_average": 59134
    }, 
    {
        "accumulated_operating_revenue_yoy": -24.067383633002855, 
        "accumulated_operating_revenue": 90375, 
        "long_term_average": 48340, 
        "date": "2013-02-28", 
        "operating_revenue": 36474, 
        "short_term_average": 54263
    }, 
    {
        "accumulated_operating_revenue_yoy": -13.605140431613902, 
        "accumulated_operating_revenue": 140237, 
        "long_term_average": 48886, 
        "date": "2013-03-31", 
        "operating_revenue": 49862, 
        "short_term_average": 46745
    }, 
    {
        "accumulated_operating_revenue_yoy": -13.302970926229943, 
        "accumulated_operating_revenue": 180081, 
        "long_term_average": 48424, 
        "date": "2013-04-30", 
        "operating_revenue": 39844, 
        "short_term_average": 42060
    }, 
    {
        "accumulated_operating_revenue_yoy": -14.137000588646625, 
        "accumulated_operating_revenue": 217339, 
        "long_term_average": 47745, 
        "date": "2013-05-31", 
        "operating_revenue": 37258, 
        "short_term_average": 42321
    }, 
    {
        "accumulated_operating_revenue_yoy": -13.850669601907907, 
        "accumulated_operating_revenue": 262976, 
        "long_term_average": 47203, 
        "date": "2013-06-30", 
        "operating_revenue": 45637, 
        "short_term_average": 40913
    }, 
    {
        "accumulated_operating_revenue_yoy": -13.36928923197519, 
        "accumulated_operating_revenue": 305025, 
        "long_term_average": 46804, 
        "date": "2013-07-31", 
        "operating_revenue": 42049, 
        "short_term_average": 41648
    }, 
    {
        "accumulated_operating_revenue_yoy": -13.427710797200868, 
        "accumulated_operating_revenue": 338850, 
        "long_term_average": 46347, 
        "date": "2013-08-31", 
        "operating_revenue": 33825, 
        "short_term_average": 40503
    }, 
    {
        "accumulated_operating_revenue_yoy": -11.766778799674498, 
        "accumulated_operating_revenue": 380579, 
        "long_term_average": 46497, 
        "date": "2013-09-30", 
        "operating_revenue": 41729, 
        "short_term_average": 39201
    }, 
    {
        "accumulated_operating_revenue_yoy": -11.493430882580247, 
        "accumulated_operating_revenue": 429456, 
        "long_term_average": 46079, 
        "date": "2013-10-31", 
        "operating_revenue": 48877, 
        "short_term_average": 41477
    }, 
    {
        "accumulated_operating_revenue_yoy": -10.175028388273265, 
        "accumulated_operating_revenue": 481743, 
        "long_term_average": 46179, 
        "date": "2013-11-30", 
        "operating_revenue": 52287, 
        "short_term_average": 47631
    }, 
    {
        "accumulated_operating_revenue_yoy": -10.029290634389472, 
        "accumulated_operating_revenue": 547676, 
        "long_term_average": 45639, 
        "date": "2013-12-31", 
        "operating_revenue": 65933, 
        "short_term_average": 55699
    }, 
    {
        "accumulated_operating_revenue_yoy": 16.871672139663456, 
        "accumulated_operating_revenue": 62995, 
        "long_term_average": 46397, 
        "date": "2014-01-31", 
        "operating_revenue": 62995, 
        "short_term_average": 60405
    }, 
    {
        "accumulated_operating_revenue_yoy": 10.551590594744122, 
        "accumulated_operating_revenue": 99911, 
        "long_term_average": 46434, 
        "date": "2014-02-28", 
        "operating_revenue": 36916, 
        "short_term_average": 55281
    }, 
    {
        "accumulated_operating_revenue_yoy": -1.4789249627416445, 
        "accumulated_operating_revenue": 138163, 
        "long_term_average": 45466, 
        "date": "2014-03-31", 
        "operating_revenue": 38252, 
        "short_term_average": 46054
    }, 
    {
        "accumulated_operating_revenue_yoy": -5.889571914860535, 
        "accumulated_operating_revenue": 169475, 
        "long_term_average": 44755, 
        "date": "2014-04-30", 
        "operating_revenue": 31312, 
        "short_term_average": 35493
    }, 
    {
        "accumulated_operating_revenue_yoy": -4.949410828245275, 
        "accumulated_operating_revenue": 206582, 
        "long_term_average": 44743, 
        "date": "2014-05-31", 
        "operating_revenue": 37107, 
        "short_term_average": 35557
    }, 
    {
        "accumulated_operating_revenue_yoy": -1.351454125091263, 
        "accumulated_operating_revenue": 259422, 
        "long_term_average": 45343, 
        "date": "2014-06-30", 
        "operating_revenue": 52840, 
        "short_term_average": 40419
    }, 
    {
        "accumulated_operating_revenue_yoy": -3.236128186214245, 
        "accumulated_operating_revenue": 295154, 
        "long_term_average": 44817, 
        "date": "2014-07-31", 
        "operating_revenue": 35732, 
        "short_term_average": 41893
    }, 
    {
        "accumulated_operating_revenue_yoy": -4.184447395602774, 
        "accumulated_operating_revenue": 324671, 
        "long_term_average": 44458, 
        "date": "2014-08-31", 
        "operating_revenue": 29517, 
        "short_term_average": 39363
    }, 
    {
        "accumulated_operating_revenue_yoy": -6.072852154217653, 
        "accumulated_operating_revenue": 357467, 
        "long_term_average": 43713, 
        "date": "2014-09-30", 
        "operating_revenue": 32796, 
        "short_term_average": 32681
    }, 
    {
        "accumulated_operating_revenue_yoy": -7.196779181103535, 
        "accumulated_operating_revenue": 398549, 
        "long_term_average": 43064, 
        "date": "2014-10-31", 
        "operating_revenue": 41082, 
        "short_term_average": 34465
    }, 
    {
        "accumulated_operating_revenue_yoy": -8.035197190203075, 
        "accumulated_operating_revenue": 443034, 
        "long_term_average": 42413, 
        "date": "2014-11-30", 
        "operating_revenue": 44485, 
        "short_term_average": 39454
    }, 
    {
        "accumulated_operating_revenue_yoy": -8.159933975562193, 
        "accumulated_operating_revenue": 502986, 
        "long_term_average": 41915, 
        "date": "2014-12-31", 
        "operating_revenue": 59952, 
        "short_term_average": 48506
    }, 
    {
        "accumulated_operating_revenue_yoy": -37.34423366933884, 
        "accumulated_operating_revenue": 39470, 
        "long_term_average": 39955, 
        "date": "2015-01-31", 
        "operating_revenue": 39470, 
        "short_term_average": 47969
    }, 
    {
        "accumulated_operating_revenue_yoy": -24.05040486032569, 
        "accumulated_operating_revenue": 75882, 
        "long_term_average": 39913, 
        "date": "2015-02-28", 
        "operating_revenue": 36412, 
        "short_term_average": 45278
    }, 
    {
        "accumulated_operating_revenue_yoy": -20.55904981796863, 
        "accumulated_operating_revenue": 109758, 
        "long_term_average": 39548, 
        "date": "2015-03-31", 
        "operating_revenue": 33876, 
        "short_term_average": 36586
    }, 
    {
        "accumulated_operating_revenue_yoy": -19.741554801593157, 
        "accumulated_operating_revenue": 136018, 
        "long_term_average": 39127, 
        "date": "2015-04-30", 
        "operating_revenue": 26260, 
        "short_term_average": 32182
    }, 
    {
        "accumulated_operating_revenue_yoy": -19.326466003814467, 
        "accumulated_operating_revenue": 166657, 
        "long_term_average": 38588, 
        "date": "2015-05-31", 
        "operating_revenue": 30639, 
        "short_term_average": 30258
    }, 
    {
        "accumulated_operating_revenue_yoy": -19.507597659412077, 
        "accumulated_operating_revenue": 208815, 
        "long_term_average": 37698, 
        "date": "2015-06-30", 
        "operating_revenue": 42158, 
        "short_term_average": 33019
    }, 
    {
        "accumulated_operating_revenue_yoy": -20.719353286758775, 
        "accumulated_operating_revenue": 234000, 
        "long_term_average": 36819, 
        "date": "2015-07-31", 
        "operating_revenue": 25185, 
        "short_term_average": 32660
    }, 
    {
        "accumulated_operating_revenue_yoy": -20.918406633176353, 
        "accumulated_operating_revenue": 256755, 
        "long_term_average": 36255, 
        "date": "2015-08-31", 
        "operating_revenue": 22755, 
        "short_term_average": 30032
    }
]