[
    {
        "date": "2011-09-30", 
        "operating_revenue": 240491, 
        "accumulated_operating_revenue": 240491, 
        "long_term_average": 240491, 
        "short_term_average": 240491
    }, 
    {
        "date": "2011-10-31", 
        "operating_revenue": 218686, 
        "accumulated_operating_revenue": 459177, 
        "long_term_average": 229588, 
        "short_term_average": 229588
    }, 
    {
        "date": "2011-11-30", 
        "operating_revenue": 216701, 
        "accumulated_operating_revenue": 675878, 
        "long_term_average": 225292, 
        "short_term_average": 225292
    }, 
    {
        "date": "2011-12-31", 
        "operating_revenue": 278910, 
        "accumulated_operating_revenue": 954788, 
        "long_term_average": 238697, 
        "short_term_average": 238099
    }, 
    {
        "date": "2012-01-31", 
        "operating_revenue": 228141, 
        "accumulated_operating_revenue": 228141, 
        "long_term_average": 236585, 
        "short_term_average": 241250
    }, 
    {
        "date": "2012-02-29", 
        "operating_revenue": 245496, 
        "accumulated_operating_revenue": 473637, 
        "long_term_average": 238070, 
        "short_term_average": 250849
    }, 
    {
        "date": "2012-03-31", 
        "operating_revenue": 282279, 
        "accumulated_operating_revenue": 755916, 
        "long_term_average": 244386, 
        "short_term_average": 251972
    }, 
    {
        "date": "2012-04-30", 
        "operating_revenue": 280508, 
        "accumulated_operating_revenue": 1036424, 
        "long_term_average": 248901, 
        "short_term_average": 269427
    }, 
    {
        "date": "2012-05-31", 
        "operating_revenue": 310843, 
        "accumulated_operating_revenue": 1347267, 
        "long_term_average": 255783, 
        "short_term_average": 291210
    }, 
    {
        "date": "2012-06-30", 
        "operating_revenue": 284439, 
        "accumulated_operating_revenue": 1631706, 
        "long_term_average": 258649, 
        "short_term_average": 291930
    }, 
    {
        "date": "2012-07-31", 
        "operating_revenue": 280053, 
        "accumulated_operating_revenue": 1911759, 
        "long_term_average": 260595, 
        "short_term_average": 291778
    }, 
    {
        "date": "2012-08-31", 
        "operating_revenue": 286444, 
        "accumulated_operating_revenue": 2198203, 
        "long_term_average": 262749, 
        "short_term_average": 283645
    }, 
    {
        "accumulated_operating_revenue_yoy": 937.3465119276814, 
        "accumulated_operating_revenue": 2494725, 
        "long_term_average": 267418, 
        "date": "2012-09-30", 
        "operating_revenue": 296522, 
        "short_term_average": 287673
    }, 
    {
        "accumulated_operating_revenue_yoy": 497.93521888073667, 
        "accumulated_operating_revenue": 2745581, 
        "long_term_average": 270099, 
        "date": "2012-10-31", 
        "operating_revenue": 250856, 
        "short_term_average": 277940
    }, 
    {
        "accumulated_operating_revenue_yoy": 345.9582942483703, 
        "accumulated_operating_revenue": 3014134, 
        "long_term_average": 274420, 
        "date": "2012-11-30", 
        "operating_revenue": 268553, 
        "short_term_average": 271977
    }, 
    {
        "accumulated_operating_revenue_yoy": 247.30453252449757, 
        "accumulated_operating_revenue": 3316022, 
        "long_term_average": 276335, 
        "date": "2012-12-31", 
        "operating_revenue": 301888, 
        "short_term_average": 273765
    }, 
    {
        "accumulated_operating_revenue_yoy": 49.56320871741598, 
        "accumulated_operating_revenue": 341215, 
        "long_term_average": 285758, 
        "date": "2013-01-31", 
        "operating_revenue": 341215, 
        "short_term_average": 303885
    }, 
    {
        "accumulated_operating_revenue_yoy": 7.986495987433415, 
        "accumulated_operating_revenue": 511464, 
        "long_term_average": 279487, 
        "date": "2013-02-28", 
        "operating_revenue": 170249, 
        "short_term_average": 271117
    }, 
    {
        "accumulated_operating_revenue_yoy": 4.572333433873605, 
        "accumulated_operating_revenue": 790479, 
        "long_term_average": 279215, 
        "date": "2013-03-31", 
        "operating_revenue": 279015, 
        "short_term_average": 263493
    }, 
    {
        "accumulated_operating_revenue_yoy": 4.608345619167445, 
        "accumulated_operating_revenue": 1084186, 
        "long_term_average": 280315, 
        "date": "2013-04-30", 
        "operating_revenue": 293707, 
        "short_term_average": 247657
    }, 
    {
        "accumulated_operating_revenue_yoy": 2.6875147984772134, 
        "accumulated_operating_revenue": 1383475, 
        "long_term_average": 279352, 
        "date": "2013-05-31", 
        "operating_revenue": 299289, 
        "short_term_average": 290670
    }, 
    {
        "accumulated_operating_revenue_yoy": -1.00655387674005, 
        "accumulated_operating_revenue": 1615282, 
        "long_term_average": 274966, 
        "date": "2013-06-30", 
        "operating_revenue": 231807, 
        "short_term_average": 274934
    }, 
    {
        "accumulated_operating_revenue_yoy": 0.9692121234946455, 
        "accumulated_operating_revenue": 1930288, 
        "long_term_average": 277879, 
        "date": "2013-07-31", 
        "operating_revenue": 315006, 
        "short_term_average": 282034
    }, 
    {
        "accumulated_operating_revenue_yoy": 1.6548062212634593, 
        "accumulated_operating_revenue": 2234579, 
        "long_term_average": 279366, 
        "date": "2013-08-31", 
        "operating_revenue": 304291, 
        "short_term_average": 283701
    }, 
    {
        "accumulated_operating_revenue_yoy": -0.17288478690035974, 
        "accumulated_operating_revenue": 2490412, 
        "long_term_average": 275975, 
        "date": "2013-09-30", 
        "operating_revenue": 255833, 
        "short_term_average": 291710
    }, 
    {
        "accumulated_operating_revenue_yoy": 1.6146309287542417, 
        "accumulated_operating_revenue": 2789912, 
        "long_term_average": 280029, 
        "date": "2013-10-31", 
        "operating_revenue": 299500, 
        "short_term_average": 286541
    }, 
    {
        "accumulated_operating_revenue_yoy": 2.257597041140175, 
        "accumulated_operating_revenue": 3082181, 
        "long_term_average": 282005, 
        "date": "2013-11-30", 
        "operating_revenue": 292269, 
        "short_term_average": 282534
    }, 
    {
        "accumulated_operating_revenue_yoy": 1.3893454265381835, 
        "accumulated_operating_revenue": 3362093, 
        "long_term_average": 280174, 
        "date": "2013-12-31", 
        "operating_revenue": 279912, 
        "short_term_average": 290560
    }, 
    {
        "accumulated_operating_revenue_yoy": -23.543806690796128, 
        "accumulated_operating_revenue": 260880, 
        "long_term_average": 273479, 
        "date": "2014-01-31", 
        "operating_revenue": 260880, 
        "short_term_average": 277687
    }, 
    {
        "accumulated_operating_revenue_yoy": -7.437278087998374, 
        "accumulated_operating_revenue": 473425, 
        "long_term_average": 277004, 
        "date": "2014-02-28", 
        "operating_revenue": 212545, 
        "short_term_average": 251112
    }, 
    {
        "accumulated_operating_revenue_yoy": 3.2968617762141688, 
        "accumulated_operating_revenue": 816540, 
        "long_term_average": 282346, 
        "date": "2014-03-31", 
        "operating_revenue": 343115, 
        "short_term_average": 272180
    }, 
    {
        "accumulated_operating_revenue_yoy": 2.4651674159230983, 
        "accumulated_operating_revenue": 1110913, 
        "long_term_average": 282401, 
        "date": "2014-04-30", 
        "operating_revenue": 294373, 
        "short_term_average": 283344
    }, 
    {
        "accumulated_operating_revenue_yoy": 4.820687038074414, 
        "accumulated_operating_revenue": 1450168, 
        "long_term_average": 285732, 
        "date": "2014-05-31", 
        "operating_revenue": 339255, 
        "short_term_average": 325581
    }, 
    {
        "accumulated_operating_revenue_yoy": 7.497823909385481, 
        "accumulated_operating_revenue": 1736393, 
        "long_term_average": 290267, 
        "date": "2014-06-30", 
        "operating_revenue": 286225, 
        "short_term_average": 306617
    }, 
    {
        "accumulated_operating_revenue_yoy": 6.466288968278308, 
        "accumulated_operating_revenue": 2055106, 
        "long_term_average": 290575, 
        "date": "2014-07-31", 
        "operating_revenue": 318713, 
        "short_term_average": 314731
    }, 
    {
        "accumulated_operating_revenue_yoy": 6.441705574070104, 
        "accumulated_operating_revenue": 2378524, 
        "long_term_average": 292169, 
        "date": "2014-08-31", 
        "operating_revenue": 323418, 
        "short_term_average": 309452
    }, 
    {
        "accumulated_operating_revenue_yoy": 7.230932070677462, 
        "accumulated_operating_revenue": 2670492, 
        "long_term_average": 295181, 
        "date": "2014-09-30", 
        "operating_revenue": 291968, 
        "short_term_average": 311366
    }, 
    {
        "accumulated_operating_revenue_yoy": 5.708172874269869, 
        "accumulated_operating_revenue": 2949165, 
        "long_term_average": 293445, 
        "date": "2014-10-31", 
        "operating_revenue": 278673, 
        "short_term_average": 298019
    }, 
    {
        "accumulated_operating_revenue_yoy": 4.7054017917831565, 
        "accumulated_operating_revenue": 3227210, 
        "long_term_average": 292260, 
        "date": "2014-11-30", 
        "operating_revenue": 278045, 
        "short_term_average": 282895
    }, 
    {
        "accumulated_operating_revenue_yoy": 4.795494949128415, 
        "accumulated_operating_revenue": 3523322, 
        "long_term_average": 293610, 
        "date": "2014-12-31", 
        "operating_revenue": 296112, 
        "short_term_average": 284276
    }, 
    {
        "accumulated_operating_revenue_yoy": 26.27261576203618, 
        "accumulated_operating_revenue": 329420, 
        "long_term_average": 299321, 
        "date": "2015-01-31", 
        "operating_revenue": 329420, 
        "short_term_average": 301192
    }, 
    {
        "accumulated_operating_revenue_yoy": 5.218566826846914, 
        "accumulated_operating_revenue": 498131, 
        "long_term_average": 295669, 
        "date": "2015-02-28", 
        "operating_revenue": 168711, 
        "short_term_average": 264747
    }, 
    {
        "accumulated_operating_revenue_yoy": -6.1302569378107625, 
        "accumulated_operating_revenue": 766484, 
        "long_term_average": 289438, 
        "date": "2015-03-31", 
        "operating_revenue": 268353, 
        "short_term_average": 255494
    }, 
    {
        "accumulated_operating_revenue_yoy": -1.8714336766245423, 
        "accumulated_operating_revenue": 1090123, 
        "long_term_average": 291877, 
        "date": "2015-04-30", 
        "operating_revenue": 323639, 
        "short_term_average": 253567
    }, 
    {
        "accumulated_operating_revenue_yoy": -8.474466406650816, 
        "accumulated_operating_revenue": 1327274, 
        "long_term_average": 283369, 
        "date": "2015-05-31", 
        "operating_revenue": 237151, 
        "short_term_average": 276381
    }, 
    {
        "accumulated_operating_revenue_yoy": -7.418309103987404, 
        "accumulated_operating_revenue": 1607582, 
        "long_term_average": 282875, 
        "date": "2015-06-30", 
        "operating_revenue": 280308, 
        "short_term_average": 280366
    }, 
    {
        "accumulated_operating_revenue_yoy": -5.564773787824083, 
        "accumulated_operating_revenue": 1940744, 
        "long_term_average": 284080, 
        "date": "2015-07-31", 
        "operating_revenue": 333162, 
        "short_term_average": 283540
    }, 
    {
        "accumulated_operating_revenue_yoy": -7.5865957207074635, 
        "accumulated_operating_revenue": 2198075, 
        "long_term_average": 278572, 
        "date": "2015-08-31", 
        "operating_revenue": 257331, 
        "short_term_average": 290267
    }
]