[
    {
        "date": "2011-09-30", 
        "operating_revenue": 181626, 
        "accumulated_operating_revenue": 181626, 
        "long_term_average": 181626, 
        "short_term_average": 181626
    }, 
    {
        "date": "2011-10-31", 
        "operating_revenue": 159323, 
        "accumulated_operating_revenue": 340949, 
        "long_term_average": 170474, 
        "short_term_average": 170474
    }, 
    {
        "date": "2011-11-30", 
        "operating_revenue": 174349, 
        "accumulated_operating_revenue": 515298, 
        "long_term_average": 171766, 
        "short_term_average": 171766
    }, 
    {
        "date": "2011-12-31", 
        "operating_revenue": 178280, 
        "accumulated_operating_revenue": 693578, 
        "long_term_average": 173394, 
        "short_term_average": 170650
    }, 
    {
        "date": "2012-01-31", 
        "operating_revenue": 140389, 
        "accumulated_operating_revenue": 140389, 
        "long_term_average": 166793, 
        "short_term_average": 164339
    }, 
    {
        "date": "2012-02-29", 
        "operating_revenue": 164980, 
        "accumulated_operating_revenue": 305369, 
        "long_term_average": 166491, 
        "short_term_average": 161216
    }, 
    {
        "date": "2012-03-31", 
        "operating_revenue": 191235, 
        "accumulated_operating_revenue": 496604, 
        "long_term_average": 170026, 
        "short_term_average": 165534
    }, 
    {
        "date": "2012-04-30", 
        "operating_revenue": 165497, 
        "accumulated_operating_revenue": 662101, 
        "long_term_average": 169459, 
        "short_term_average": 173904
    }, 
    {
        "date": "2012-05-31", 
        "operating_revenue": 186260, 
        "accumulated_operating_revenue": 848361, 
        "long_term_average": 171326, 
        "short_term_average": 180997
    }, 
    {
        "date": "2012-06-30", 
        "operating_revenue": 189289, 
        "accumulated_operating_revenue": 1037650, 
        "long_term_average": 173122, 
        "short_term_average": 180348
    }, 
    {
        "date": "2012-07-31", 
        "operating_revenue": 163115, 
        "accumulated_operating_revenue": 1200765, 
        "long_term_average": 172213, 
        "short_term_average": 179554
    }, 
    {
        "date": "2012-08-31", 
        "operating_revenue": 201960, 
        "accumulated_operating_revenue": 1402725, 
        "long_term_average": 174691, 
        "short_term_average": 184788
    }, 
    {
        "accumulated_operating_revenue_yoy": 779.5684538557256, 
        "accumulated_operating_revenue": 1597525, 
        "long_term_average": 175789, 
        "date": "2012-09-30", 
        "operating_revenue": 194800, 
        "short_term_average": 186625
    }, 
    {
        "accumulated_operating_revenue_yoy": 421.04127010198005, 
        "accumulated_operating_revenue": 1776485, 
        "long_term_average": 177426, 
        "date": "2012-10-31", 
        "operating_revenue": 178960, 
        "short_term_average": 191906
    }, 
    {
        "accumulated_operating_revenue_yoy": 278.7949885309083, 
        "accumulated_operating_revenue": 1951923, 
        "long_term_average": 177516, 
        "date": "2012-11-30", 
        "operating_revenue": 175438, 
        "short_term_average": 183066
    }, 
    {
        "accumulated_operating_revenue_yoy": 206.9576889693733, 
        "accumulated_operating_revenue": 2128991, 
        "long_term_average": 177415, 
        "date": "2012-12-31", 
        "operating_revenue": 177068, 
        "short_term_average": 177155
    }, 
    {
        "accumulated_operating_revenue_yoy": 43.73277108605375, 
        "accumulated_operating_revenue": 201785, 
        "long_term_average": 182532, 
        "date": "2013-01-31", 
        "operating_revenue": 201785, 
        "short_term_average": 184763
    }, 
    {
        "accumulated_operating_revenue_yoy": 21.083672540434687, 
        "accumulated_operating_revenue": 369752, 
        "long_term_average": 182781, 
        "date": "2013-02-28", 
        "operating_revenue": 167967, 
        "short_term_average": 182273
    }, 
    {
        "accumulated_operating_revenue_yoy": 22.934571610377684, 
        "accumulated_operating_revenue": 610498, 
        "long_term_average": 186907, 
        "date": "2013-03-31", 
        "operating_revenue": 240746, 
        "short_term_average": 203499
    }, 
    {
        "accumulated_operating_revenue_yoy": 29.048740297930376, 
        "accumulated_operating_revenue": 854433, 
        "long_term_average": 193443, 
        "date": "2013-04-30", 
        "operating_revenue": 243935, 
        "short_term_average": 217549
    }, 
    {
        "accumulated_operating_revenue_yoy": 28.804718745911234, 
        "accumulated_operating_revenue": 1092729, 
        "long_term_average": 197779, 
        "date": "2013-05-31", 
        "operating_revenue": 238296, 
        "short_term_average": 240992
    }, 
    {
        "accumulated_operating_revenue_yoy": 23.99257938611285, 
        "accumulated_operating_revenue": 1286609, 
        "long_term_average": 198162, 
        "date": "2013-06-30", 
        "operating_revenue": 193880, 
        "short_term_average": 225370
    }, 
    {
        "accumulated_operating_revenue_yoy": 23.674157724450662, 
        "accumulated_operating_revenue": 1485036, 
        "long_term_average": 201105, 
        "date": "2013-07-31", 
        "operating_revenue": 198427, 
        "short_term_average": 210201
    }, 
    {
        "accumulated_operating_revenue_yoy": 24.16974103976189, 
        "accumulated_operating_revenue": 1741760, 
        "long_term_average": 205668, 
        "date": "2013-08-31", 
        "operating_revenue": 256724, 
        "short_term_average": 216343
    }, 
    {
        "accumulated_operating_revenue_yoy": 23.35055789424266, 
        "accumulated_operating_revenue": 1970556, 
        "long_term_average": 208501, 
        "date": "2013-09-30", 
        "operating_revenue": 228796, 
        "short_term_average": 227982
    }, 
    {
        "accumulated_operating_revenue_yoy": 25.039727326715393, 
        "accumulated_operating_revenue": 2221312, 
        "long_term_average": 214484, 
        "date": "2013-10-31", 
        "operating_revenue": 250756, 
        "short_term_average": 245425
    }, 
    {
        "accumulated_operating_revenue_yoy": 26.75074785224622, 
        "accumulated_operating_revenue": 2474077, 
        "long_term_average": 220928, 
        "date": "2013-11-30", 
        "operating_revenue": 252765, 
        "short_term_average": 244105
    }, 
    {
        "accumulated_operating_revenue_yoy": 26.35605317260618, 
        "accumulated_operating_revenue": 2690109, 
        "long_term_average": 224175, 
        "date": "2013-12-31", 
        "operating_revenue": 216032, 
        "short_term_average": 239851
    }, 
    {
        "accumulated_operating_revenue_yoy": 55.35396585474639, 
        "accumulated_operating_revenue": 313481, 
        "long_term_average": 233483, 
        "date": "2014-01-31", 
        "operating_revenue": 313481, 
        "short_term_average": 260759
    }, 
    {
        "accumulated_operating_revenue_yoy": 40.36002509790346, 
        "accumulated_operating_revenue": 518984, 
        "long_term_average": 236611, 
        "date": "2014-02-28", 
        "operating_revenue": 205503, 
        "short_term_average": 245005
    }, 
    {
        "accumulated_operating_revenue_yoy": 32.969641178185675, 
        "accumulated_operating_revenue": 811777, 
        "long_term_average": 240949, 
        "date": "2014-03-31", 
        "operating_revenue": 292793, 
        "short_term_average": 270592
    }, 
    {
        "accumulated_operating_revenue_yoy": 27.258895665312554, 
        "accumulated_operating_revenue": 1087342, 
        "long_term_average": 243584, 
        "date": "2014-04-30", 
        "operating_revenue": 275565, 
        "short_term_average": 257953
    }, 
    {
        "accumulated_operating_revenue_yoy": 23.946467971473258, 
        "accumulated_operating_revenue": 1354399, 
        "long_term_average": 245981, 
        "date": "2014-05-31", 
        "operating_revenue": 267057, 
        "short_term_average": 278471
    }, 
    {
        "accumulated_operating_revenue_yoy": 21.998447080659314, 
        "accumulated_operating_revenue": 1569643, 
        "long_term_average": 247761, 
        "date": "2014-06-30", 
        "operating_revenue": 215244, 
        "short_term_average": 252622
    }, 
    {
        "accumulated_operating_revenue_yoy": 21.04831128672975, 
        "accumulated_operating_revenue": 1797611, 
        "long_term_average": 250223, 
        "date": "2014-07-31", 
        "operating_revenue": 227968, 
        "short_term_average": 236756
    }, 
    {
        "accumulated_operating_revenue_yoy": 16.426717802682344, 
        "accumulated_operating_revenue": 2027874, 
        "long_term_average": 248018, 
        "date": "2014-08-31", 
        "operating_revenue": 230263, 
        "short_term_average": 224491
    }, 
    {
        "accumulated_operating_revenue_yoy": 15.672480254303862, 
        "accumulated_operating_revenue": 2279391, 
        "long_term_average": 249912, 
        "date": "2014-09-30", 
        "operating_revenue": 251517, 
        "short_term_average": 236582
    }, 
    {
        "accumulated_operating_revenue_yoy": 14.93738835426991, 
        "accumulated_operating_revenue": 2553118, 
        "long_term_average": 251826, 
        "date": "2014-10-31", 
        "operating_revenue": 273727, 
        "short_term_average": 251835
    }, 
    {
        "accumulated_operating_revenue_yoy": 14.678403299493104, 
        "accumulated_operating_revenue": 2837232, 
        "long_term_average": 254438, 
        "date": "2014-11-30", 
        "operating_revenue": 284114, 
        "short_term_average": 269786
    }, 
    {
        "accumulated_operating_revenue_yoy": 15.578253520582253, 
        "accumulated_operating_revenue": 3109181, 
        "long_term_average": 259098, 
        "date": "2014-12-31", 
        "operating_revenue": 271949, 
        "short_term_average": 276596
    }, 
    {
        "accumulated_operating_revenue_yoy": -9.088589101093847, 
        "accumulated_operating_revenue": 284990, 
        "long_term_average": 256724, 
        "date": "2015-01-31", 
        "operating_revenue": 284990, 
        "short_term_average": 280351
    }, 
    {
        "accumulated_operating_revenue_yoy": 3.2846870038382687, 
        "accumulated_operating_revenue": 536031, 
        "long_term_average": 260519, 
        "date": "2015-02-28", 
        "operating_revenue": 251041, 
        "short_term_average": 269326
    }, 
    {
        "accumulated_operating_revenue_yoy": 0.4768550969046918, 
        "accumulated_operating_revenue": 815648, 
        "long_term_average": 259421, 
        "date": "2015-03-31", 
        "operating_revenue": 279617, 
        "short_term_average": 271882
    }, 
    {
        "accumulated_operating_revenue_yoy": 5.655534321308291, 
        "accumulated_operating_revenue": 1148837, 
        "long_term_average": 264223, 
        "date": "2015-04-30", 
        "operating_revenue": 333189, 
        "short_term_average": 287949
    }, 
    {
        "accumulated_operating_revenue_yoy": 8.592667301142425, 
        "accumulated_operating_revenue": 1470778, 
        "long_term_average": 268796, 
        "date": "2015-05-31", 
        "operating_revenue": 321941, 
        "short_term_average": 311582
    }, 
    {
        "accumulated_operating_revenue_yoy": 12.86063136649544, 
        "accumulated_operating_revenue": 1771509, 
        "long_term_average": 275920, 
        "date": "2015-06-30", 
        "operating_revenue": 300731, 
        "short_term_average": 318620
    }, 
    {
        "accumulated_operating_revenue_yoy": 14.679093530246531, 
        "accumulated_operating_revenue": 2061484, 
        "long_term_average": 281087, 
        "date": "2015-07-31", 
        "operating_revenue": 289975, 
        "short_term_average": 304215
    }, 
    {
        "accumulated_operating_revenue_yoy": 16.491162665925003, 
        "accumulated_operating_revenue": 2362294, 
        "long_term_average": 286966, 
        "date": "2015-08-31", 
        "operating_revenue": 300810, 
        "short_term_average": 297172
    }, 
    {
        "accumulated_operating_revenue_yoy": 18.878024875942742, 
        "accumulated_operating_revenue": 2709695, 
        "long_term_average": 294957, 
        "date": "2015-09-30", 
        "operating_revenue": 347401, 
        "short_term_average": 312728
    }, 
    {
        "accumulated_operating_revenue_yoy": 19.21266467119812, 
        "accumulated_operating_revenue": 3043640, 
        "long_term_average": 299975, 
        "date": "2015-10-31", 
        "operating_revenue": 333945, 
        "short_term_average": 327385
    }
]