[
    {
        "date": "2011-09-30", 
        "operating_revenue": 796589, 
        "accumulated_operating_revenue": 796589, 
        "long_term_average": 796589, 
        "short_term_average": 796589
    }, 
    {
        "date": "2011-10-31", 
        "operating_revenue": 722094, 
        "accumulated_operating_revenue": 1518683, 
        "long_term_average": 759341, 
        "short_term_average": 759341
    }, 
    {
        "date": "2011-11-30", 
        "operating_revenue": 716753, 
        "accumulated_operating_revenue": 2235436, 
        "long_term_average": 745145, 
        "short_term_average": 745145
    }, 
    {
        "date": "2011-12-31", 
        "operating_revenue": 473883, 
        "accumulated_operating_revenue": 2709319, 
        "long_term_average": 677329, 
        "short_term_average": 637576
    }, 
    {
        "date": "2012-01-31", 
        "operating_revenue": 630957, 
        "accumulated_operating_revenue": 630957, 
        "long_term_average": 668055, 
        "short_term_average": 607197
    }, 
    {
        "date": "2012-02-29", 
        "operating_revenue": 655552, 
        "accumulated_operating_revenue": 1286509, 
        "long_term_average": 665971, 
        "short_term_average": 586797
    }, 
    {
        "date": "2012-03-31", 
        "operating_revenue": 707669, 
        "accumulated_operating_revenue": 1994178, 
        "long_term_average": 671928, 
        "short_term_average": 664726
    }, 
    {
        "date": "2012-04-30", 
        "operating_revenue": 606180, 
        "accumulated_operating_revenue": 2600358, 
        "long_term_average": 663709, 
        "short_term_average": 656467
    }, 
    {
        "date": "2012-05-31", 
        "operating_revenue": 416245, 
        "accumulated_operating_revenue": 3016603, 
        "long_term_average": 636213, 
        "short_term_average": 576698
    }, 
    {
        "date": "2012-06-30", 
        "operating_revenue": 584804, 
        "accumulated_operating_revenue": 3601407, 
        "long_term_average": 631072, 
        "short_term_average": 535743
    }, 
    {
        "date": "2012-07-31", 
        "operating_revenue": 640172, 
        "accumulated_operating_revenue": 4241579, 
        "long_term_average": 631899, 
        "short_term_average": 547073
    }, 
    {
        "date": "2012-08-31", 
        "operating_revenue": 738347, 
        "accumulated_operating_revenue": 4979926, 
        "long_term_average": 640770, 
        "short_term_average": 654441
    }, 
    {
        "accumulated_operating_revenue_yoy": 613.0138628577597, 
        "accumulated_operating_revenue": 5679790, 
        "long_term_average": 632710, 
        "date": "2012-09-30", 
        "operating_revenue": 699864, 
        "short_term_average": 692794
    }, 
    {
        "accumulated_operating_revenue_yoy": 298.8433399201809, 
        "accumulated_operating_revenue": 6057166, 
        "long_term_average": 603983, 
        "date": "2012-10-31", 
        "operating_revenue": 377376, 
        "short_term_average": 605195
    }, 
    {
        "accumulated_operating_revenue_yoy": 190.1484989952743, 
        "accumulated_operating_revenue": 6486084, 
        "long_term_average": 579997, 
        "date": "2012-11-30", 
        "operating_revenue": 428918, 
        "short_term_average": 502052
    }, 
    {
        "accumulated_operating_revenue_yoy": 150.48752103388344, 
        "accumulated_operating_revenue": 6786506, 
        "long_term_average": 565542, 
        "date": "2012-12-31", 
        "operating_revenue": 300422, 
        "short_term_average": 368905
    }, 
    {
        "accumulated_operating_revenue_yoy": -37.47767280496135, 
        "accumulated_operating_revenue": 394489, 
        "long_term_average": 545836, 
        "date": "2013-01-31", 
        "operating_revenue": 394489, 
        "short_term_average": 374609
    }, 
    {
        "accumulated_operating_revenue_yoy": -39.55176372648773, 
        "accumulated_operating_revenue": 777672, 
        "long_term_average": 523139, 
        "date": "2013-02-28", 
        "operating_revenue": 383183, 
        "short_term_average": 359364
    }, 
    {
        "accumulated_operating_revenue_yoy": -39.5164323345258, 
        "accumulated_operating_revenue": 1206150, 
        "long_term_average": 499873, 
        "date": "2013-03-31", 
        "operating_revenue": 428478, 
        "short_term_average": 402050
    }, 
    {
        "accumulated_operating_revenue_yoy": -31.924642683815073, 
        "accumulated_operating_revenue": 1770203, 
        "long_term_average": 496362, 
        "date": "2013-04-30", 
        "operating_revenue": 564053, 
        "short_term_average": 458571
    }, 
    {
        "accumulated_operating_revenue_yoy": -30.15902324568397, 
        "accumulated_operating_revenue": 2106825, 
        "long_term_average": 489727, 
        "date": "2013-05-31", 
        "operating_revenue": 336622, 
        "short_term_average": 443051
    }, 
    {
        "accumulated_operating_revenue_yoy": -33.297847202496136, 
        "accumulated_operating_revenue": 2402216, 
        "long_term_average": 465609, 
        "date": "2013-06-30", 
        "operating_revenue": 295391, 
        "short_term_average": 398688
    }, 
    {
        "accumulated_operating_revenue_yoy": -33.118751295213414, 
        "accumulated_operating_revenue": 2836821, 
        "long_term_average": 448479, 
        "date": "2013-07-31", 
        "operating_revenue": 434605, 
        "short_term_average": 355539
    }, 
    {
        "accumulated_operating_revenue_yoy": -36.87948375136498, 
        "accumulated_operating_revenue": 3143355, 
        "long_term_average": 412494, 
        "date": "2013-08-31", 
        "operating_revenue": 306534, 
        "short_term_average": 345510
    }, 
    {
        "accumulated_operating_revenue_yoy": -39.96306201461674, 
        "accumulated_operating_revenue": 3409972, 
        "long_term_average": 376390, 
        "date": "2013-09-30", 
        "operating_revenue": 266617, 
        "short_term_average": 335918
    }, 
    {
        "accumulated_operating_revenue_yoy": -37.69795973892741, 
        "accumulated_operating_revenue": 3773738, 
        "long_term_average": 375256, 
        "date": "2013-10-31", 
        "operating_revenue": 363766, 
        "short_term_average": 312305
    }, 
    {
        "accumulated_operating_revenue_yoy": -39.23432073960189, 
        "accumulated_operating_revenue": 3941313, 
        "long_term_average": 353477, 
        "date": "2013-11-30", 
        "operating_revenue": 167575, 
        "short_term_average": 265986
    }, 
    {
        "accumulated_operating_revenue_yoy": -36.458097878348596, 
        "accumulated_operating_revenue": 4312275, 
        "long_term_average": 359356, 
        "date": "2013-12-31", 
        "operating_revenue": 370962, 
        "short_term_average": 300767
    }, 
    {
        "accumulated_operating_revenue_yoy": -31.199602523771258, 
        "accumulated_operating_revenue": 271410, 
        "long_term_average": 349099, 
        "date": "2014-01-31", 
        "operating_revenue": 271410, 
        "short_term_average": 269982
    }, 
    {
        "accumulated_operating_revenue_yoy": -36.66005719635013, 
        "accumulated_operating_revenue": 492577, 
        "long_term_average": 335598, 
        "date": "2014-02-28", 
        "operating_revenue": 221167, 
        "short_term_average": 287846
    }, 
    {
        "accumulated_operating_revenue_yoy": -45.09256725946192, 
        "accumulated_operating_revenue": 662266, 
        "long_term_average": 314032, 
        "date": "2014-03-31", 
        "operating_revenue": 169689, 
        "short_term_average": 220755
    }, 
    {
        "accumulated_operating_revenue_yoy": -56.25117571261601, 
        "accumulated_operating_revenue": 774443, 
        "long_term_average": 276376, 
        "date": "2014-04-30", 
        "operating_revenue": 112177, 
        "short_term_average": 167677
    }, 
    {
        "accumulated_operating_revenue_yoy": -54.01549725297545, 
        "accumulated_operating_revenue": 968813, 
        "long_term_average": 264521, 
        "date": "2014-05-31", 
        "operating_revenue": 194370, 
        "short_term_average": 158745
    }, 
    {
        "accumulated_operating_revenue_yoy": -45.835886531435975, 
        "accumulated_operating_revenue": 1301139, 
        "long_term_average": 267599, 
        "date": "2014-06-30", 
        "operating_revenue": 332326, 
        "short_term_average": 212957
    }, 
    {
        "accumulated_operating_revenue_yoy": -46.61580691908301, 
        "accumulated_operating_revenue": 1514414, 
        "long_term_average": 249155, 
        "date": "2014-07-31", 
        "operating_revenue": 213275, 
        "short_term_average": 246657
    }, 
    {
        "accumulated_operating_revenue_yoy": -42.868209285938114, 
        "accumulated_operating_revenue": 1795855, 
        "long_term_average": 247064, 
        "date": "2014-08-31", 
        "operating_revenue": 281441, 
        "short_term_average": 275680
    }, 
    {
        "accumulated_operating_revenue_yoy": -42.55087725060499, 
        "accumulated_operating_revenue": 1958999, 
        "long_term_average": 238441, 
        "date": "2014-09-30", 
        "operating_revenue": 163144, 
        "short_term_average": 219286
    }, 
    {
        "accumulated_operating_revenue_yoy": -37.94195569485746, 
        "accumulated_operating_revenue": 2341908, 
        "long_term_average": 240037, 
        "date": "2014-10-31", 
        "operating_revenue": 382909, 
        "short_term_average": 275831
    }, 
    {
        "accumulated_operating_revenue_yoy": -33.28197988842804, 
        "accumulated_operating_revenue": 2629566, 
        "long_term_average": 250044, 
        "date": "2014-11-30", 
        "operating_revenue": 287658, 
        "short_term_average": 277903
    }, 
    {
        "accumulated_operating_revenue_yoy": -33.16122000568146, 
        "accumulated_operating_revenue": 2882272, 
        "long_term_average": 240189, 
        "date": "2014-12-31", 
        "operating_revenue": 252706, 
        "short_term_average": 307757
    }, 
    {
        "accumulated_operating_revenue_yoy": 11.215504218709702, 
        "accumulated_operating_revenue": 301850, 
        "long_term_average": 242726, 
        "date": "2015-01-31", 
        "operating_revenue": 301850, 
        "short_term_average": 280738
    }, 
    {
        "accumulated_operating_revenue_yoy": -12.008680876289391, 
        "accumulated_operating_revenue": 433425, 
        "long_term_average": 235260, 
        "date": "2015-02-28", 
        "operating_revenue": 131575, 
        "short_term_average": 228710
    }, 
    {
        "accumulated_operating_revenue_yoy": 14.634754011228116, 
        "accumulated_operating_revenue": 759187, 
        "long_term_average": 248266, 
        "date": "2015-03-31", 
        "operating_revenue": 325762, 
        "short_term_average": 253062
    }, 
    {
        "accumulated_operating_revenue_yoy": 17.761926959117712, 
        "accumulated_operating_revenue": 911999, 
        "long_term_average": 251652, 
        "date": "2015-04-30", 
        "operating_revenue": 152812, 
        "short_term_average": 203383
    }, 
    {
        "accumulated_operating_revenue_yoy": 21.243418492526423, 
        "accumulated_operating_revenue": 1174622, 
        "long_term_average": 257340, 
        "date": "2015-05-31", 
        "operating_revenue": 262623, 
        "short_term_average": 247065
    }, 
    {
        "accumulated_operating_revenue_yoy": 5.130889167106665, 
        "accumulated_operating_revenue": 1367899, 
        "long_term_average": 245752, 
        "date": "2015-06-30", 
        "operating_revenue": 193277, 
        "short_term_average": 202904
    }, 
    {
        "accumulated_operating_revenue_yoy": -2.8817087005270685, 
        "accumulated_operating_revenue": 1470773, 
        "long_term_average": 236552, 
        "date": "2015-07-31", 
        "operating_revenue": 102874, 
        "short_term_average": 186258
    }, 
    {
        "accumulated_operating_revenue_yoy": -8.471619367933378, 
        "accumulated_operating_revenue": 1643717, 
        "long_term_average": 227511, 
        "date": "2015-08-31", 
        "operating_revenue": 172944, 
        "short_term_average": 156365
    }, 
    {
        "accumulated_operating_revenue_yoy": -7.292040475773597, 
        "accumulated_operating_revenue": 1816148, 
        "long_term_average": 228285, 
        "date": "2015-09-30", 
        "operating_revenue": 172431, 
        "short_term_average": 149416
    }
]