[
    {
        "date": "2012-01-31", 
        "operating_revenue": 133216, 
        "accumulated_operating_revenue": 133216, 
        "long_term_average": 133216, 
        "short_term_average": 133216
    }, 
    {
        "date": "2012-02-29", 
        "operating_revenue": 243122, 
        "accumulated_operating_revenue": 376338, 
        "long_term_average": 188169, 
        "short_term_average": 188169
    }, 
    {
        "date": "2012-03-31", 
        "operating_revenue": 224848, 
        "accumulated_operating_revenue": 601186, 
        "long_term_average": 200395, 
        "short_term_average": 200395
    }, 
    {
        "date": "2012-04-30", 
        "operating_revenue": 248904, 
        "accumulated_operating_revenue": 850090, 
        "long_term_average": 212522, 
        "short_term_average": 238958
    }, 
    {
        "date": "2012-05-31", 
        "operating_revenue": 257529, 
        "accumulated_operating_revenue": 1107619, 
        "long_term_average": 221523, 
        "short_term_average": 243760
    }, 
    {
        "date": "2012-06-30", 
        "operating_revenue": 376004, 
        "accumulated_operating_revenue": 1483623, 
        "long_term_average": 247270, 
        "short_term_average": 294145
    }, 
    {
        "date": "2012-07-31", 
        "operating_revenue": 187017, 
        "accumulated_operating_revenue": 1670640, 
        "long_term_average": 238662, 
        "short_term_average": 273516
    }, 
    {
        "date": "2012-08-31", 
        "operating_revenue": 258242, 
        "accumulated_operating_revenue": 1928882, 
        "long_term_average": 241110, 
        "short_term_average": 273754
    }, 
    {
        "date": "2012-09-30", 
        "operating_revenue": 205645, 
        "accumulated_operating_revenue": 2134527, 
        "long_term_average": 237169, 
        "short_term_average": 216968
    }, 
    {
        "date": "2012-10-31", 
        "operating_revenue": 296317, 
        "accumulated_operating_revenue": 2430844, 
        "long_term_average": 243084, 
        "short_term_average": 253401
    }, 
    {
        "date": "2012-11-30", 
        "operating_revenue": 280832, 
        "accumulated_operating_revenue": 2711676, 
        "long_term_average": 246516, 
        "short_term_average": 260931
    }, 
    {
        "date": "2012-12-31", 
        "operating_revenue": 376865, 
        "accumulated_operating_revenue": 3088541, 
        "long_term_average": 257378, 
        "short_term_average": 318004
    }, 
    {
        "accumulated_operating_revenue_yoy": 49.33941868844583, 
        "accumulated_operating_revenue": 198944, 
        "long_term_average": 262855, 
        "date": "2013-01-31", 
        "operating_revenue": 198944, 
        "short_term_average": 285547
    }, 
    {
        "accumulated_operating_revenue_yoy": -2.930875967879938, 
        "accumulated_operating_revenue": 365308, 
        "long_term_average": 256459, 
        "date": "2013-02-28", 
        "operating_revenue": 166364, 
        "short_term_average": 247391
    }, 
    {
        "accumulated_operating_revenue_yoy": 19.186075524047467, 
        "accumulated_operating_revenue": 716530, 
        "long_term_average": 266990, 
        "date": "2013-03-31", 
        "operating_revenue": 351222, 
        "short_term_average": 238843
    }, 
    {
        "accumulated_operating_revenue_yoy": 17.328047618487457, 
        "accumulated_operating_revenue": 997394, 
        "long_term_average": 269653, 
        "date": "2013-04-30", 
        "operating_revenue": 280864, 
        "short_term_average": 266150
    }, 
    {
        "accumulated_operating_revenue_yoy": 16.17045211394893, 
        "accumulated_operating_revenue": 1286726, 
        "long_term_average": 272304, 
        "date": "2013-05-31", 
        "operating_revenue": 289332, 
        "short_term_average": 307139
    }, 
    {
        "accumulated_operating_revenue_yoy": 15.467204269548262, 
        "accumulated_operating_revenue": 1713098, 
        "long_term_average": 276501, 
        "date": "2013-06-30", 
        "operating_revenue": 426372, 
        "short_term_average": 332189
    }, 
    {
        "accumulated_operating_revenue_yoy": 15.30778623760954, 
        "accumulated_operating_revenue": 1926378, 
        "long_term_average": 278689, 
        "date": "2013-07-31", 
        "operating_revenue": 213280, 
        "short_term_average": 309661
    }, 
    {
        "accumulated_operating_revenue_yoy": 15.55745763608142, 
        "accumulated_operating_revenue": 2228967, 
        "long_term_average": 282385, 
        "date": "2013-08-31", 
        "operating_revenue": 302589, 
        "short_term_average": 314080
    }, 
    {
        "accumulated_operating_revenue_yoy": 23.243322759562187, 
        "accumulated_operating_revenue": 2630662, 
        "long_term_average": 298723, 
        "date": "2013-09-30", 
        "operating_revenue": 401695, 
        "short_term_average": 305854
    }, 
    {
        "accumulated_operating_revenue_yoy": 18.74065139515329, 
        "accumulated_operating_revenue": 2886400, 
        "long_term_average": 295341, 
        "date": "2013-10-31", 
        "operating_revenue": 255738, 
        "short_term_average": 320007
    }, 
    {
        "accumulated_operating_revenue_yoy": 16.540582281954038, 
        "accumulated_operating_revenue": 3160203, 
        "long_term_average": 294755, 
        "date": "2013-11-30", 
        "operating_revenue": 273803, 
        "short_term_average": 310412
    }, 
    {
        "accumulated_operating_revenue_yoy": 12.441052263835902, 
        "accumulated_operating_revenue": 3472788, 
        "long_term_average": 289399, 
        "date": "2013-12-31", 
        "operating_revenue": 312585, 
        "short_term_average": 280708
    }, 
    {
        "accumulated_operating_revenue_yoy": -16.907773041659965, 
        "accumulated_operating_revenue": 165307, 
        "long_term_average": 286595, 
        "date": "2014-01-31", 
        "operating_revenue": 165307, 
        "short_term_average": 250565
    }, 
    {
        "accumulated_operating_revenue_yoy": 4.510166763388702, 
        "accumulated_operating_revenue": 381784, 
        "long_term_average": 290772, 
        "date": "2014-02-28", 
        "operating_revenue": 216477, 
        "short_term_average": 231456
    }, 
    {
        "accumulated_operating_revenue_yoy": -10.8983573611712, 
        "accumulated_operating_revenue": 638440, 
        "long_term_average": 282891, 
        "date": "2014-03-31", 
        "operating_revenue": 256656, 
        "short_term_average": 212813
    }, 
    {
        "accumulated_operating_revenue_yoy": -7.852363258652047, 
        "accumulated_operating_revenue": 919075, 
        "long_term_average": 282872, 
        "date": "2014-04-30", 
        "operating_revenue": 280635, 
        "short_term_average": 251256
    }, 
    {
        "accumulated_operating_revenue_yoy": -10.051090908243092, 
        "accumulated_operating_revenue": 1157396, 
        "long_term_average": 278621, 
        "date": "2014-05-31", 
        "operating_revenue": 238321, 
        "short_term_average": 258537
    }, 
    {
        "accumulated_operating_revenue_yoy": -9.17133754169347, 
        "accumulated_operating_revenue": 1555984, 
        "long_term_average": 276306, 
        "date": "2014-06-30", 
        "operating_revenue": 398588, 
        "short_term_average": 305848
    }, 
    {
        "accumulated_operating_revenue_yoy": -10.524466122432877, 
        "accumulated_operating_revenue": 1723637, 
        "long_term_average": 272503, 
        "date": "2014-07-31", 
        "operating_revenue": 167653, 
        "short_term_average": 268187
    }, 
    {
        "accumulated_operating_revenue_yoy": -12.195200736484658, 
        "accumulated_operating_revenue": 1957140, 
        "long_term_average": 266746, 
        "date": "2014-08-31", 
        "operating_revenue": 233503, 
        "short_term_average": 266581
    }, 
    {
        "accumulated_operating_revenue_yoy": -16.458442779802194, 
        "accumulated_operating_revenue": 2197696, 
        "long_term_average": 253318, 
        "date": "2014-09-30", 
        "operating_revenue": 240556, 
        "short_term_average": 213904
    }, 
    {
        "accumulated_operating_revenue_yoy": -16.76586751662971, 
        "accumulated_operating_revenue": 2402470, 
        "long_term_average": 249071, 
        "date": "2014-10-31", 
        "operating_revenue": 204774, 
        "short_term_average": 226277
    }, 
    {
        "accumulated_operating_revenue_yoy": -16.347873854939067, 
        "accumulated_operating_revenue": 2643577, 
        "long_term_average": 246346, 
        "date": "2014-11-30", 
        "operating_revenue": 241107, 
        "short_term_average": 228812
    }, 
    {
        "accumulated_operating_revenue_yoy": -16.830742331521535, 
        "accumulated_operating_revenue": 2888292, 
        "long_term_average": 240691, 
        "date": "2014-12-31", 
        "operating_revenue": 244715, 
        "short_term_average": 230198
    }, 
    {
        "accumulated_operating_revenue_yoy": 21.285245028946143, 
        "accumulated_operating_revenue": 200493, 
        "long_term_average": 243623, 
        "date": "2015-01-31", 
        "operating_revenue": 200493, 
        "short_term_average": 228771
    }, 
    {
        "accumulated_operating_revenue_yoy": 9.56588018355929, 
        "accumulated_operating_revenue": 418305, 
        "long_term_average": 243734, 
        "date": "2015-02-28", 
        "operating_revenue": 217812, 
        "short_term_average": 221006
    }, 
    {
        "accumulated_operating_revenue_yoy": 8.156913727210075, 
        "accumulated_operating_revenue": 690517, 
        "long_term_average": 245030, 
        "date": "2015-03-31", 
        "operating_revenue": 272212, 
        "short_term_average": 230172
    }, 
    {
        "accumulated_operating_revenue_yoy": -3.7140603323994235, 
        "accumulated_operating_revenue": 884940, 
        "long_term_average": 237846, 
        "date": "2015-04-30", 
        "operating_revenue": 194423, 
        "short_term_average": 228149
    }, 
    {
        "accumulated_operating_revenue_yoy": -3.212729264659633, 
        "accumulated_operating_revenue": 1120212, 
        "long_term_average": 237592, 
        "date": "2015-05-31", 
        "operating_revenue": 235272, 
        "short_term_average": 233969
    }, 
    {
        "accumulated_operating_revenue_yoy": -10.576265565712758, 
        "accumulated_operating_revenue": 1391419, 
        "long_term_average": 226977, 
        "date": "2015-06-30", 
        "operating_revenue": 271207, 
        "short_term_average": 233634
    }, 
    {
        "accumulated_operating_revenue_yoy": -8.57912657943639, 
        "accumulated_operating_revenue": 1575764, 
        "long_term_average": 228368, 
        "date": "2015-07-31", 
        "operating_revenue": 184345, 
        "short_term_average": 230274
    }, 
    {
        "accumulated_operating_revenue_yoy": -5.582942456850302, 
        "accumulated_operating_revenue": 1847874, 
        "long_term_average": 231585, 
        "date": "2015-08-31", 
        "operating_revenue": 272110, 
        "short_term_average": 242554
    }
]