[
    {
        "date": "2012-01-31", 
        "operating_revenue": 49199, 
        "accumulated_operating_revenue": 49199, 
        "long_term_average": 49199, 
        "short_term_average": 49199
    }, 
    {
        "date": "2012-02-29", 
        "operating_revenue": 49159, 
        "accumulated_operating_revenue": 98358, 
        "long_term_average": 49179, 
        "short_term_average": 49179
    }, 
    {
        "date": "2012-03-31", 
        "operating_revenue": 122107, 
        "accumulated_operating_revenue": 220465, 
        "long_term_average": 73488, 
        "short_term_average": 73488
    }, 
    {
        "date": "2012-04-30", 
        "operating_revenue": 83870, 
        "accumulated_operating_revenue": 304335, 
        "long_term_average": 76083, 
        "short_term_average": 85045
    }, 
    {
        "date": "2012-05-31", 
        "operating_revenue": 81622, 
        "accumulated_operating_revenue": 385957, 
        "long_term_average": 77191, 
        "short_term_average": 95866
    }, 
    {
        "date": "2012-06-30", 
        "operating_revenue": 72834, 
        "accumulated_operating_revenue": 458791, 
        "long_term_average": 76465, 
        "short_term_average": 79442
    }, 
    {
        "date": "2012-07-31", 
        "operating_revenue": 75905, 
        "accumulated_operating_revenue": 534696, 
        "long_term_average": 76385, 
        "short_term_average": 76787
    }, 
    {
        "date": "2012-08-31", 
        "operating_revenue": 64827, 
        "accumulated_operating_revenue": 599523, 
        "long_term_average": 74940, 
        "short_term_average": 71188
    }, 
    {
        "date": "2012-09-30", 
        "operating_revenue": 67095, 
        "accumulated_operating_revenue": 666618, 
        "long_term_average": 74068, 
        "short_term_average": 69275
    }, 
    {
        "date": "2012-10-31", 
        "operating_revenue": 72560, 
        "accumulated_operating_revenue": 739178, 
        "long_term_average": 73917, 
        "short_term_average": 68160
    }, 
    {
        "date": "2012-11-30", 
        "operating_revenue": 45292, 
        "accumulated_operating_revenue": 784470, 
        "long_term_average": 71315, 
        "short_term_average": 61649
    }, 
    {
        "date": "2012-12-31", 
        "operating_revenue": 46186, 
        "accumulated_operating_revenue": 830656, 
        "long_term_average": 69221, 
        "short_term_average": 54679
    }, 
    {
        "accumulated_operating_revenue_yoy": 6.77859306083457, 
        "accumulated_operating_revenue": 52534, 
        "long_term_average": 69499, 
        "date": "2013-01-31", 
        "operating_revenue": 52534, 
        "short_term_average": 48004
    }, 
    {
        "accumulated_operating_revenue_yoy": -3.9539234225990767, 
        "accumulated_operating_revenue": 94469, 
        "long_term_average": 68897, 
        "date": "2013-02-28", 
        "operating_revenue": 41935, 
        "short_term_average": 46885
    }, 
    {
        "accumulated_operating_revenue_yoy": -29.190120880865443, 
        "accumulated_operating_revenue": 156111, 
        "long_term_average": 63858, 
        "date": "2013-03-31", 
        "operating_revenue": 61642, 
        "short_term_average": 52037
    }, 
    {
        "accumulated_operating_revenue_yoy": -25.37532653161812, 
        "accumulated_operating_revenue": 227109, 
        "long_term_average": 62785, 
        "date": "2013-04-30", 
        "operating_revenue": 70998, 
        "short_term_average": 58191
    }, 
    {
        "accumulated_operating_revenue_yoy": -20.038501698375725, 
        "accumulated_operating_revenue": 308617, 
        "long_term_average": 62776, 
        "date": "2013-05-31", 
        "operating_revenue": 81508, 
        "short_term_average": 71382
    }, 
    {
        "accumulated_operating_revenue_yoy": -18.668413286224013, 
        "accumulated_operating_revenue": 373142, 
        "long_term_average": 62083, 
        "date": "2013-06-30", 
        "operating_revenue": 64525, 
        "short_term_average": 72343
    }, 
    {
        "accumulated_operating_revenue_yoy": -18.602907072429943, 
        "accumulated_operating_revenue": 435227, 
        "long_term_average": 60932, 
        "date": "2013-07-31", 
        "operating_revenue": 62085, 
        "short_term_average": 69372
    }, 
    {
        "accumulated_operating_revenue_yoy": -17.236369580483153, 
        "accumulated_operating_revenue": 496187, 
        "long_term_average": 60610, 
        "date": "2013-08-31", 
        "operating_revenue": 60960, 
        "short_term_average": 62523
    }, 
    {
        "accumulated_operating_revenue_yoy": -16.51950592393245, 
        "accumulated_operating_revenue": 556496, 
        "long_term_average": 60044, 
        "date": "2013-09-30", 
        "operating_revenue": 60309, 
        "short_term_average": 61118
    }, 
    {
        "accumulated_operating_revenue_yoy": -16.38306334874685, 
        "accumulated_operating_revenue": 618078, 
        "long_term_average": 59129, 
        "date": "2013-10-31", 
        "operating_revenue": 61582, 
        "short_term_average": 60950
    }, 
    {
        "accumulated_operating_revenue_yoy": -13.777327367522021, 
        "accumulated_operating_revenue": 676391, 
        "long_term_average": 60214, 
        "date": "2013-11-30", 
        "operating_revenue": 58313, 
        "short_term_average": 60068
    }, 
    {
        "accumulated_operating_revenue_yoy": -11.876035326296325, 
        "accumulated_operating_revenue": 732007, 
        "long_term_average": 61000, 
        "date": "2013-12-31", 
        "operating_revenue": 55616, 
        "short_term_average": 58503
    }, 
    {
        "accumulated_operating_revenue_yoy": -22.56824151977767, 
        "accumulated_operating_revenue": 40678, 
        "long_term_average": 60012, 
        "date": "2014-01-31", 
        "operating_revenue": 40678, 
        "short_term_average": 51535
    }, 
    {
        "accumulated_operating_revenue_yoy": -17.52955996146884, 
        "accumulated_operating_revenue": 77909, 
        "long_term_average": 59620, 
        "date": "2014-02-28", 
        "operating_revenue": 37231, 
        "short_term_average": 44508
    }, 
    {
        "accumulated_operating_revenue_yoy": -12.384777498062276, 
        "accumulated_operating_revenue": 136777, 
        "long_term_average": 59389, 
        "date": "2014-03-31", 
        "operating_revenue": 58868, 
        "short_term_average": 45592
    }, 
    {
        "accumulated_operating_revenue_yoy": -11.121091634413432, 
        "accumulated_operating_revenue": 201852, 
        "long_term_average": 58895, 
        "date": "2014-04-30", 
        "operating_revenue": 65075, 
        "short_term_average": 53724
    }, 
    {
        "accumulated_operating_revenue_yoy": -16.00430306820428, 
        "accumulated_operating_revenue": 259225, 
        "long_term_average": 56884, 
        "date": "2014-05-31", 
        "operating_revenue": 57373, 
        "short_term_average": 60438
    }, 
    {
        "accumulated_operating_revenue_yoy": -16.828446007150095, 
        "accumulated_operating_revenue": 310348, 
        "long_term_average": 55767, 
        "date": "2014-06-30", 
        "operating_revenue": 51123, 
        "short_term_average": 57857
    }, 
    {
        "accumulated_operating_revenue_yoy": -16.45325312997585, 
        "accumulated_operating_revenue": 363618, 
        "long_term_average": 55033, 
        "date": "2014-07-31", 
        "operating_revenue": 53270, 
        "short_term_average": 53922
    }, 
    {
        "accumulated_operating_revenue_yoy": -16.23500817232213, 
        "accumulated_operating_revenue": 415631, 
        "long_term_average": 54287, 
        "date": "2014-08-31", 
        "operating_revenue": 52013, 
        "short_term_average": 52135
    }, 
    {
        "accumulated_operating_revenue_yoy": -17.647566199936747, 
        "accumulated_operating_revenue": 458288, 
        "long_term_average": 52816, 
        "date": "2014-09-30", 
        "operating_revenue": 42657, 
        "short_term_average": 49313
    }, 
    {
        "accumulated_operating_revenue_yoy": -16.34308291186549, 
        "accumulated_operating_revenue": 517065, 
        "long_term_average": 52582, 
        "date": "2014-10-31", 
        "operating_revenue": 58777, 
        "short_term_average": 51149
    }, 
    {
        "accumulated_operating_revenue_yoy": -16.374996119108623, 
        "accumulated_operating_revenue": 565632, 
        "long_term_average": 51770, 
        "date": "2014-11-30", 
        "operating_revenue": 48567, 
        "short_term_average": 50000
    }, 
    {
        "accumulated_operating_revenue_yoy": -16.54601663645293, 
        "accumulated_operating_revenue": 610889, 
        "long_term_average": 50907, 
        "date": "2014-12-31", 
        "operating_revenue": 45257, 
        "short_term_average": 50867
    }, 
    {
        "accumulated_operating_revenue_yoy": -2.3968730026058314, 
        "accumulated_operating_revenue": 39703, 
        "long_term_average": 50826, 
        "date": "2015-01-31", 
        "operating_revenue": 39703, 
        "short_term_average": 44509
    }, 
    {
        "accumulated_operating_revenue_yoy": -3.5656984430553598, 
        "accumulated_operating_revenue": 75131, 
        "long_term_average": 50675, 
        "date": "2015-02-28", 
        "operating_revenue": 35428, 
        "short_term_average": 40129
    }, 
    {
        "accumulated_operating_revenue_yoy": -4.015294969183415, 
        "accumulated_operating_revenue": 131285, 
        "long_term_average": 50449, 
        "date": "2015-03-31", 
        "operating_revenue": 56154, 
        "short_term_average": 43761
    }, 
    {
        "accumulated_operating_revenue_yoy": -7.2766185125735685, 
        "accumulated_operating_revenue": 187164, 
        "long_term_average": 49683, 
        "date": "2015-04-30", 
        "operating_revenue": 55879, 
        "short_term_average": 49153
    }, 
    {
        "accumulated_operating_revenue_yoy": -9.121805381425403, 
        "accumulated_operating_revenue": 235579, 
        "long_term_average": 48936, 
        "date": "2015-05-31", 
        "operating_revenue": 48415, 
        "short_term_average": 53482
    }, 
    {
        "accumulated_operating_revenue_yoy": -8.988941446376327, 
        "accumulated_operating_revenue": 282451, 
        "long_term_average": 48582, 
        "date": "2015-06-30", 
        "operating_revenue": 46872, 
        "short_term_average": 50388
    }, 
    {
        "accumulated_operating_revenue_yoy": -10.59298494573976, 
        "accumulated_operating_revenue": 325100, 
        "long_term_average": 47697, 
        "date": "2015-07-31", 
        "operating_revenue": 42649, 
        "short_term_average": 45978
    }, 
    {
        "accumulated_operating_revenue_yoy": -12.7964468482861, 
        "accumulated_operating_revenue": 362445, 
        "long_term_average": 46475, 
        "date": "2015-08-31", 
        "operating_revenue": 37345, 
        "short_term_average": 42288
    }, 
    {
        "accumulated_operating_revenue_yoy": -12.87356422162483, 
        "accumulated_operating_revenue": 399290, 
        "long_term_average": 45990, 
        "date": "2015-09-30", 
        "operating_revenue": 36845, 
        "short_term_average": 38946
    }
]