[
    {
        "date": "2012-01-31", 
        "operating_revenue": 435999, 
        "accumulated_operating_revenue": 435999, 
        "long_term_average": 435999, 
        "short_term_average": 435999
    }, 
    {
        "date": "2012-02-29", 
        "operating_revenue": 425615, 
        "accumulated_operating_revenue": 861614, 
        "long_term_average": 430807, 
        "short_term_average": 430807
    }, 
    {
        "date": "2012-03-31", 
        "operating_revenue": 425643, 
        "accumulated_operating_revenue": 1287257, 
        "long_term_average": 429085, 
        "short_term_average": 429085
    }, 
    {
        "date": "2012-04-30", 
        "operating_revenue": 441721, 
        "accumulated_operating_revenue": 1728978, 
        "long_term_average": 432244, 
        "short_term_average": 430993
    }, 
    {
        "date": "2012-05-31", 
        "operating_revenue": 345008, 
        "accumulated_operating_revenue": 2073986, 
        "long_term_average": 414797, 
        "short_term_average": 404124
    }, 
    {
        "date": "2012-06-30", 
        "operating_revenue": 259044, 
        "accumulated_operating_revenue": 2333030, 
        "long_term_average": 388838, 
        "short_term_average": 348591
    }, 
    {
        "date": "2012-07-31", 
        "operating_revenue": 358743, 
        "accumulated_operating_revenue": 2691773, 
        "long_term_average": 384539, 
        "short_term_average": 320931
    }, 
    {
        "date": "2012-08-31", 
        "operating_revenue": 293609, 
        "accumulated_operating_revenue": 2985382, 
        "long_term_average": 373172, 
        "short_term_average": 303798
    }, 
    {
        "date": "2012-09-30", 
        "operating_revenue": 359055, 
        "accumulated_operating_revenue": 3344437, 
        "long_term_average": 371604, 
        "short_term_average": 337135
    }, 
    {
        "date": "2012-10-31", 
        "operating_revenue": 335061, 
        "accumulated_operating_revenue": 3679498, 
        "long_term_average": 367949, 
        "short_term_average": 329241
    }, 
    {
        "date": "2012-11-30", 
        "operating_revenue": 274638, 
        "accumulated_operating_revenue": 3954136, 
        "long_term_average": 359466, 
        "short_term_average": 322918
    }, 
    {
        "date": "2012-12-31", 
        "operating_revenue": 332739, 
        "accumulated_operating_revenue": 4286875, 
        "long_term_average": 357239, 
        "short_term_average": 314146
    }, 
    {
        "accumulated_operating_revenue_yoy": -31.45030149151718, 
        "accumulated_operating_revenue": 298876, 
        "long_term_average": 345812, 
        "date": "2013-01-31", 
        "operating_revenue": 298876, 
        "short_term_average": 302084
    }, 
    {
        "accumulated_operating_revenue_yoy": -27.35981541618405, 
        "accumulated_operating_revenue": 625878, 
        "long_term_average": 337594, 
        "date": "2013-02-28", 
        "operating_revenue": 327002, 
        "short_term_average": 319539
    }, 
    {
        "accumulated_operating_revenue_yoy": -26.996784635857484, 
        "accumulated_operating_revenue": 939739, 
        "long_term_average": 328279, 
        "date": "2013-03-31", 
        "operating_revenue": 313861, 
        "short_term_average": 313246
    }, 
    {
        "accumulated_operating_revenue_yoy": -31.676111552605065, 
        "accumulated_operating_revenue": 1181305, 
        "long_term_average": 311600, 
        "date": "2013-04-30", 
        "operating_revenue": 241566, 
        "short_term_average": 294143
    }, 
    {
        "accumulated_operating_revenue_yoy": -30.90179972285252, 
        "accumulated_operating_revenue": 1433087, 
        "long_term_average": 303831, 
        "date": "2013-05-31", 
        "operating_revenue": 251782, 
        "short_term_average": 269069
    }, 
    {
        "accumulated_operating_revenue_yoy": -26.844018293806766, 
        "accumulated_operating_revenue": 1706751, 
        "long_term_average": 305049, 
        "date": "2013-06-30", 
        "operating_revenue": 273664, 
        "short_term_average": 255670
    }, 
    {
        "accumulated_operating_revenue_yoy": -30.104321575407734, 
        "accumulated_operating_revenue": 1881433, 
        "long_term_average": 289711, 
        "date": "2013-07-31", 
        "operating_revenue": 174682, 
        "short_term_average": 233376
    }, 
    {
        "accumulated_operating_revenue_yoy": -28.989891410881423, 
        "accumulated_operating_revenue": 2119923, 
        "long_term_average": 285118, 
        "date": "2013-08-31", 
        "operating_revenue": 238490, 
        "short_term_average": 228945
    }, 
    {
        "accumulated_operating_revenue_yoy": -31.669724979122048, 
        "accumulated_operating_revenue": 2285263, 
        "long_term_average": 268975, 
        "date": "2013-09-30", 
        "operating_revenue": 165340, 
        "short_term_average": 192837
    }, 
    {
        "accumulated_operating_revenue_yoy": -32.38876607624192, 
        "accumulated_operating_revenue": 2487754, 
        "long_term_average": 257927, 
        "date": "2013-10-31", 
        "operating_revenue": 202491, 
        "short_term_average": 202107
    }, 
    {
        "accumulated_operating_revenue_yoy": -32.620147612525216, 
        "accumulated_operating_revenue": 2664291, 
        "long_term_average": 249752, 
        "date": "2013-11-30", 
        "operating_revenue": 176537, 
        "short_term_average": 181456
    }, 
    {
        "accumulated_operating_revenue_yoy": -32.88449045050299, 
        "accumulated_operating_revenue": 2877158, 
        "long_term_average": 239763, 
        "date": "2013-12-31", 
        "operating_revenue": 212867, 
        "short_term_average": 197298
    }, 
    {
        "accumulated_operating_revenue_yoy": -34.242963637093645, 
        "accumulated_operating_revenue": 196532, 
        "long_term_average": 231234, 
        "date": "2014-01-31", 
        "operating_revenue": 196532, 
        "short_term_average": 195312
    }, 
    {
        "accumulated_operating_revenue_yoy": -45.69964114412074, 
        "accumulated_operating_revenue": 339854, 
        "long_term_average": 215927, 
        "date": "2014-02-28", 
        "operating_revenue": 143322, 
        "short_term_average": 184240
    }, 
    {
        "accumulated_operating_revenue_yoy": -42.587782352333996, 
        "accumulated_operating_revenue": 539525, 
        "long_term_average": 206412, 
        "date": "2014-03-31", 
        "operating_revenue": 199671, 
        "short_term_average": 179841
    }, 
    {
        "accumulated_operating_revenue_yoy": -37.39863964005909, 
        "accumulated_operating_revenue": 739513, 
        "long_term_average": 202947, 
        "date": "2014-04-30", 
        "operating_revenue": 199988, 
        "short_term_average": 180993
    }, 
    {
        "accumulated_operating_revenue_yoy": -34.32513169123717, 
        "accumulated_operating_revenue": 941178, 
        "long_term_average": 198770, 
        "date": "2014-05-31", 
        "operating_revenue": 201665, 
        "short_term_average": 200441
    }, 
    {
        "accumulated_operating_revenue_yoy": -27.378803352099983, 
        "accumulated_operating_revenue": 1239463, 
        "long_term_average": 200822, 
        "date": "2014-06-30", 
        "operating_revenue": 298285, 
        "short_term_average": 233312
    }, 
    {
        "accumulated_operating_revenue_yoy": -17.33364940446989, 
        "accumulated_operating_revenue": 1555312, 
        "long_term_average": 212586, 
        "date": "2014-07-31", 
        "operating_revenue": 315849, 
        "short_term_average": 271933
    }, 
    {
        "accumulated_operating_revenue_yoy": -15.41711656508279, 
        "accumulated_operating_revenue": 1793092, 
        "long_term_average": 212527, 
        "date": "2014-08-31", 
        "operating_revenue": 237780, 
        "short_term_average": 283971
    }, 
    {
        "accumulated_operating_revenue_yoy": -8.237345110825318, 
        "accumulated_operating_revenue": 2097018, 
        "long_term_average": 224076, 
        "date": "2014-09-30", 
        "operating_revenue": 303926, 
        "short_term_average": 285851
    }, 
    {
        "accumulated_operating_revenue_yoy": -6.0124513918980735, 
        "accumulated_operating_revenue": 2338179, 
        "long_term_average": 227298, 
        "date": "2014-10-31", 
        "operating_revenue": 241161, 
        "short_term_average": 260955
    }, 
    {
        "accumulated_operating_revenue_yoy": -6.660833970463437, 
        "accumulated_operating_revenue": 2486827, 
        "long_term_average": 224974, 
        "date": "2014-11-30", 
        "operating_revenue": 148648, 
        "short_term_average": 231245
    }, 
    {
        "accumulated_operating_revenue_yoy": -4.598530911406326, 
        "accumulated_operating_revenue": 2744851, 
        "long_term_average": 228737, 
        "date": "2014-12-31", 
        "operating_revenue": 258024, 
        "short_term_average": 215944
    }, 
    {
        "accumulated_operating_revenue_yoy": -4.430321779659292, 
        "accumulated_operating_revenue": 187825, 
        "long_term_average": 228012, 
        "date": "2015-01-31", 
        "operating_revenue": 187825, 
        "short_term_average": 198165
    }, 
    {
        "accumulated_operating_revenue_yoy": -3.297004007603265, 
        "accumulated_operating_revenue": 328649, 
        "long_term_average": 227803, 
        "date": "2015-02-28", 
        "operating_revenue": 140824, 
        "short_term_average": 195557
    }, 
    {
        "accumulated_operating_revenue_yoy": 2.7246188777165097, 
        "accumulated_operating_revenue": 554225, 
        "long_term_average": 229962, 
        "date": "2015-03-31", 
        "operating_revenue": 225576, 
        "short_term_average": 184741
    }, 
    {
        "accumulated_operating_revenue_yoy": 2.398335120545548, 
        "accumulated_operating_revenue": 757249, 
        "long_term_average": 230215, 
        "date": "2015-04-30", 
        "operating_revenue": 203024, 
        "short_term_average": 189808
    }, 
    {
        "accumulated_operating_revenue_yoy": 3.715662712048093, 
        "accumulated_operating_revenue": 976149, 
        "long_term_average": 231651, 
        "date": "2015-05-31", 
        "operating_revenue": 218900, 
        "short_term_average": 215833
    }, 
    {
        "accumulated_operating_revenue_yoy": -9.386080907618863, 
        "accumulated_operating_revenue": 1123126, 
        "long_term_average": 219042, 
        "date": "2015-06-30", 
        "operating_revenue": 146977, 
        "short_term_average": 189633
    }, 
    {
        "accumulated_operating_revenue_yoy": -15.768668923019947, 
        "accumulated_operating_revenue": 1310060, 
        "long_term_average": 208299, 
        "date": "2015-07-31", 
        "operating_revenue": 186934, 
        "short_term_average": 184270
    }, 
    {
        "accumulated_operating_revenue_yoy": -18.844654931258408, 
        "accumulated_operating_revenue": 1455190, 
        "long_term_average": 200579, 
        "date": "2015-08-31", 
        "operating_revenue": 145130, 
        "short_term_average": 159680
    }
]